1414 2435
574 84 698 114 LIBER
721 84 779 113 lx.
1237 86 1252 117 1,
1264 90 1274 110 t

84 145 254 181 Invisum
272 144 346 181 hoc
361 141 521 180 detrude
541 148 657 191 caput
675 139 747 178 sub
766 141 925 177 Tartara
942 141 1035 186 telo;

87 204 250 249 Quando
269 203 378 240 aliter
393 213 542 251 nequeo
561 200 754 238 crudelem
771 199 998 250 abrumpere
1018 199 1144 236 vitam.
1165 214 1179 230 u

86 267 169 301 Hoc
189 265 279 300 fletu
299 262 470 300 concussi
490 261 623 308 animi,
642 268 871 309 moestusque
890 273 959 310 per
978 259 1099 296 omnis

87 327 122 360 It
143 324 320 373 gemitu53
342 331 494 372 torpent
513 323 683 359 infractae
704 320 751 357 ad
770 320 900 371 praelia
919 321 1030 357 vires.

87 384 195 421 Illam
214 384 476 421 incendentem
493 384 617 420 luctus
637 381 760 419 Idaeus
778 390 815 418 et
834 384 970 426 Actor,
1237 388 1283 413 500

86 443 221 480 Ilionei
239 444 404 490 monitu,
423 452 460 480 et
477 443 637 479 multum
653 441 881 479 lacrimantis
898 440 988 485 Iuli,

88 504 333 554 Conripiunt,
353 504 527 553 interque
547 515 680 539 manus
700 501 770 539 sub
792 510 891 538 tecta
909 508 1110 550 reponunt.

140 567 190 600 At
207 564 299 600 tuba
319 563 527 600 terribilem
547 562 710 599 sonitum
731 562 866 612 procul
884 574 958 598 aere
975 571 1115 597 canoro

88 625 283 674 Increpuit
303 639 310 660 :
329 624 502 673 sequitur
520 623 681 668 clamor,
699 623 910 670 coelumque
930 620 1105 669 remugit.

89 684 315 720 Adcelerant
333 694 416 721 acta
434 684 578 734 pariter
597 681 784 719 testudine
803 680 951 725 Volsci,
1238 688 1284 712 505

89 745 136 780 Et
157 745 272 781 fossas
288 745 433 794 inplere
450 751 602 793 parant,
623 756 666 779 ac
684 742 824 779 vellere
843 741 996 778 vallum.

90 806 276 848 Quaerunt
294 816 381 853 pars
403 803 566 850 aditum,
587 810 625 839 et
647 802 754 839 scalis
773 801 1002 839 adscendere
1022 812 1173 845 muros,

91 865 176 909 Qua
194 875 282 899 rara
299 871 355 899 est
375 862 490 908 acies,
511 862 787 911 interlucetque
806 872 947 897 corona

90 1019 136 1024 —-
164 1001 241 1032 500.
275 1001 508 1031 Incendent-em
548 1001 658 1031 luctus.

89 1049 147 1078 Uti
167 1047 280 1077 ardere
294 1047 448 1077 dicuntur
466 1058 500 1077 ea
512 1069 520 1084 ,
538 1057 610 1087 quae
625 1048 660 1077 in

90 1103 205 1134 magno
235 1100 326 1123 motu
360 1100 454 1130 sunt,
483 1094 640 1134 agitantur
651 1115 660 1129 ,

91 1139 262 1169 turbantur
273 1162 281 1176 ‚
295 1145 478 1176 versantur,
497 1141 542 1169 sic
557 1139 662 1168 incen-

92 1185 167 1214 dere
189 1192 234 1215 est
253 1196 386 1226 augere,
403 1187 552 1215 excitare.
575 1184 659 1215 conf.

92 1232 150 1262 inf.
171 1231 294 1262 AEneid.
311 1231 368 1262 lib.
385 1233 432 1268 X,
450 1232 526 1270 895.

141 1279 205 1308 503
219 1300 227 1314 ,
254 1278 330 1312 504.
347 1277 498 1307 Praeclare
514 1276 553 1306 ad
570 1286 661 1305 revo-

90 1323 228 1352 candum
246 1334 263 1352 a
282 1333 418 1352 moerore
429 1344 437 1359 ,
457 1330 488 1352 et
505 1322 661 1361 recipien-

91 1368 169 1399 dum
201 1380 243 1399 ex
270 1376 333 1398 tam
360 1368 453 1409 longa
482 1368 663 1397 narratione

92 1416 233 1445 animum
245 1437 253 1452 ,
269 1416 370 1445 utitur
384 1414 529 1444 versibus
544 1412 582 1443 ad
595 1423 663 1442 mo-

90 1462 212 1491 vendos
238 1462 360 1490 animos
386 1461 508 1490 idoneis
525 1469 532 1490 :
549 1460 664 1499 prioris

89 1508 188 1538 lineas
204 1507 315 1537 ductas
332 1517 397 1537 esse
413 1517 454 1537 ex
471 1506 527 1536 illo
547 1506 661 1541 Ennii,

91 1563 129 1582 ac
148 1554 223 1584 tuba
247 1553 382 1583 terribili
396 1552 500 1582 sonitu
517 1558 663 1582 taratan-

91 1608 164 1629 tara
177 1599 279 1636 dixit,
300 1610 409 1630 omnes
424 1608 576 1629 monuere
591 1604 663 1637 post

91 1646 306 1676 Macrobium.
335 1645 496 1685 Ine-tepuit
527 1643 662 1674 sonitum

92 1698 129 1720 ut
139 1713 147 1728 ‚
167 1692 274 1721 sonuit
287 1692 429 1720 sonitum
443 1700 450 1721 :
473 1690 528 1720 sed
546 1690 664 1719 varian—

94 1737 155 1774 d0;
191 1736 333 1767 sonando
362 1737 482 1773 emisit,
504 1736 589 1766 fecit.
617 1753 663 1758 -

95 1784 172 1814 505.
205 1785 244 1813 Iu
270 1782 426 1813 testudine
452 1793 591 1824 egressus
617 1788 664 1811 est

93 1831 294 1860 Homericam
307 1826 513 1870 τειχομαχίαν
528 1827 616 1857 Iliad.
628 1838 662 1869 μ,

94 1877 160 1912 443
177 1887 237 1916 sq„
256 1887 328 1917 quae
340 1877 375 1904 in
388 1875 450 1905 hoc
464 1882 495 1905 et
507 1884 575 1915 sqq.
591 1884 663 1914 poe-

94 1929 134 1952 tae
145 1924 252 1954 animo
263 1922 400 1952 insidere
413 1922 540 1957 debuit,
562 1921 610 1950 uti
623 1931 663 1949 ex

94 1971 191 2000 multa
206 1969 343 1999 lectione
356 1969 531 2008 unicuique
545 1966 664 1996 accide-

94 2027 128 2046 re
152 2026 278 2047 necesse
299 2022 346 2045 est
359 2025 366 2046 :
381 2014 569 2046 testudinem
592 2024 665 2055 age-

95 2073 146 2099 re,
172 2069 336 2092 scutorum
357 2063 544 2100 junctorum
571 2059 665 2101 (nam

97 2107 136 2138 de
151 2108 297 2138 machina
322 2108 426 2138 multo
449 2108 556 2137 minus
579 2107 664 2148 cogi-

95 2161 160 2188 tare
183 2154 278 2196 licet)
289 2177 298 2192 ‚
329 2155 460 2193 Trojani
488 2160 520 2183 et
548 2152 665 2184 Achivi

94 2200 239 2231 nondum
257 2207 383 2232 norant.
399 2202 481 2232 Mox
502 2201 666 2241 Messapus

713 1014 744 1033 v.
763 1000 828 1030 523
842 999 1006 1030 Homerici
1019 997 1206 1038 Sarpedonis
1219 1007 1285 1037 par·-

713 1056 760 1079 tes
773 1049 881 1089 explet
893 1046 982 1076 Iliad.
998 1057 1021 1088 μ
1032 1069 1041 1081 ,
1061 1045 1123 1082 387
1139 1054 1185 1084 sq.
1196 1044 1288 1074 ‘Vols-

714 1097 742 1126 ci
772 1094 972 1125 ducebantur
998 1103 1014 1122 a
1042 1090 1192 1127 Camjlla3
1216 1102 1284 1132 sup,

713 1143 795 1180 VII,
814 1141 891 1171 803.
908 1141 1056 1170 Ceterum
1076 1147 1190 1166 novam
1206 1139 1285 1168 Tro-

711 1188 792 1226 jam,
810 1187 923 1217 urbem
935 1208 942 1221 ‚
968 1191 1062 1225 poeta
1082 1185 1126 1213 ita
1147 1183 1286 1224 descrip-

714 1235 773 1271 sit,
801 1240 837 1262 ut
859 1231 955 1262 simul
982 1237 1157 1260 castrorum
1185 1230 1287 1259 vicem

714 1290 748 1308 ea
765 1279 904 1321 praebere
919 1283 1042 1316 posset3
1058 1276 1080 1304 l.
1097 1277 1160 1304 VII
1172 1297 1179 1311 ,
1199 1276 1259 1313 157
1278 1287 1286 1307 2

715 1326 787 1366 Ipse
827 1323 944 1353 humili
979 1321 1130 1362 designat
1170 1323 1286 1351 moenia

716 1373 816 1407 fossa,
841 1369 1036 1408 Illoliturque
1064 1367 1187 1402 locum,
1216 1368 1285 1408 pri.

718 1427 850 1458 masque
874 1415 907 1445 in
935 1414 1025 1444 litore
1049 1413 1139 1442 sedes
1163 1413 1287 1445 Castro-

717 1475 790 1494 rum
810 1464 841 1493 in
861 1471 979 1491 morem
999 1460 1107 1500 pinnis
1128 1466 1222 1499 atque
1237 1471 1287 1502 ag-

718 1521 790 1551 gere
814 1508 922 1550 cingit.
949 1509 1060 1547 Itaque
1087 1506 1172 1536 libro
1199 1517 1288 1538 nono

716 1568 757 1587 ex
771 1559 876 1586 AEneae
894 1560 1053 1595 praecepto
1066 1563 1134 1582 non
1146 1554 1180 1582 in
1192 1555 1290 1584 aciem

715 1602 897 1644 procedunt
910 1600 1038 1632 Rutulis
1050 1598 1273 1630 accedentibus
1281 1624 1289 1637 ‚

715 1649 770 1680 sed
783 1655 890 1679 castra
907 1655 939 1677 et
951 1654 1033 1676 tutos
1047 1656 1169 1675 servare
1188 1657 1286 1687 agge-

716 1706 750 1725 re
776 1705 880 1725 muros
902 1693 1041 1723 student.
1062 1693 1136 1721 Erat
1161 1699 1264 1721 autem
1278 1716 1285 1728 ‚

716 1748 872 1782 quantum
890 1739 1003 1775 video,
1023 1748 1064 1767 ex
1086 1731 1188 1777 poe'tae
1203 1747 1290 1766 nien-

716 1794 765 1823 te,
786 1786 866 1816 fossa
890 1785 985 1814 ducta
1007 1794 1078 1812 cum
1104 1793 1213 1823 aggere
1232 1793 1287 1812 seu

716 1833 818 1868 vallo;
842 1842 882 1860 ex
907 1830 1007 1859 humo
1035 1835 1176 1869 aggesta,
1198 1829 1287 1859 vallis

716 1888 772 1908 seu
786 1876 948 1917 stipitibus
962 1873 1119 1916 praefixis3
1136 1875 1218 1904 vallo
1233 1876 1288 1904 im-

716 1925 837 1965 positus
856 1929 922 1952 erat
941 1932 1071 1957 murus,
1090 1921 1232 1950 turribus
1248 1931 1287 1950 ex

716 1970 890 2000 intervallis
909 1968 1085 1997 distinctus.
1102 1968 1213 2007 Itaque
1231 1977 1287 2007 op·

716 2017 870 2057 pugnatio
894 2016 937 2044 ita
956 2014 1152 2050 instituitur,
1172 2018 1208 2042 ut
1222 2014 1287 2053 pri-

718 2073 806 2092 mum
831 2062 883 2091 alii
905 2059 1062 2090 testudine
1083 2058 1162 2088 facta
1179 2069 1287 2088 succe-

719 2109 812 2145 dere,
830 2108 942 2138 fossam
970 2105 1102 2146 implere
1128 2115 1162 2135 ac
1188 2105 1288 2135 vallos

718 2154 912 2191 convellere3
938 2153 1007 2190 alii,
1026 2163 1086 2192 qua
1109 2158 1198 2192 parte
1217 2161 1285 2180 mu-

718 2212 772 2233 rus
793 2201 932 2232 nudatus
956 2206 1039 2236 erat,
1064 2198 1160 2228 scalas
1181 2196 1286 2227 admo-

1113 2263 1128 2275 1

1086 2273 1109 2308 4
