1414 2435
158 93 221 121 302

658 82 856 112 AENEIDOS

153 149 410 188 Tollentemve
428 153 544 178 manu
563 151 774 187 saxumque
792 139 944 175 inmane
965 148 1202 187 moventem;

157 215 290 248 Genua
305 204 454 249 labant,
474 200 619 251 gelidus
639 199 834 236 concrevit
853 199 995 250 frigore
1013 201 1165 250 sanguis
1186 215 1195 236 z
1314 210 1362 243 90⁵

155 273 251 306 Tum
267 266 362 316 lapis
379 265 462 314 ipse
477 260 570 308 viri,
588 272 754 296 vacuum
772 272 842 309 per
859 259 972 297 inane
992 260 1165 308 volutus,

155 331 234 366 Nec
251 326 415 377 spatium
433 322 553 360 evasit
569 329 715 367 totum,
734 333 805 356 nec
821 321 979 370 pertulit
999 321 1129 358 ictum.

156 393 210 425 Ac
228 387 333 424 velut
351 386 391 422 in
408 383 567 430 somnis,
587 382 718 419 oculos
737 380 806 418 ubi
822 381 1002 431 languida
1019 382 1156 431 pressit

157 453 277 487 Nocte
298 446 424 498 quies,
443 444 704 495 nequidquam
724 442 855 480 avidos
878 442 1084 480 extendere
1101 456 1234 481 cursus

157 511 262 547 Velle
278 508 474 554 videmur,
495 515 534 544 et
552 506 592 543 in
613 504 747 542 mediis
767 503 968 542 conatibus
989 503 1082 553 aegri
1318 521 1366 545 910

161 570 418 615 Succidimus;
440 580 519 605 non
534 567 664 618 lingua
684 567 804 614 valet,
825 579 902 603 non
919 578 1084 617 corpore
1102 573 1202 603 notae

160 631 363 670 Sufficiunt
381 629 501 675 vires,
520 641 590 665 nec
610 640 707 673 vox,
730 636 795 663 aut
814 627 935 664 verba
953 635 1167 676 sequuntur
1186 640 1192 661 :

160 696 221 733 Sic
241 698 372 731 Turno
385 722 394 739 ‚
416 703 657 741 quacumque
675 689 778 726 viam
796 689 941 726 virtute
961 690 1117 738 petivit,

162 759 386 793 Successum
406 751 476 787 dea
495 751 579 786 dira
595 758 708 798 negat
729 764 737 784 :
759 758 840 785 tum
859 758 1017 798 pectore
1036 763 1167 787 sensus

159 818 373 852 Vertuntur
388 809 488 845 varii
508 823 516 844 ε
536 808 699 844 Rutulos
720 807 915 856 adspectat
935 816 972 846 et
991 809 1146 856 urbem,
1320 817 1369 851 915

160 877 446 918 Cunctaturque
465 875 590 913 metu,
609 867 803 915 telumque
821 867 962 903 instare
982 869 1164 905 tremiscit
1171 883 1182 913 3

161 936 241 971 Nec
259 943 335 982 quo
353 943 392 967 se
412 927 569 977 eripiat,
589 939 659 964 nec
680 940 755 976 qua
773 927 812 963 vi
831 927 961 964 tendat
981 928 1021 964 in
1040 928 1208 975 hostem,

163 996 242 1030 Nec
263 1002 398 1028 currus
418 1001 579 1038 usquam
597 986 721 1032 videt,
742 987 963 1037 aurIgamve
981 1001 1163 1027 sororem.

164 1050 365 1091 Cunctanti
386 1049 502 1086 telum
519 1050 656 1085 AEneas
677 1048 788 1085 fatale
807 1059 1000 1096 coruscat,

165 1113 331 1151 Sortitus
353 1111 545 1147 fortunam
565 1108 704 1155 oculis3
724 1117 761 1146 et
781 1121 944 1159 corpore
965 1119 1046 1147 toto
1323 1130 1372 1154 92..

160 1174 317 1210 Eminus
338 1171 532 1220 intorquet
551 1186 558 1206 :
580 1169 716 1207 murali
736 1170 885 1207 concita
905 1183 1100 1221 nunquam
1322 1176 1325 1177 ⁷

162 1237 369 1271 Tormento
390 1232 443 1268 sic
461 1244 551 1268 saxa
570 1231 753 1277 fremunt,
773 1244 844 1268 nec
862 1231 1018 1269 fulmine
1038 1233 1133 1269 tanti

165 1293 373 1331 Dissultant
390 1292 558 1341 crepitus
577 1307 584 1327 :
607 1291 709 1328 volat
731 1292 803 1329 atri
821 1291 985 1330 turbinis
1005 1293 1123 1330 instar

164 1467 360 1497 «tutioribus
380 1467 498 1507 linguis
516 1477 522 1496 :
541 1477 574 1495 se
590 1477 652 1495 non
666 1477 738 1508 cog-

167 1524 305 1543 noscere.
322 1530 368 1535 —-
388 1519 466 1553 904.
498 1512 740 1554 Tollentemque

165 1560 274 1596 multi,
289 1561 401 1590 vitiose
413 1583 420 1597 ,
436 1561 543 1600 etipse
554 1559 739 1589 Mediccus:

163 1607 219 1646 qui
234 1613 265 1635 et
283 1616 450 1647 perperam
468 1608 502 1636 T.
524 1616 659 1642 manus,
678 1616 740 1636 sec.

164 1653 282 1682 Moret.
307 1663 448 1682 manum.
472 1654 555 1682 Tum
587 1662 740 1681 saxumve

166 1698 284 1729 Medic.
296 1699 431 1729 Dori-ill.

213 1746 278 1785 908
291 1756 358 1786 sqq.
375 1746 505 1787 Egregie
520 1745 647 1775 ornavit
659 1755 741 1774 com-

165 1793 360 1832 parationem
375 1802 432 1833 per
444 1802 476 1822 se
488 1791 664 1830 jucundam
676 1814 684 1827 ‚
700 1802 741 1821 cx

169 1839 254 1869 Iliad.
277 1851 318 1879 χ,
350 1850 412 1879 ¹99
437 1849 505 1879 sqq.
538 1839 587 1868 Ex
604 1838 740 1879 Virgilio

164 1896 351 1926 expressum
369 1892 484 1926 putant
502 1885 607 1915 locum
622 1886 739 1926 Oppia-

164 1932 343 1963 nillalieut.
357 1933 386 1962 11
397 1955 405 1967 ,
419 1933 435 1961 8
446 1932 566 1962 1—85.
577 1934 631 1962 Est
644 1933 738 1962 ctiam

169 1979 331 2019 Apollonii
351 1979 461 2009 similis
485 1980 576 2009 locus
601 1979 660 2010 lib.
684 1980 737 2015 11,

167 2036 182 2054 ἰ
191 2036 205 2062 7
214 2027 244 2056 8.
255 2044 301 2049 —-
313 2027 390 2067 913.
407 2027 639 2067 Quamcunque
649 2025 739 2056 vlam

167 2083 235 2100 enm
252 2072 357 2103 iniisse
369 2096 376 2107 ,
395 2073 517 2114 vulgari
532 2072 629 2103 modo
644 2072 738 2103 dices.

165 2133 212 2140 —
223 2125 285 2157 911,
302 2143 309 2155 ,
321 2132 340 2160 9
351 2131 359 2149 1
371 2120 400 2150 5.
411 2121 539 2150 Dictum
549 2121 738 2161 exquisitius

166 2174 225 2204 pro
245 2165 436 2196 sollenninrc
455 2177 462 2196 z
485 2167 597 2202 vertit,
619 2173 736 2202 versat.

166 2212 249 2240 varin
288 2212 417 2242 consilia
428 2236 435 2247 ,
469 2224 576 2244 sensus
587 2236 594 2246 .
630 2215 736 2244 animo

794 1469 934 1498 Turnus.
950 1470 1072 1509 -915
1091 1480 1160 1509 sqq.
1179 1470 1304 1510 Species
1320 1481 1370 1500 ea-

795 1513 868 1543 dem
885 1516 1032 1545 Hectoris
1047 1515 1138 1545 Iliad.
1159 1527 1197 1556 χ,
1217 1517 1281 1557 293
1301 1527 1370 1558 sqq.

794 1571 867 1599 —9
876 1561 926 1590 16.
941 1561 1201 1602 Cnnctanturqne
1215 1563 1293 1592 alter
1305 1564 1372 1592 Me-

795 1616 867 1645 nag.
885 1613 915 1636 et
932 1607 1010 1636 alter
1029 1606 1128 1637 Goth.
1157 1607 1298 1649 Telaque
1320 1619 1369 1649 pr.

794 1652 911 1682 Hamb.
923 1663 939 1681 a
950 1663 992 1683 m.
1007 1663 1069 1683 sec.
1081 1676 1090 1689 ,
1105 1661 1214 1695 argute
1231 1665 1239 1685 :
1254 1655 1371 1685 instau-

795 1705 858 1727 tein
874 1700 1004 1728 AEueam
1021 1700 1094 1729 telo.
1114 1701 1288 1742 Letumque
1302 1703 1370 1732 Ru-

795 1743 904 1775 iinian.
929 1745 968 1776 de
990 1745 1114 1777 Schem.
1133 1749 1208 1778 Lex.
1228 1759 1260 1789 p.
1283 1748 1347 1778 258
1360 1770 1369 1785 ,

796 1790 852 1821 nbi
867 1791 931 1823 vid.
947 1792 1122 1824 Ruhnken.
1137 1795 1179 1825 V.
1195 1795 1230 1826 C.
1245 1802 1369 1825 tremes-

795 1839 839 1869 cit
856 1839 1009 1869 scribitur
1028 1840 1062 1870 in
1078 1840 1189 1870 multis
1203 1842 1296 1871 etiam
1312 1839 1368 1871 nli-

797 1885 848 1916 hi:
866 1893 901 1916 ut
916 1887 1031 1927 passim
1044 1886 1193 1918 vidimus.

841 1943 862 1973 9
871 1943 920 1973 19.
940 1933 1110 1969 Coruscat,
1127 1933 1242 1969 vibrat,
1253 1932 1367 1965 πάλλει

795 1982 890 2011 Hom.
906 1979 986 2010 ibid.
1004 1981 1081 2017 320,
1095 1979 1150 2009 sed
1164 1980 1265 2011 multo
1275 1991 1370 2011 orna-

796 2028 857 2057 tius
868 2049 877 2062 ‚
892 2034 922 2057 et
938 2033 1084 2067 respectu
1101 2028 1348 2067 comparationis
1358 2050 1367 2065 ‚

796 2083 890 2114 quam
914 2075 980 2114 ipse
1008 2073 1054 2103 ibi
1084 2073 1250 2112 attulerat,
1270 2074 1368 2105 hastae

794 2121 837 2150 sic
871 2120 1002 2150 vibrant·
1037 2129 1110 2149 cnm
1149 2122 1306 2154 Lucifero.
1320 2139 1367 2145 —

794 2177 870 2206 920.
887 2169 1062 2197 Fortunam
1076 2189 1083 2201 ,
1103 2166 1135 2197 h.
1158 2179 1184 2198 e.
1206 2168 1316 2199 locum
1332 2169 1368 2198 iu

792 2223 934 2253 corpore.
951 2223 1046 2253 quem
1062 2213 1188 2245 fornum
1205 2215 1308 2246 dabat.
1325 2217 1365 2245 os.
