1414 2435
95 66 137 96 58
590 64 782 96 AENEIDOS

90 125 177 160 Non
189 121 332 172 jaculo,
351 134 474 171 neque
491 121 590 158 enim
602 121 728 172 jaculo
747 121 863 157 vitam
879 120 941 158 ille
959 118 1140 165 dedisset;

91 182 166 218 Sed
185 194 360 232 magnum
375 181 536 219 stridens
555 189 728 218 contorta
745 179 936 229 phalarica
954 181 1075 225 venit,
1228 187 1275 219 70⁵

89 243 268 279 Fulminis
288 250 370 279 acta
387 241 519 288 modo,
540 253 653 290 quam
671 253 740 277 nec
760 238 837 276 duo
858 249 989 277 taurea
1009 248 1131 289 terga,

87 303 168 340 Nec
188 301 329 351 duplici
348 314 503 351 squama
521 300 639 337 lorica
656 299 775 336 fidelis
792 307 830 336 et
849 311 942 336 auro

89 363 287 400 Sustinuit.
307 362 492 412 Conlapsa
508 369 624 397 ruunt
643 360 807 396 inmania
826 358 1016 405 membra;

87 424 162 459 Dat
179 422 287 459 tellus
306 421 504 471 gemitum,
526 428 563 456 et
581 420 754 468 clypeum
773 431 887 467 super
904 419 1049 454 intonat
1069 417 1199 468 ingens
1216 431 1223 452 ε

88 481 220 527 Qualis
239 481 277 517 in
297 480 468 517 Euboico
488 478 665 514 Baiarum
684 478 794 514 litore
812 479 1005 527 quondam
1229 496 1276 522 7¹⁰

86 543 210 578 Saxea
228 541 304 591 pila
323 539 443 584 cadit,
461 538 605 587 magnis
624 550 738 588 quam
754 536 917 574 molibus
934 547 1020 575 aute

89 603 354 637 constructam
371 607 488 649 ponto
503 598 666 648 jaciunt;
683 597 736 634 sic
755 597 817 634 illa
835 597 984 633 ruinam

88 662 212 696 Prona
231 658 364 705 trahit,
384 658 611 708 penitusque
628 656 734 694 vadis
751 656 859 694 inlisa
876 655 1081 702 recumbit3

88 783 190 825 placet
204 782 238 814 τὸ
255 779 468 826 παιδαριῶδες
480 794 489 821 ;
503 784 560 813 etsi
578 783 656 814 refe-

87 830 205 860 rendus
219 831 342 860 animus
351 829 390 860 ad
404 830 552 870 clypeum
568 836 598 859 et
612 830 655 860 lo-

85 877 205 913 ricam,
219 884 289 916 quae
307 883 370 906 tam
391 883 515 906 vastum
539 886 654 916 corpus

86 922 210 962 tegebat
231 931 239 952 2
259 932 317 951 uec
341 921 380 952 de
404 921 493 951 nudo
523 932 655 962 corpore

85 967 292 1009 cogitandum
322 974 471 1008 tanquam
497 967 597 1005 jaculi
623 967 656 996 vi

86 1024 154 1044 nou
167 1012 346 1044 sternendo.
359 1013 505 1043 Dedisset
516 1023 575 1053 pro
590 1012 657 1041 red-

84 1059 224 1090 didisset.
252 1076 298 1082 —-
323 1059 399 1097 705.
435 1060 511 1090 Nou
540 1058 592 1088 hic
617 1057 656 1087 de

75 1104 226 1146 falarica
243 1104 445 1146 cogitandum
457 1127 466 1141 ,
481 1114 575 1145 quam
587 1104 655 1134 Liv.

88 1153 187 1188 xxl,
206 1151 224 1181 8
250 1150 419 1187 describit,
447 1150 500 1179 sed
523 1156 568 1180 est
586 1151 656 1179 sim-

85 1197 211 1238 plicitet
235 1207 295 1238 pro
318 1195 426 1226 lancea
450 1202 481 1226 et
502 1195 590 1225 hasta
613 1195 656 1225 la-

86 1243 176 1273 tioris
199 1243 273 1273 ferri
297 1242 389 1274 dicta.
406 1244 456 1272 Ex
479 1243 587 1273 Servio
614 1248 657 1271 ta-

83 1298 161 1319 men
176 1295 207 1319 et
224 1290 315 1320 Festo
335 1287 475 1319 notanda
497 1295 544 1318 est
568 1288 657 1329 origo

86 1335 174 1365 vocis
200 1345 222 1364 a
234 1334 336 1376 salis,
366 1335 398 1365 h.
428 1334 580 1365 turribus.
611 1351 658 1357 —-

89 1391 166 1418 707.
184 1381 298 1411 Lorica
304 1380 416 1424 fidelis
428 1380 521 1421 (quae
537 1381 656 1418 munit,

87 1433 193 1457 tutum
212 1426 334 1464 reddit,
354 1427 439 1457 bona
454 1426 531 1457 adeo
546 1434 576 1456 et
589 1426 657 1457 ido-

86 1481 165 1509 nea,
184 1474 228 1503 sic
242 1483 311 1513 sup.
326 1473 408 1509 VII,
423 1472 585 1515 640fidus
603 1483 657 1502 en·

87 1518 151 1559 sis)
165 1529 300 1559 squama
312 1518 432 1558 duplici
443 1527 475 1548 ec
489 1529 566 1548 auro
576 1541 584 1555 ‚
601 1517 657 1547 du-

86 1564 224 1604 plicibus
240 1565 378 1604 squamis
391 1565 508 1601 anreis,
527 1574 582 1593 seu
598 1563 656 1593 du-

86 1609 163 1650 plici
182 1620 381 1650 squamarum
401 1609 531 1645 ordjue3
548 1610 596 1639 uti
611 1608 655 1638 bi-

87 1654 180 1686 licem
204 1655 337 1685 lon'cam
362 1655 443 1685 dixit
466 1657 550 1693 xlx,
577 1655 655 1693 375.

88 1704 172 1732 Tum
185 1712 249 1741 '709
264 1703 330 1742 ipse
343 1701 457 1743 ingens
470 1701 597 1731 intonat
610 1712 658 1730 sn-

83 1758 145 1787 per
160 1748 305 1788 clypeum
328 1758 340 1776 .·
366 1754 471 1788 potest
496 1749 558 1785 ita,
584 1758 657 1777 cum

87 1795 107 1824 J
112 1793 177 1824 ulio
204 1793 340 1830 Sabino,
375 1793 547 1823 verborum
577 1793 656 1824 ordo

87 1840 230 1876 institui,
246 1839 332 1879 quod
346 1846 376 1869 et
390 1841 573 1869 Burmauno
589 1850 659 1880 pro-

88 1885 191 1915 batur.
209 1885 269 1916 Sed
290 1885 416 1915 doctior
442 1892 487 1915 est
511 1887 658 1915 Sem-iam

90 1932 168 1961 ratio
181 1954 189 1967 ,
207 1938 242 1961 ut
256 1931 400 1972 clypeum
414 1938 530 1961 neutro
543 1942 656 1973 genere

89 1976 206 2007 dixerit
222 1987 230 2007 z
245 1976 303 2006 hoc
322 1977 471 2018 clypeum
486 1977 595 2019 Ingens
609 1977 657 2006 in-

90 2030 182 2052 tonat
203 2033 311 2063 super,
337 2035 379 2054 sc.
400 2034 495 2063 super
510 2024 658 2053 immania

91 2068 230 2098 membra
254 2069 399 2109 collapsa.
421 2070 465 2098 Ita
481 2075 527 2100 est
543 2071 658 2100 Home-

90 2124 191 2143 ricum
217 2112 353 2156 &pigras
374 2125 405 2144 τε
421 2114 524 2155 τεύχι’
540 2114 588 2146 ἐπ’
606 2115 658 2146 αὑ-

92 2161 146 2203 Ἵξ).
164 2159 214 2190 Ad
229 2161 359 2190 verbum
380 2161 516 2191 reddidit
534 2162 589 2192 inf.
607 2164 657 2193 ΙΕ-

709 783 793 814 neid.
808 782 865 814 lib.
879 785 911 814 X
921 806 930 821 ‚
958 783 1022 818 488
1039 781 1280 825 sonitum-super

708 840 802 859 arma
816 829 942 860 dedere.

756 886 820 914 710
841 887 909 916 sqq.
931 877 969 905 Iu
994 874 1198 916 sequentibus
1220 876 1277 906 ite-

707 932 779 951 rum
795 932 943 963 maguum
962 928 1086 962 poetam
1108 931 1275 962 agnoscas:

708 978 774 997 retu
789 969 896 1008 posuit
912 978 1025 998 novam
1037 989 1046 1003 ‚
1070 978 1127 1008 per
1143 977 1175 996 se
1193 977 1278 1008 mag·

708 1023 780 1043 nam
808 1020 838 1043 et
860 1013 1051 1050 terribilem,
1077 1023 1208 1053 eamque
1224 1023 1279 1042 or-

707 1060 797 1088 navit
812 1058 948 1101 ἐναργῶς
962 1065 992 1088 et
1007 1058 1109 1089 docte.
1121 1060 1277 1099 Intercep-

709 1110 760 1134 tus
773 1112 838 1135 erat
852 1105 960 1135 Crater
972 1114 1028 1134 seu
1042 1105 1131 1134 sinus
1146 1104 1280 1134 Baianus

709 1150 847 1180 molibus
862 1151 896 1180 iu
910 1150 1007 1180 altum
1022 1149 1127 1180 ductis
1138 1172 1146 1187 ‚
1163 1151 1278 1191 partim

709 1196 824 1237 quibus
847 1197 993 1237 praetoria
1024 1194 1212 1226 inaedificata
1244 1206 1276 1226 e·

708 1249 795 1280 rant,
810 1243 974 1283 temperati
990 1243 1068 1272 aeris
1083 1248 1114 1272 et
1131 1252 1277 1283 prospec-

709 1295 760 1319 tus
771 1299 887 1326 caussa,
899 1289 1015 1328 partim
1028 1287 1146 1329 quibus
1161 1294 1275 1328 portus

709 1335 815 1366 Julius
835 1334 1048 1364 muniebatur.
1072 1345 1103 1363 v.
1128 1344 1199 1374 sup.
1216 1334 1275 1364 Ge.

709 1381 765 1411 lib.
781 1383 812 1411 11
822 1403 831 1418 ,
850 1380 1040 1416 161-164,
1051 1379 1192 1410 Euboico
1204 1379 1277 1410 lito-

708 1438 753 1463 re,
769 1433 899 1468 propter
914 1427 1033 1456 vicinas
1048 1426 1172 1463 Cumas,
1186 1425 1278 1456 Chal-

707 1473 883 1503 cidensium
905 1472 1073 1502 coloniam.
1096 1482 1126 1502 v.
1151 1481 1222 1512 sup.
1239 1469 1278 1500 ad

708 1520 757 1548 VI
768 1541 776 1556 ‚
794 1529 826 1548 a.
843 1517 916 1548 Pila
928 1528 1032 1548 saxea
1045 1516 1177 1546 molibus
1191 1527 1278 1558 mag—

708 1564 778 1599 nis,
802 1563 834 1594 h.
852 1574 879 1594 e.
894 1563 955 1594 alte
971 1564 1103 1605 aggestis
1119 1564 1278 1593 caementis

707 1616 906 1647 constructa,
933 1620 1004 1650 quae
1026 1610 1060 1639 in
1080 1616 1218 1650 pontum
1233 1610 1278 1647 ja·

707 1657 808 1686 ciunt.
822 1659 909 1687 Serv.
925 1663 956 1686 et
973 1654 1071 1687 cerda
1080 1662 1181 1695 ponto
1196 1656 1279 1685 acci-

708 1703 803 1742 piunt
821 1712 828 1732 :
851 1701 1000 1732 adversus
1030 1712 1133 1739 mare;
1166 1700 1280 1742 quidni

709 1749 743 1777 in
759 1749 881 1788 ponto?
899 1755 974 1778 ante
994 1759 1069 1778 vero
1089 1747 1188 1778 nolim
1205 1747 1280 1785 jun-

709 1804 781 1835 gere
805 1805 878 1824 cum
901 1801 1132 1830 constructam;
1150 1790 1279 1833 languet

711 1840 794 1869 enim
810 1850 817 1870 :
833 1841 948 1870 molem
961 1848 1049 1870 antea
1066 1845 1279 1870 constructam

707 1887 830 1924 jaciunt
844 1887 878 1916 iu
894 1893 1029 1927 pontum
1046 1895 1054 1916 :
1070 1884 1124 1915 sed
1140 1891 1185 1915 est
1201 1892 1279 1914 ante

711 1943 751 1962 ex
766 1931 824 1974 πρὸ
842 1932 891 1962 vel
906 1930 965 1973 πρὸ
980 1941 1039 1974 προ
1051 1954 1060 1967 ,
1077 1930 1277 1971 procedendo

710 1988 725 2006 a
741 1977 843 2008 litore.
864 1979 961 2007 Erant
982 1984 1087 2007 autem
1105 1976 1153 2006 liae
1174 1984 1276 2006 struc-

711 2024 812 2053 tiones
832 2033 866 2052 ac
887 2022 984 2053 moles
1002 2033 1042 2053 ex
1065 2025 1147 2052 saxis
1163 2033 1198 2052 ac
1218 2033 1276 2053 cae·

711 2069 824 2098 mentis
836 2068 965 2109 pulvere
980 2069 1152 2100 Puteolano
1166 2069 1278 2099 solida-

712 2115 750 2145 tis
771 2114 932 2145 confecta».
946 2115 1028 2145 Eum
1043 2116 1127 2146 enim
1148 2115 1277 2145 solides-

713 2171 781 2191 eere
794 2160 854 2191 sub
870 2171 948 2203 aqua
961 2167 1035 2192 nota
1051 2170 1101 2192 res
1115 2169 1171 2191 est.
1190 2162 1275 2192 conf.
