1414 2435
106 71 168 92 122

602 57 798 89 AENEIDOS

98 116 384 164 Effunduntque
401 114 554 160 ducem,
572 113 801 163 rapiuntque
821 112 869 150 ad
888 112 1000 150 litora
1019 126 1166 153 currus.

151 179 301 212 Interea
319 173 458 224 bijugis
476 173 591 210 infert
609 185 649 210 se
667 175 841 222 Lucagus
859 172 954 210 albis
1248 183 1296 216 575

99 238 143 271 In
161 234 323 280 medios,
343 234 535 283 fraterque
554 234 684 282 Liger3
704 233 770 270 sed
791 233 908 270 frater
926 232 1085 272 habenis

99 295 232 332 Flectit
250 306 386 343 equos,
404 293 578 331 strictum
595 302 697 330 rotat
715 306 802 330 acer
821 296 994 344 Lucagus
1013 307 1151 332 ensem.

99 354 212 392 Haud
231 354 317 391 tulit
336 356 473 391 AEneas
492 361 597 390 tanto
617 353 767 390 fervore
788 353 954 391 furentes
975 369 983 390 :

99 413 242 460 Inruit,
263 413 497 463 adversaque
517 414 648 463 ingens
667 412 846 462 adparuit
864 412 984 449 hasta.

100 474 170 510 Cui
188 473 303 522 Liger
321 487 330 509 :

1250 482 1298 507 580

100 549 114 565 «
132 534 219 569 Non
236 530 432 568 Diomedis
451 543 587 579 equos,
607 542 678 567 nec
693 543 828 568 currus
845 530 968 568 cernis
985 530 1142 578 Achilli,

99 594 176 627 Aut
191 590 366 639 Phrygiae
382 602 535 640 campos
555 603 564 626 ε
584 602 685 626 nunc
703 589 793 626 belli
810 589 894 627 finis
913 598 952 627 et
970 590 1041 627 aevi
1090 589 1092 591 ’

99 652 168 688 His
187 650 342 687 dabitur
360 649 483 686 terris.
505 665 521 683 υ
537 652 687 687 Vesano
707 649 797 687 talia
815 650 889 686 late

98 710 211 747 Dicta
229 709 358 746 volant
375 708 503 758 Ligeri
520 723 529 744 :
549 709 616 746 sed
635 722 713 745 non
733 718 770 746 et
788 709 925 747 Troius
944 709 1058 747 heros

98 769 210 806 Dicta
228 776 338 818 parat
357 776 490 804 contra
497 783 507 814 3
524 767 693 818 jaculum
711 781 798 805 nam
815 777 969 817 torquet
986 769 1025 805 in
1043 768 1202 806 hostem.
1250 775 1298 803 ⁵8⁵

98 831 272 878 Lucagus
290 835 332 864 ut
349 839 490 876 pronus
511 827 678 876 pendens
697 827 737 863 in
754 828 917 864 verbera
935 828 1010 864 telo

98 887 307 924 Admonuit
327 885 493 935 bijug053
513 886 684 936 projecto
704 886 795 922 dum
814 886 910 936 pede
930 887 1025 923 laevo

98 950 215 997 Aptat
235 960 273 984 se
293 958 449 995 pugnae,
468 945 571 983 subit
590 958 674 983 oras
693 945 801 983 hasta
819 959 888 996 per
903 946 997 983 imas

96 1006 290 1057 Fulgentis
310 1006 451 1055 clypei,
470 1013 552 1042 tum
570 1006 707 1042 laevum
726 1006 896 1055 perforat
915 1006 1065 1055 inguen.

99 1071 288 1105 Excussus
309 1078 424 1102 curru
443 1064 694 1102 moribundus
713 1066 880 1102 volvitur
900 1065 1012 1102 arvis.
1250 1075 1298 1108 ⁵9⁰

99 1191 116 1221 5
123 1191 163 1229 75
179 1200 247 1230 sqq.
263 1189 452 1228 Comparare
465 1188 569 1218 solent
578 1187 668 1220 Iliad.

95 1242 135 1274 λ,
155 1246 213 1266 101
239 1245 307 1275 sqq.
332 1241 386 1264 aut
416 1243 478 1263 122
502 1244 591 1274 sqq.‚
611 1235 670 1264 ubi

95 1283 161 1313 duo
185 1281 296 1310 fratres
322 1278 424 1309 eidem
443 1281 555 1309 currui
577 1281 668 1310 insis-

95 1334 235 1360 tunt.—-
247 1326 323 1365 579.
343 1325 453 1365 Simpl.
470 1326 576 1366 accipe
593 1335 601 1356 :
616 1337 669 1356 ve-

95 1376 163 1412 nit,
183 1373 304 1403 adstitit
319 1373 444 1401 intenta
463 1382 536 1401 cum
554 1372 642 1402 hasta
657 1382 666 1403 :

95 1420 149 1451 sed
165 1420 319 1449 ornatius.
331 1434 376 1440 --
388 1417 428 1447 58
438 1428 464 1448 1.
474 1418 668 1459 Congressus

94 1466 226 1508 quidem
242 1471 288 1494 est
303 1466 415 1494 AEneas
427 1473 499 1493 cum
513 1463 668 1494 Diomede

96 1511 186 1544 Iliad.
203 1521 234 1547 ε,
250 1519 312 1547 217
329 1532 337 1546 ‚
355 1509 422 1547 275
438 1520 506 1549 sqq.
519 1532 528 1545 ‚
547 1516 669 1539 etcum

94 1556 220 1590 Achille
235 1555 324 1585 Iliad.
336 1565 353 1584 u
363 1577 371 1592 ,
385 1565 426 1593 79
441 1565 509 1595 sqq.
521 1555 583 1586 Sed
596 1565 670 1584 neu-

94 1604 174 1635 trius
202 1611 318 1642 puguae
344 1601 447 1631 exitus
475 1602 501 1629 is
526 1600 605 1636 fuit,
630 1607 667 1630 ut

94 1655 188 1691 poeta
210 1657 284 1677 eum
303 1646 355 1676 hic
372 1647 545 1686 respexisse
567 1645 667 1675 videri

94 1695 205 1737 possit.
223 1695 332 1732 Itaque
347 1692 451 1723 Cerda
470 1698 516 1721 est
537 1691 669 1722 audieu-

94 1743 174 1777 dus,
191 1739 249 1779 qui
271 1739 461 1768 sententiam
484 1747 522 1768 eo
540 1738 667 1775 retulit,

93 1796 130 1819 ut
153 1786 286 1817 omnino
309 1785 436 1814 Latinos
459 1783 605 1824 praeferat
627 1785 670 1814 A·

94 1833 194 1864 chivis
223 1832 332 1871 Liger,
366 1830 490 1860 Latium
532 1829 668 1868 Troadi;

94 1890 160 1910 csse
177 1877 239 1918 ipsi
254 1887 321 1906 rem
334 1886 423 1906 nuuc
439 1885 513 1905 cum
531 1875 669 1906 fortiori-

95 1926 155 1956 bus
180 1924 274 1959 viris‚
300 1932 381 1962 quos
404 1931 471 1951 non
494 1928 556 1951 tam
578 1921 668 1952 facile

96 1970 284 2010 effugiturus
297 1969 356 2004 sit3
376 1974 412 1996 ut
427 1977 521 2008 supra
539 1969 669 1997 Turnus

94 2017 152 2048 lib.
177 2018 242 2049 lx,
268 2014 348 2050 154,
374 2013 462 2043 155:
488 2012 588 2043 Haud
610 2012 671 2042 sibi

96 2073 167 2094 cum
192 2059 319 2090 Danais
344 2070 410 2089 rem
423 2059 515 2100 flato
541 2065 573 2088 et
585 2058 669 2098 pube

96 2108 237 2146 Pelasga
268 2106 346 2134 Esse
379 2112 502 2144 putent.
520 2121 566 2128 —
590 2105 667 2136 585.

97 2152 194 2196 Quod
227 2151 354 2182 servius
381 2150 474 2182 habet
498 2161 506 2182 :
536 2165 551 2178 «
565 2157 671 2192 potest

721 1188 783 1230 legi
799 1198 807 1219 :
826 1179 945 1218 Edicta
957 1196 1059 1228 parat
1076 1195 1186 1218 contra
1197 1203 1212 1215 »ι
1228 1187 1295 1219 huc

722 1241 864 1275 spectare
885 1241 982 1276 puto,
1006 1234 1095 1274 quod
1119 1234 1172 1264 alii
1201 1235 1297 1265 inter-

721 1281 908 1321 pungebant
922 1288 994 1321 post
996 1288 1099 1321 parat
1106 1291 1117 1310 :
1126 1290 1201 1310 nam
1210 1279 1296 1310 edic-

721 1334 756 1356 ta
773 1327 923 1357 vitiosum
946 1334 1003 1358 est.
1019 1329 1096 1357 Jam
1115 1334 1239 1367 torquet
1251 1327 1295 1357 al-

722 1379 770 1403 ter
791 1373 907 1403 Hamb.
925 1379 957 1402 et
977 1373 1113 1403 Dorvill.
1135 1382 1151 1401 a
1172 1383 1215 1402 m.
1231 1383 1294 1403 sec.

724 1418 920 1459 contorquet
954 1418 1091 1450 Oudart.
1127 1419 1167 1447 In
1193 1417 1298 1448 hostes

721 1464 866 1505 plerique
882 1465 963 1495 Pier.
981 1471 1012 1494 et
1030 1465 1170 1504 potiores
1183 1465 1294 1494 Heius.

721 1512 831 1550 sicque
856 1511 966 1540 Heius.
989 1519 1173 1548 expressum
1200 1508 1296 1539 dede-

725 1562 774 1586 rat
788 1564 795 1585 :
813 1554 902 1595 quod
922 1555 1014 1584 tacite
1037 1565 1054 1583 a
1069 1556 1176 1584 Burin.
1193 1562 1296 1584 muta-

720 1608 788 1631 tum
798 1623 806 1638 ,
820 1611 880 1630 nec
890 1601 981 1631 male.
994 1617 1043 1624 —-
1054 1600 1131 1631 586.
1148 1600 1297 1630 pendens

720 1647 754 1677 in
782 1646 930 1682 verbera.
957 1646 1043 1677 conf.
1071 1656 1141 1687 sup.
1171 1645 1229 1676 lib.
1254 1648 1296 1682 V,

726 1693 810 1730 146,
831 1699 891 1730 147
906 1702 914 1729 ;
932 1693 999 1723 Ge?
1017 1694 1084 1730 111,
1110 1692 1193 1730 106,
1222 1702 1295 1730 ¹07-

721 1740 783 1769 Hic
810 1741 952 1779 Lucagus
977 1738 1083 1779 gladio
1114 1748 1174 1779 pro
1198 1737 1298 1779 flagro

722 1795 798 1814 usus
814 1792 879 1821 est,
896 1784 973 1814 dum
983 1806 992 1821 ,
1007 1794 1105 1815 morae
1117 1784 1296 1824 impatiens,

723 1840 822 1871 equos
844 1832 911 1872 ipse
931 1831 1062 1868 incitat,
1078 1829 1174 1860 fratre
1194 1830 1298 1869 Ligeri

723 1887 777 1907 eos
791 1883 928 1918 regente.
936 1875 1085 1908 Notabile
1098 1881 1204 1905 autem
1222 1875 1298 1909 hoc.

722 1922 810 1962 quod
836 1924 980 1963 Lucagus
1004 1922 1038 1951 in
1067 1930 1165 1951 curru
1191 1927 1297 1957 stans,
1345 1917 1349 1922 ’

722 1978 790 1998 uon
807 1967 912 2003 hasta,
929 1978 968 1997 ex
988 1973 1144 2008 perpetuo
1161 1966 1297 1997 heroum

721 2023 826 2049 more,
840 2012 895 2042 sed
908 2023 982 2043 ense
993 2013 1103 2042 utitur.
1118 2012 1203 2043 conf.
1218 2013 1256 2051 57
1266 2023 1296 2051 7.

721 2060 805 2090 Tum
823 2059 887 2088 588
898 2081 906 2095 ,
928 2059 993 2099 589
1011 2059 1138 2096 trajecta
1153 2059 1214 2088 ima
1229 2059 1298 2100 cly-

721 2106 774 2145 pei
796 2114 868 2140 ora.
890 2104 976 2135 hasta
1001 2105 1106 2145 ipsum
1132 2104 1297 2135 bubonem

722 2149 897 2191 transfigit3
922 2157 959 2183 ut
990 2158 1101 2183 contra
1130 2151 1297 2192 superiore
