1414 2435
85 42 147 63 109.

580 26 774 58 AENEIDOS

81 88 132 126 Ni
151 87 311 123 fratrum
329 83 467 133 stipata
485 81 621 119 cohors
639 82 737 118 foret
756 80 887 127 obvia,
905 80 1043 117 Phorci

82 145 303 195 Progenie53
323 150 467 192 septem
483 153 662 187 numerO,
683 150 912 191 septenaque
930 140 1004 177 tela

83 204 298 255 Conjiciunt
318 217 326 238 :
347 202 486 252 partim
503 201 609 251 galea
626 201 835 251 clypeoque
854 200 1037 238 resultant
1230 204 1278 229 ³30

83 265 204 304 Inrita
211 279 221 310 ;
242 262 397 299 deflexit
416 262 555 311 partim
575 260 797 310 stringentia
815 273 954 310 corpus

85 325 195 362 Alma
213 324 353 358 Venus.
370 320 506 358 Fidum
525 322 660 356 AEneas
680 319 829 356 adfatur
846 319 1044 356 Achaten:

89 401 103 415 «
126 384 294 431 Suggete
314 380 388 416 tela
406 379 518 425 mihi,
536 391 613 414 non
628 379 747 415 ullum
766 379 922 415 dextera
940 379 1081 415 frustta

88 445 227 479 Torsei
229 448 257 477 lt
277 440 316 476 in
331 439 512 484 Rutulos,
532 447 717 475 steterunt
735 450 819 486 quae
835 438 873 475 in
894 450 1054 487 corpore
1073 436 1230 474 Graium

88 500 214 537 Iliacis
234 499 386 547 campis.
409 514 423 529 »
441 500 539 534 Tum
556 509 730 546 magnam
747 496 911 546 conripit
928 497 1094 541 hastam,

1235 501 1284 526 335

92 562 140 596 Et
153 558 245 609 jacit
266 572 273 593 ε
294 557 358 593 illa
375 555 506 593 volans
525 555 648 605 clypei
668 554 949 593 transverberat
968 567 1044 591 aera
1084 583 1086 585 .

93 619 270 664 Maeonis,
291 625 328 654 et
348 617 504 653 thoraca
522 616 634 652 simul
651 628 737 652 cum
753 624 906 666 pectore
923 614 1078 665 rumpit.

93 678 194 716 Huic
213 677 329 713 frater
345 675 447 712 subit
462 675 644 721 Alcanor,
662 676 892 724 fratremque
908 683 1081 711 ruentem

96 741 288 776 Sustentat
303 735 437 772 dextra
457 749 465 771 :
486 735 642 784 trajecto
661 735 773 771 missa
788 735 929 770 lacerto

97 797 274 835 Protinus
291 795 400 832 hasta
418 795 529 845 sugit,
547 804 748 845 servatque
765 803 921 837 cruenta
939 803 1126 839 tenore1n3

103 936 170 967 350
184 946 309 965 secums
322 945 465 964 amorum
479 944 647 976 germanae
657 957 665 970 ,

101 993 169 1013 non
184 992 310 1019 curans,
323 992 390 1011 non
403 982 580 1021 respicienS.
596 980 669 1021 (Ta-

102 1039 178 1059 men
191 1030 278 1058 Serv.
295 1027 404 1067 scalig.
424 1028 596 1056 Burmann.
608 1036 673 1055 om-

103 1085 160 1104 nes
174 1075 209 1103 in
223 1073 345 1103 diversa
361 1069 513 1111 abeunt.)
530 1087 576 1093 —
593 1072 633 1100 33
643 1081 673 1106 ῐ.ι

103 1122 148 1151 Ea
158 1143 165 1156 ,
180 1129 251 1160 quae
263 1119 415 1159 stringere
429 1124 574 1157 poterant
584 1139 592 1153 ‚
606 1127 673 1147 cor-

105 1176 167 1207 pus
177 1188 186 1203 ,
202 1163 357 1207 deflerim
377 1170 413 1193 ut
427 1165 515 1194 Juno
529 1165 601 1193 AEn.
613 1163 670 1193 lib.

105 1214 173 1248 lx,
198 1211 282 1250 725,
308 1209 372 1248 726
396 1210 429 1238 in
448 1212 560 1240 Turno
576 1220 583 1240 :
600 1209 674 1239 deo-

105 1268 178 1288 rum
205 1256 287 1297 apud
319 1258 495 1286 Homerum
527 1255 674 1296 exemplo

106 1303 197 1334 Iliad.
215 1299 254 1340 ὃ,
280 1312 340 1342 1²9
361 1312 467 1342 seqq.;
490 1311 522 1340 ε,
547 1303 607 1340 187
627 1312 673 1342 sq.

108 1367 155 1373 --
167 1349 245 1379 333.
265 1350 404 1390 Suggere
419 1348 486 1377 tela
502 1347 601 1385 milzi;
620 1347 676 1377 he-

108 1406 203 1426 roum
223 1396 469 1425 Homericorum
494 1405 568 1435 opes
583 1405 590 1426 :
607 1395 676 1424 has-

110 1449 213 1472 tarum
241 1442 332 1481 copia
358 1442 393 1470 in
419 1442 553 1470 armario
572 1451 580 1471 ε
604 1440 676 1471 vide

110 1489 243 1519 omnino
262 1486 351 1517 Iliad.
365 1498 379 1516 ν
391 1509 399 1524 ,
418 1487 483 1516 260
499 1497 566 1527 sqq.
578 1499 586 1524 3
599 1493 677 1528 puta

109 1535 208 1575 igitur
227 1533 329 1562 hastas
349 1543 387 1561 ex
407 1533 521 1573 pugnis
541 1543 614 1563 cum
634 1534 677 1562 A·

111 1579 210 1610 chivis
239 1579 402 1615 collectas,
444 1585 475 1607 et
512 1577 678 1620 diligenter

110 1633 245 1656 servatas
259 1627 388 1655 AEueam
403 1635 509 1654 secum
526 1625 675 1655 attulisse.

111 1673 188 1702 Non
205 1671 303 1701 ullum
319 1671 453 1700 dextera
464 1669 589 1711 frustra
607 1673 678 1701 Tor-

111 1717 185 1748 serit
214 1718 383 1748 Homerica
412 1717 558 1757 gloriatio
583 1717 677 1758 Poly-

113 1764 268 1794 damantis
283 1764 319 1794 Il.
336 1760 371 1801 ξ,
387 1764 451 1799 453
467 1773 512 1803 sq.

161 1811 226 1850 339
238 1827 282 1833 —-
298 1811 374 1845 341.
394 1812 552 1850 Impetum
566 1816 596 1839 et
615 1810 678 1839 vim

111 1858 229 1895 jactus,
255 1857 397 1896 adeoque
427 1855 528 1886 robur
553 1858 677 1893 AEueae,

114 1903 250 1933 declarat
260 1910 350 1943 poeta
363 1912 369 1932 :
381 1903 539 1932 Maeonem
549 1903 661 1943 clypeo
669 1925 677 1939 ‚

115 1949 241 1979 thorace
256 1956 285 1979 et
302 1956 429 1989 pectore
449 1947 602 1978 transfixo
624 1959 678 1979 oc-

115 1995 253 2032 videram
278 2006 364 2025 nunc
386 1994 472 2024 hasta
493 1994 553 2024 alia
572 1994 611 2024 ab
629 1997 676 2025 ΙΕ-

115 2051 171 2070 nea
197 2042 305 2071 emissa
331 2041 496 2072 Alcanoris
515 2040 679 2071 brachium

114 2086 285 2126 transfigit,
308 2094 335 2117 et
354 2087 487 2127 trajecto
500 2087 567 2126 ejus
582 2087 681 2117 lacer-

116 2143 147 2165 to
166 2144 203 2161 ra
234 2132 299 2171 uqi(
319 2134 481 2173 lanuinus,
499 2144 596 2176 porro
608 2157 615 2171 ‚
633 2134 682 2164 ul-

1242 801 1291 830 330

724 935 840 971 terius,
865 934 986 975 pergit,
1013 938 1176 972 servatque
1205 938 1292 960 teno-

723 991 809 1016 rem,
826 990 884 1010 nec
906 980 1038 1010 remittit
1061 979 1231 1019 quicquain
1255 976 1293 1006 de

723 1027 864 1066 impetu,
895 1036 990 1065 quem
1017 1035 1056 1054 ex
1087 1025 1175 1062 jactu
1205 1023 1294 1053 fortis

725 1073 787 1101 viri
809 1071 956 1101 habebat.
984 1072 1058 1100 Uno
1087 1069 1203 1105 verbo,
1224 1069 1295 1098 bra-

725 1118 832 1148 chium
847 1118 966 1148 Maeoni
980 1116 1181 1158 suppositum
1198 1122 1294 1145 trans-

723 1163 832 1205 figitur
848 1164 935 1193 hasta
946 1186 954 1200 ‚
970 1170 1000 1192 et
1018 1169 1141 1192 tantum
1161 1172 1227 1192 non
1244 1172 1291 1191 re-

724 1209 891 1240 scinditur.
922 1209 1058 1249 Reliqua
1087 1207 1126 1238 ad
1145 1214 1293 1238 ornatum

725 1255 854 1294 adjecta.
864 1257 910 1285 Ita
921 1256 1106 1286 sententiam
1120 1255 1294 1290 constituo,

727 1309 764 1332 ut
777 1301 848 1332 duae
860 1302 1028 1332 sinthastae
1041 1301 1080 1331 ab
1097 1303 1193 1331 AEuea
1206 1302 1296 1330 emis-

728 1359 780 1379 sae.
803 1349 884 1379 Nam
901 1350 958 1379 vix
975 1347 1139 1389 probabile
1159 1353 1223 1383 est,
1239 1348 1295 1377 etsi

728 1395 900 1425 verborum
920 1402 950 1425 et
965 1395 1190 1425 sententiarum
1205 1394 1297 1431 junc-

730 1448 833 1470 turam
858 1442 1024 1471 aestimanti
1050 1442 1083 1470 in
1101 1441 1242 1470 animum
1263 1439 1297 1469 id

730 1488 838 1516 venire
864 1493 985 1527 potest,
1012 1493 1136 1526 poetam
1165 1485 1298 1515 admira·

730 1533 849 1562 tionem
866 1532 965 1562 facere
985 1532 1121 1562 voluisse
1133 1554 1143 1567 ,
1155 1539 1185 1560 et
1204 1532 1298 1561 unius

729 1577 825 1608 hastae
835 1579 954 1617 jactum
975 1585 1038 1609 tam
1053 1577 1193 1607 validum
1211 1584 1242 1606 ct
1255 1577 1300 1607 ef-

729 1623 856 1654 ficacem
872 1635 1017 1660 narrare,
1034 1631 1071 1653 ut
1085 1625 1220 1655 Maeonis
1231 1623 1301 1654 tho·

730 1681 800 1700 rice
822 1677 852 1700 et
877 1678 1004 1711 pectore
1027 1671 1156 1709 trajecto
1175 1677 1298 1712 tergum

731 1727 869 1758 egressa
891 1717 1056 1747 Alcanoris
1090 1717 1209 1753 fratris,
1244 1717 1299 1756 qui

731 1764 765 1793 in
780 1765 928 1804 proximo
950 1771 1034 1793 stans
1049 1763 1226 1794 corruentis
1239 1761 1300 1791 hu-

732 1820 834 1840 meros
847 1809 1059 1847 sustentabat,
1074 1809 1216 1840 dextram
1231 1818 1302 1848 per-

732 1857 908 1897 stringeret.
928 1857 1015 1886 Esset
1041 1866 1114 1886 saue
1138 1854 1170 1885 id
1194 1854 1300 1895 prodi-

732 1904 784 1944 gio
817 1904 968 1943 propius;
1002 1902 1105 1932 multo
1145 1901 1241 1942 magis
1268 1900 1301 1930 id

732 1947 819 1989 quod
849 1949 1011 1988 sequitur,
1035 1946 1121 1988 quod
1151 1948 1302 1978 Numitor

733 1994 826 2024 frater
845 1994 964 2023 hastam
992 2000 1053 2023 tam
1081 1994 1140 2024 alte
1169 1992 1301 2023 infixam

731 2039 818 2070 haud
849 2050 959 2080 magna
994 2051 1089 2081 opera
1118 2051 1134 2070 e
1169 2050 1302 2081 corpore

733 2086 848 2117 evellit.
869 2088 986 2116 verum
998 2109 1006 2124 ‚
1027 2093 1061 2116 ut
1075 2086 1162 2124 dixi,
1181 2097 1221 2116 cx
1235 2097 1304 2116 cor-

732 2144 810 2174 pore
844 2133 977 2164 Maeonis
1014 2133 1145 2172 jacentis
1185 2133 1307 2165 hastam
