1414 2435
576 73 700 104 LIBER
724 73 799 103 XII.

1227 75 1287 104 301

91 140 170 177 Nec
190 138 300 189 plura
319 135 472 180 effatus,
489 146 624 172 saxum
641 130 898 181 circumspicit
914 131 1062 181 ingens,

96 202 240 238 Saxum
257 200 472 249 antiquum,
491 197 642 246 ingens,
662 204 796 243 campo
816 191 921 242 quod
938 192 1037 228 forte
1051 191 1222 242 jacebat,

95 261 220 298 Limes
239 273 329 310 agro
347 258 510 310 posimS‚
528 256 634 293 litem
651 264 693 292 ut
710 253 941 290 discerneret
960 252 1078 298 arvis;

94 323 167 360 Vix
184 322 277 359 illud
295 320 383 358 lecti
401 318 461 356 bis
480 331 547 356 sex
566 316 714 354 cervice
731 313 922 360 subirent,

98 381 234 428 Qualia
250 394 352 418 nunc
370 379 570 417 hominum
590 375 768 427 producit
787 386 951 425 corpora
968 374 1095 419 tellus;

1243 377 1291 416 ξω

93 442 161 480 Ille
178 455 292 479 manu
310 450 463 492 raptum
480 437 628 489 trepida
647 434 850 487 torquebat
866 435 905 471 in
923 434 1090 479 hostem,

94 503 218 540 Altior
235 503 453 553 insurgens,
472 510 510 538 et
527 513 642 537 cursu
661 497 831 535 concitus
850 495 976 532 heros.

95 564 169 601 Sed
185 577 310 614 neque
328 570 542 602 currentem
562 574 620 607 se,
639 572 709 596 nec
730 556 922 609 cognoscit
940 563 1110 602 euntem,

96 726 185 766 pieer
199 725 295 756 hostis
311 732 357 756 est
373 724 523 763 infestus,
540 731 577 756 ut
596 726 671 756 alias

96 783 214 802 numen
231 771 406 802 inimicum.

148 819 225 858 896.
248 819 370 848 Emissa
386 817 490 855 hasta,
507 827 607 857 quum
626 817 670 846 al-

98 871 162 894 tera
196 863 340 901 deficiat,
354 873 436 903 saepe
449 862 502 903 (v,
527 873 555 893 c.
576 862 667 893 Iliad-

97 908 129 947 ξ,
149 915 214 950 409
234 920 302 951 sqq.
318 920 336 943 η
348 932 356 947 ,
381 908 472 950 264)
494 908 538 938 sic
555 908 668 939 heroes

97 957 260 987 Homerici
278 967 351 986 saxa
366 957 490 995 jaciunt
506 964 514 985 ε
534 955 595 996 ipsi
615 955 667 985 ad-

99 1014 136 1033 eo
156 1002 219 1040 dii,
237 1011 274 1034 ut
287 1002 377 1034 Iliad.
395 1010 416 1044 φ
427 1026 435 1040 ,
453 1002 515 1038 403
531 1013 577 1042 sq.
589 1025 597 1039 ‚
609 1013 669 1032 un-

97 1049 136 1079 de
150 1049 182 1080 h.
200 1050 222 1080 l.
243 1049 340 1079 verba
366 1049 430 1079 fere
451 1049 546 1078 ducta
573 1055 667 1085 sunt;

99 1095 138 1126 cf.
158 1105 190 1132 ε,
211 1096 272 1125 303
286 1119 295 1132 ,
314 1096 399 1131 304,
419 1102 449 1124 et
463 1106 507 1138 μ,
524 1094 668 1135 445sqq.

96 1141 149 1171 Ad
160 1141 252 1170 talem
262 1151 383 1171 morem
390 1139 458 1170 haec
467 1151 596 1181 quoque
605 1141 669 1171 exi-

95 1185 196 1228 genda
218 1193 302 1217 sunt.
323 1189 454 1218 Turnus
479 1194 584 1217 antem
610 1188 669 1218 etsi

96 1244 203 1263 ensem
219 1240 378 1274 receperat
391 1233 458 1274 (vs.
477 1233 579 1274 785),
596 1232 668 1264 has-

97 1287 126 1309 ta
141 1286 207 1310 erat
223 1279 391 1310 destitutus
405 1279 492 1320 (vid.
509 1291 541 1312 v,
564 1291 580 1318 7
591 1291 602 1310 1
614 1291 626 1310 1
641 1280 665 1321 ),

95 1337 191 1366 quam
210 1327 335 1356 eminus
356 1327 390 1356 in
409 1328 539 1357 AEneam
563 1328 666 1357 mitte-

95 1379 161 1413 ret3
181 1383 240 1402 nec
257 1373 354 1413 igitur
374 1374 518 1403 cominus
534 1383 666 1414 congre-

97 1418 203 1456 ditur3
218 1429 329 1448 saxum
353 1429 413 1460 pro
430 1419 518 1449 hasta
539 1421 664 1450 emittit.

95 1465 140 1494 [Ἰ
171 1466 242 1506 quis
272 1475 349 1495 vero
389 1466 511 1495 victum
542 1464 665 1495 hostem

94 1512 187 1541 eriam
204 1510 328 1541 nudum
340 1534 348 1547 ,
364 1512 430 1552 ipse
450 1513 544 1541 armis
558 1512 667 1542 melio-

95 1557 183 1587 ribus
214 1558 390 1587 instructus
419 1558 641 1598 insequere-vir
655 1581 664 1595 ,

93 1602 240 1633 dedecori
247 1604 280 1633 in
287 1602 422 1633 heroum
431 1605 495 1633 vita
505 1615 572 1633 non
582 1610 647 1633 erat
656 1615 664 1641 ;

95 1650 201 1689 itaque
216 1651 329 1679 AEneas
342 1648 430 1679 haud
449 1660 480 1679 se
495 1649 664 1691 indignum

91 1694 245 1732 judicarit
257 1716 265 1730 ‚
286 1694 460 1734 imparibus
479 1697 572 1725 armis
589 1705 663 1725 cnm

96 1740 185 1770 hoste
218 1739 435 1780 congredi.·-
450 1741 527 1780 898.
559 1741 664 1770 Limes

93 1785 166 1828 agri
188 1786 311 1815 invenit
343 1786 451 1815 nescio
484 1787 519 1815 in
547 1786 664 1826 quibus

95 1834 175 1863 Pier.
185 1855 194 1870 ‚
213 1834 320 1872 sicque
333 1831 391 1861 Ed.
405 1842 454 1872 pr.
464 1831 603 1861 Videtur
619 1833 664 1861 sic

94 1878 210 1909 variari
243 1878 344 1908 oratio
378 1883 451 1918 post
479 1877 665 1907 antecedens

97 1936 222 1966 campo.
247 1926 352 1966 Agros
376 1923 462 1954 Leid.
488 1923 575 1965 agris
593 1923 664 1953 cod.

97 1972 233 2008 Barthii,
249 1970 335 2011 quod
360 1972 490 2000 insuave
516 1976 667 2010 sequente

99 2018 202 2047 statim
229 2016 321 2047 arvis.
353 2017 492 2047 Positum
524 2015 666 2047 Parrhas.

102 2064 293 2093 Decet-neret
300 2062 366 2093 duo
379 2062 645 2094 Moret.—L1'tem
656 2074 667 2092 .-

102 2110 252 2139 remotius
275 2111 383 2150 posuit
399 2120 476 2150 pro,
492 2108 572 2139 fines
583 2132 590 2146 ,
613 2108 667 2139 ad-

106 2164 206 2194 eoque
224 2155 312 2186 litem
325 2155 364 2186 de
381 2155 512 2186 finibus.
527 2173 572 2179 —
591 2156 668 2195 899.

105 2199 167 2229 Vix
185 2199 267 2230 illud
274 2212 287 2236 ‚·
301 2201 339 2231 ad
353 2209 460 2233 notam
472 2202 558 2233 illam
572 2201 669 2233 fidem

227 2250 291 2287 IV.

723 735 754 758 et
775 725 961 768 opinionem
979 726 1019 756 de
1036 722 1215 767 priscorum
1234 725 1293 757 ho-

722 775 846 803 minum
856 774 952 803 vastis
965 772 1154 812 corporibus
1165 783 1292 802 eorum·

722 828 784 858 que
810 818 928 848 robore
946 817 1144 854 incredibili,
1160 826 1190 847 et
1208 820 1294 848 notis

721 865 901 894 Homericis
913 864 1066 904 exemplis
1087 864 1251 894 Diomedis
1264 871 1295 894 et

721 911 890 947 Hectoris;
911 911 990 940 locis
1020 909 1129 940 laudd.
1149 921 1182 947 ε,
1211 911 1293 947 303,

724 958 805 994 3043
826 968 867 999 μ,
888 957 973 993 445,
989 963 1126 996 utroque
1146 957 1220 987 Ioco
1241 968 1294 987 ve-

723 1003 895 1033 recundius
910 1002 943 1033 εὐ
963 999 1018 1033 δύο
1036 1005 1069 1046 γ’
1086 999 1201 1044 ἅνδρεῑ
1219 1003 1293 1034 add.

723 1049 876 1090 Apollon.
892 1051 950 1086 111,
964 1061 976 1079 1
985 1049 1049 1080 366
1061 1056 1092 1079 et
1106 1049 1145 1080 al.
1156 1067 1202 1072 --
1213 1060 1291 1089 901.

727 1097 827 1125 Manu
849 1096 992 1136 trepida,
1016 1095 1128 1125 festina
1151 1095 1293 1137 adeoque

722 1152 789 1172 non
803 1142 878 1172 satis
896 1141 987 1172 firma
999 1165 1008 1179 ‚
1024 1142 1198 1182 torquebat.
1222 1144 1292 1173 Ser-

721 1189 810 1220 vius:
827 1189 934 1219 «Bene
952 1188 1137 1229 imperfecto
1156 1199 1231 1218 usus
1246 1195 1293 1219 est

721 1249 735 1261 υ
753 1242 894 1276 tempore
911 1245 918 1266 :
936 1236 1011 1276 quia
1026 1246 1092 1266 non
1108 1242 1153 1265 est
1171 1236 1292 1276 perfec-

721 1296 735 1306 «
755 1288 822 1311 tum
838 1281 926 1322 quod
943 1281 1067 1312 voluit:
1089 1288 1125 1311 ut
1147 1292 1178 1311 v,
1202 1282 1267 1321 903
1280 1303 1289 1315 ,

720 1342 734 1354 «ι
752 1333 948 1368 904-907.
963 1343 979 1354 »
995 1328 1097 1358 Nimis
1111 1329 1232 1368 argute!
1250 1328 1290 1358 cf.

718 1384 790 1415 sup.
807 1386 838 1405 v.
860 1375 925 1414 394
946 1373 1055 1404 dabat.

767 1421 832 1460 903
845 1442 853 1458 ,
872 1426 950 1460 904.
970 1419 1036 1449 Sed
1046 1430 1148 1460 neque
1167 1431 1290 1450 curren-

719 1473 781 1495 tem
799 1476 850 1502 se,
879 1477 938 1496 nec
959 1461 1122 1507 cognoscit
1137 1473 1264 1496 euntem
1276 1490 1285 1502 ‚

723 1512 936 1542 Tollentemve
963 1523 1081 1548 marm,
1109 1518 1168 1544 etc.
1192 1512 1289 1553 Quod

719 1568 776 1598 per
785 1569 817 1589 se
831 1559 1006 1600 exspectari
1018 1565 1154 1599 poterat,
1165 1566 1201 1588 ut
1211 1561 1291 1590 Tur-

720 1615 780 1634 nns
795 1606 899 1646 longae
912 1615 1029 1646 pugnae
1044 1605 1154 1635 labore
1166 1604 1290 1635 viribus

718 1658 798 1680 esset
833 1651 1007 1681 exhaustus
1020 1673 1029 1688 ,
1064 1651 1127 1681 hoc
1155 1653 1289 1682 Homeri

718 1697 864 1738 exemplo
894 1697 933 1727 ad
963 1695 997 1727 τὸ
1029 1697 1106 1727 θεῖον
1139 1697 1287 1728 refertur.

717 1743 768 1773 Sic
790 1744 825 1772 in
843 1743 980 1774 Patrocli
1000 1744 1149 1772 extremis
1167 1743 1224 1773 lib.
1244 1753 1288 1778 π,

719 1788 781 1818 8οι
807 1799 875 1828 sqq.
899 1790 973 1820 Non
994 1789 1099 1828 itaque
1121 1787 1190 1817 haec
1207 1790 1289 1819 Tur-

718 1845 814 1870 num,
836 1843 902 1874 prae
927 1840 1034 1870 metu,
1064 1835 1179 1864 mentis
1206 1834 1287 1864 male

719 1886 898 1920 compotem
913 1902 922 1916 ‚
961 1877 1078 1921 ἀπῆρεν
1089 1902 1098 1917 ,
1129 1887 1266 1921 arguunt
1281 1902 1290 1917 ‚

720 1924 789 1962 sed,
808 1925 898 1965 qnod
917 1935 961 1955 νε.
983 1927 1049 1966 913
1062 1948 1071 1962 ,
1089 1931 1155 1966 914
1172 1925 1288 1956 diserte

719 1981 847 2012 quoque
881 1973 1071 2012 exponitur,
1103 1979 1286 2013 torporem,

720 2028 814 2058 quem
825 2019 920 2047 Furia
933 2019 1053 2056 injicit,
1066 2018 1211 2058 viresque
1221 2029 1290 2049 cor-

719 2065 806 2105 poris
829 2062 982 2095 debilitat.
1021 2065 1131 2104 Itaque
1157 2066 1287 2095 Turnus

721 2112 787 2150 ipse
802 2120 860 2139 nec
875 2120 907 2139 se
922 2109 1098 2152 cognoscit,
1118 2111 1200 2140 vires
1212 2110 1288 2140 soli-

723 2164 767 2186 tas
779 2156 839 2186 sibi
854 2156 959 2186 deesse
969 2156 1072 2186 videt:
1086 2166 1118 2186 se
1128 2155 1213 2186 videt
1224 2167 1290 2186 esse

723 2202 814 2244 plane
828 2203 934 2234 alium.
947 2202 1045 2234 Aliud
1057 2209 1103 2234 est
1117 2203 1232 2233 nostris
1246 2213 1294 2239 req

1149 2264 1196 2301 26
