1414 2435
146 92 210 122 286

647 92 843 123 AENEIDOS

145 153 269 197 Quem
290 149 442 186 damnet
460 146 589 196 labor,
607 157 645 186 et
662 162 740 200 quo
758 159 891 201 vergat
911 150 1084 201 pondere
1102 153 1231 191 letum.

145 212 290 249 Emicat
309 210 389 257 hic,
407 210 552 260 inpune
568 219 726 262 putans,
744 221 782 250 ct
801 224 964 264 corpore
984 221 1066 251 toto

144 273 230 310 Alte
248 271 439 309 sublatum
458 273 654 323 consurgit
670 275 822 311 Turnus
842 274 882 311 in
901 287 1047 323 ensem,

146 336 192 370 Et
211 332 299 370 ferit
318 347 326 369 :
347 333 560 371 exclamant
577 337 715 381 Troes,
734 335 952 386 trepidique
971 336 1117 383 Latini,

1302 345 1350 370 ⁸30

144 393 396 444 Adrectaeque
415 392 618 431 amborum
635 394 734 433 acies
753 410 762 432 :
782 405 820 433 at
839 396 1008 446 perfidus
1027 397 1125 435 ensis

144 455 361 506 Frangitur,
381 454 423 492 in
440 455 644 507 medioque
665 456 863 495 ardentem
882 457 1023 495 deserit
1041 457 1140 504 ictu3

142 605 203 645 ipsi
222 603 266 633 dii
280 615 289 641 ;
305 605 373 644 ipse
391 604 520 645 Jupiter
540 603 622 634 libra
637 615 719 647 pug-

143 651 290 680 nantium
307 651 369 681 fata
385 653 521 681 trutinat
531 673 540 688 ‚
554 651 610 681 sed
629 662 720 692 aequa

143 696 248 727 adhuc
273 696 363 726 lance
394 708 453 726 nec
475 698 511 727 iu
536 697 721 728 alterutram

143 749 266 783 partem
280 753 448 784 propensa.
472 745 572 782 Quem
587 744 721 774 damnet

144 789 252 824 labor,
271 800 333 829 quo
357 795 478 829 vergat
499 789 646 828 pondere
674 791 720 818 le-

145 844 210 865 tum
222 846 233 865 .·
245 845 411 876 praegnans
421 835 533 864 oratio.
546 833 721 865 Videamus

144 883 284 923 primum
302 881 340 911 de
359 881 534 923 posteriore
546 903 554 918 ,
570 880 658 921 quod
675 892 721 911 es-

144 940 177 958 se
201 928 338 958 debebat
369 928 519 969 proprie,
548 934 619 957 utra
644 927 721 957 lanx

144 975 287 1016 pondere
300 981 409 1015 vergat
418 971 639 1017 (καταῤῥέπει)
648 997 657 1011 ,
671 985 722 1005 eo-

145 1033 206 1063 que
224 1023 295 1063 ipso
313 1028 449 1051 mortem
467 1020 645 1051 denuntiet.
660 1023 720 1051 Le-

145 1077 211 1099 tum
227 1070 334 1109 itaque
352 1079 412 1109 pro
428 1067 496 1108 ipsa
512 1068 601 1097 lance
621 1067 719 1106 dixit,

145 1126 208 1156 qua
230 1116 383 1146 inclinata
402 1125 487 1144 mors
503 1114 720 1155 subsequitur.

146 1164 167 1193 J
169 1173 218 1192 am
231 1164 320 1203 prius
330 1161 511 1192 membrum
525 1172 619 1201 quem
631 1161 721 1190 clam-

147 1217 202 1239 nec
220 1209 313 1239 labor
323 1207 471 1249 equidem
485 1218 551 1238 non
565 1207 655 1237 aliter
671 1218 718 1237 ac-

147 1256 250 1296 cipio,
273 1266 367 1297 quam
390 1261 427 1284 ut
448 1254 579 1284 eandem
594 1260 721 1283 senten-

147 1303 223 1332 tiam
240 1312 330 1332 more
351 1311 411 1331 suo
427 1300 475 1330 bis
490 1308 630 1341 exponat
645 1310 722 1340 poe-

147 1356 177 1379 ta
188 1359 196 1381 :
207 1360 301 1390 quem
315 1348 451 1378 damnet
463 1357 506 1377 se.
518 1347 598 1385 leto,
613 1353 722 1377 utrum

147 1407 163 1425 e
185 1395 313 1426 duobus
338 1396 434 1425 morti
459 1394 595 1424 destinet
612 1394 722 1434 iniqua

146 1453 201 1473 sua
214 1443 360 1479 fortuna,
380 1441 540 1472 calamitas
556 1451 628 1478 sua3
645 1450 700 1470 seu
713 1463 721 1477 ,

147 1489 238 1519 labor
251 1490 437 1529 simpliciter
461 1498 583 1529 pugna,
607 1494 644 1516 ut
665 1484 723 1516 πό·

147 1546 194 1571 νος
182 1558 237 1579 ,
232 1546 269 1566 uo
267 1534 344 1576 20oe
349 1560 356 1566 .
385 1537 441 1565 Est
463 1544 538 1574 ergo
563 1533 720 1574 xulgare:

147 1589 236 1620 nter,
265 1583 355 1612 lance
383 1582 532 1612 alterutra
560 1580 721 1620 depressa,

146 1630 245 1659 morti
261 1629 449 1659 destinetur.
464 1626 567 1657 Video
587 1627 664 1655 alios
677 1627 722 1656 sic

147 1677 290 1717 accipere
303 1698 311 1712 ‚
328 1681 364 1705 ut
378 1675 417 1703 sit
430 1684 489 1715 pro
504 1683 511 1704 :
531 1674 586 1714 qui
597 1672 723 1702 damne-

146 1730 199 1752 tur
215 1729 246 1752 et
268 1721 433 1752 addicatur
454 1720 567 1750 labori.
584 1719 722 1760 Scaliger

147 1779 224 1799 vero
243 1779 249 1799 :
268 1779 285 1798 a
302 1779 366 1809 quo
385 1767 500 1796 frustra
515 1766 608 1796 labor
621 1767 723 1805 suspi-

147 1817 261 1845 ciatur.
285 1814 440 1845 Nondum
473 1812 591 1842 damno
620 1822 723 1841 meam

148 1863 315 1891 rationem.
339 1862 383 1890 At
410 1860 538 1888 Servius
563 1859 722 1889 contraria

143 1911 256 1947 juncta
269 1906 421 1948 putabat:
439 1920 454 1931 α
471 1904 508 1935 Id
524 1911 586 1941 est,
598 1905 721 1944 iuquit,

148 1967 242 1996 quem
257 1961 333 1985 voto
349 1953 462 1984 liberet
478 1952 568 1983 labor
580 1951 723 1992 praelian-

150 2003 197 2039 di,
212 2010 301 2043 parta
324 2000 447 2031 seilicet
471 1999 605 2029 victoria
633 2005 722 2028 cte.»

150 2051 261 2079 varum
282 2048 466 2079 luculenter
481 2045 620 2076 declarat
633 2055 722 2075 men-

151 2102 213 2124 tem
253 2095 507 2130 Grammaticu53
539 2093 601 2123 hoc
636 2093 722 2122 enim

148 2142 238 2178 vult,
256 2149 289 2170 ut
313 2143 351 2170 sit
370 2151 377 2172 ε
401 2151 496 2181 quem
509 2163 516 2177 ‚
538 2139 570 2170 h.
590 2145 721 2174 utrum,

148 2189 215 2218 voti
241 2187 367 2217 damnet
401 2198 506 2227 pugna
529 2196 536 2217 ε
565 2192 601 2216 ut
628 2194 722 2226 supra

147 2234 214 2268 Ecl,
234 2237 274 2273 V,
294 2235 336 2264 80
350 2234 510 2265 danman-
523 2232 629 2268 ‘t=otis;
645 2232 676 2262 h.
692 2242 720 2263 e.

774 615 956 642 successus,
982 611 1115 635 eventus
1140 613 1268 645 pugnae.
1291 603 1352 635 Sed

774 663 817 683 an
830 652 991 682 damnare
1005 651 1049 680 ita
1065 650 1212 681 absolute
1224 661 1240 680 3
1255 657 1352 690 poeta

774 697 900 727 dictum
912 698 972 735 sit,
987 703 1074 727 recte
1094 696 1234 727 dubites.
1253 697 1353 738 Apud

774 744 921 775 Macrob.
927 745 969 781 V,
982 753 996 772 1
1004 744 1021 773 3
1030 743 1236 783 reprehensio
1244 743 1354 773 Gram-

774 791 884 819 matici
895 796 942 819 est
951 800 1021 819 non
1030 790 1138 830 inepta
1148 811 1157 826 ‚
1166 790 1287 820 interea
1294 811 1304 827 ‚
1318 791 1354 820 in

775 835 894 875 quibus
910 837 1004 865 Maro
1020 836 1225 866 Homericam
1241 837 1353 875 majes-

775 887 872 910 tatem
881 891 948 910 non
959 882 1144 920 aequaverit,
1156 892 1222 911 esse
1236 888 1268 911 et
1276 882 1352 919 hoc,

775 927 860 968 quod
875 934 948 968 post
957 937 1038 957 vers.
1054 933 1116 967 149
1128 949 1137 964 ,
1156 938 1168 956 1
1178 927 1220 957 50
1231 949 1239 964 ‚
1251 938 1353 968 quum

775 974 979 1004 manifestum
999 974 1063 1012 jam
1085 980 1183 1010 esset,
1204 976 1353 1005 Turnum

775 1022 888 1061 utique
916 1021 1116 1061 periturum,
1141 1031 1212 1050 sero
1246 1027 1352 1052 tamen

775 1068 901 1107 Jupiter
919 1067 985 1107 ipse
1008 1067 1091 1097 duas
1117 1074 1247 1108 aequato
1266 1079 1352 1108 port-

775 1113 850 1143 dere
873 1114 984 1144 lances
1010 1113 1153 1143 Sustinet
1169 1120 1230 1144 etc.
1253 1113 1354 1144 Addit

775 1160 862 1191 idem
880 1160 970 1191 bono
990 1169 1065 1189 cum
1085 1159 1233 1199 judicio:
1259 1174 1275 1187 «ι
1290 1160 1352 1192 Sed

774 1207 843 1237 haec
859 1214 890 1237 et
912 1207 972 1237 alia
989 1206 1183 1247 ignoscenda
1199 1206 1352 1260 Virgilio,

775 1255 848 1294 qui,
868 1252 965 1283 studii
996 1254 1080 1283 circa
1100 1255 1280 1284 Homerum
1302 1254 1353 1284 ni-

776 1301 903 1330 mietate
919 1299 1045 1329 excedit
1058 1299 1219 1330 modum.
1219 1300 1353 1331 Saltem

777 1348 870 1377 Maro
889 1353 992 1376 morte
1011 1345 1184 1387 impeditus
1205 1345 1355 1386 phantas-

777 1404 826 1423 ma
840 1393 902 1423 hoc
926 1393 1090 1434 poeticum
1109 1402 1177 1423 non
1192 1393 1265 1423 satis
1278 1403 1352 1423 cum

776 1440 898 1480 reliqua
909 1440 1058 1470 carminis
1070 1440 1249 1470 oeconomia
1259 1449 1352 1481 coag-

776 1493 942 1517 mentant.

826 1533 904 1571 728.
931 1534 1069 1572 Impune
1091 1539 1212 1571 putans
1234 1531 1268 1562 id
1291 1531 1353 1562 sibi

776 1579 920 1608 futurum
929 1588 937 1609 :
946 1585 1017 1608 tuto
1025 1588 1056 1607 se
1064 1577 1229 1608 illaturum
1238 1578 1351 1608 ictum.

781 1623 969 1666 Consurgit:
981 1634 1053 1665 sup.
1068 1625 1116 1653 XI
1126 1646 1135 1661 ‚
1149 1624 1233 1661 284,
1249 1634 1352 1665 quan·

777 1680 825 1702 cus
838 1671 870 1701 ιή
885 1672 1030 1712 clypeum
1043 1677 1218 1712 consurgat
1230 1680 1290 1711 pro
1302 1671 1352 1701 in·
1383 1674 1388 1678 ”

776 1726 895 1759 surgat.
905 1735 951 1742 -—-
964 1719 1003 1756 73
1015 1728 1040 1748 1.
1058 1719 1184 1747 Ductus
1207 1726 1297 1748 casus
1311 1726 1353 1747 ex

777 1765 866 1796 Iliad.
887 1776 929 1808 γ,
956 1765 1021 1794 363
1035 1786 1044 1801 ,
1063 1763 1123 1794 ubi
1146 1763 1286 1794 Menelai
1307 1764 1352 1794 ic·

778 1818 862 1849 tum,
876 1822 942 1852 quo
964 1810 1109 1842 Paridem
1124 1811 1205 1851 petit
1215 1832 1223 1848 ‚
1240 1809 1352 1840 similis

778 1859 908 1888 fortuna
930 1857 1041 1889 eludit.
1058 1858 1146 1888 Facit
1162 1862 1270 1886 autem
1293 1865 1350 1886 no-

778 1915 848 1934 vam
862 1905 1057 1946 voluptatem
1069 1926 1079 1940 ,
1096 1912 1277 1942 novamque
1295 1913 1351 1932 ex-

777 1951 1016 1992 spectationem,
1027 1948 1117 1990 quod
1127 1959 1167 1978 ne
1180 1959 1269 1978 nuuc
1283 1949 1353 1990 qui-

777 1998 850 2028 dem
865 1998 968 2028 Turni
985 1996 1047 2027 sata
1065 1995 1188 2025 exitum
1210 1994 1349 2033 habent,

776 2044 831 2074 sed
848 2043 887 2074 ad
909 2053 1024 2075 novam
1041 2051 1180 2083 pugnum
1196 2041 1351 2073 disserun-

777 2097 840 2122 tur.
851 2108 898 2114 —-
908 2091 985 2128 73²·
1005 2089 1166 2120 Sententia
1181 2088 1350 2130 imperfec-

776 2144 817 2168 ta.
829 2140 902 2168 Post
916 2136 1004 2166 hunc
1021 2145 1148 2165 versum
1164 2137 1270 2166 animo
1279 2145 1351 2176 sup-

776 2182 931 2224 plendum
948 2192 956 2213 :
972 2188 1003 2212 et
1018 2182 1146 2212 inermis
1161 2183 1207 2213 sie
1222 2181 1351 2214 relictus

775 2232 904 2262 'l'uruus
919 2230 1062 2272 periisset
1081 2230 1192 2270 utique
1203 2251 1212 2268 ,
1229 2229 1265 2260 ni
1279 2228 1353 2271 fuga
