1414 2435
552 106 674 138 LIBER
698 107 757 137 xl.
1130 119 1135 123 ·
1214 129 1222 141 Ι
1240 104 1256 111 “’

19 183 28 190 .
60 166 194 201 Cetera
213 176 288 213 qua
304 175 432 199 rerum
448 162 596 212 jaceant
614 164 787 212 perculsa
807 164 935 209 ruina,

1189 114 1254 134 1⁸¹.)

1208 170 1256 194 310

59 226 158 258 Ante
178 223 323 267 oculos,
344 222 518 271 interque
537 235 669 259 manus
690 232 776 259 sunt
796 223 922 258 omnia
938 230 1102 268 vestras;

61 284 141 318 Nec
160 294 386 331 quemquam
404 282 536 318 incuso
556 296 564 317 :
585 282 709 331 potuit
729 295 813 331 quae
833 283 997 332 plurima
1013 283 1134 319 virtus
1184 298 1189 302 ·

62 342 170 385 Esse,
192 341 279 387 suit3
300 349 380 377 toto
399 350 583 378 certatum
601 351 657 378 est
677 354 838 391 corpore
857 342 975 391 regni.

63 399 303 446 Nunc-adeo,
325 414 409 450 quae
429 402 476 438 sit
495 401 622 437 dubiae
642 402 826 438 sententia
845 402 963 438 menti

63 460 290 509 Expediam,
309 469 344 497 et
360 461 509 510 paucis,
531 462 674 498 animos
695 461 891 508 adhibete,
912 461 1070 498 docebo.
1211 467 1258 491 315

63 520 128 555 Est
147 520 323 568 antiquus
346 533 434 569 ager
450 523 574 556 Tusco
595 521 686 557 mihi
704 521 899 570 proximus
919 521 1037 565 amni,

64 579 234 627 Longis,
254 579 292 614 in
312 591 504 625 occasum,
525 580 607 616 finis
625 593 740 629 super
758 592 878 628 usque
899 580 1076 624 Sicanos;

64 636 236 672 Aurunci
251 637 458 686 Rutulique
477 646 628 683 serunt,
648 647 685 674 et
703 650 857 674 vomere
877 637 992 674 duros

66 698 253 733 Exercent
271 697 394 743 collis,
415 706 527 746 atque
544 697 682 733 horum
700 697 907 746 asperrima
924 704 1096 747 pascunt.

66 825 155 866 quod
183 827 391 856 certissimum
415 833 461 856 est
485 837 493 858 :
521 838 636 867 graece,

66 870 231 914 πρόχειρόν
257 871 330 902 ἐστι.
342 890 388 894 --
406 874 482 903 310.
502 873 614 902 Cetera
624 884 638 908 ;

67 918 148 948 bene
162 918 288 949 Servius
308 928 315 948 :
333 918 475 948 absolute
489 918 571 948 dixit
582 942 589 954 ‚
605 919 638 948 id

69 970 115 994 est
132 973 139 994 :
168 965 344 993 exercitum
357 987 365 1001 ,
389 964 507 993 auxilia
521 987 529 1001 ,
555 966 636 994 vires

68 1011 203 1050 imperii.
223 1010 348 1040 Scilicet
367 1011 473 1050 copias
490 1010 638 1051 intelligit

70 1055 108 1085 ad
121 1055 240 1085 bellum
251 1055 426 1097 gerendum
440 1057 636 1087 necessarias.

70 1103 132 1132 Pro
142 1101 354 1141 explicatione
363 1109 438 1131 sunt
448 1102 503 1131 inf.
517 1113 547 1131 V.
559 1108 597 1137 41
605 1113 636 1141 9,

75 1153 140 1182 420
156 1149 259 1177 Turni
271 1147 365 1177 verba
382 1156 390 1176 ε
408 1158 500 1186 opes,
514 1147 638 1177 intacta

68 1193 235 1234 juventus,
252 1193 389 1222 auaeilia.
401 1210 445 1216 —-
457 1194 474 1222 3
483 1203 533 1223 12.
561 1195 639 1233 Quoe

67 1237 210 1279 plurima
227 1239 258 1269 11.
275 1246 391 1279 quanta
406 1240 562 1275 maxima3
585 1238 638 1272 ὅση

73 1281 213 1316 πλείστη.
224 1302 271 1308 —
288 1286 305 1315 3
315 1286 365 1315 13.
385 1284 518 1325 Corpore
531 1285 636 1326 regni,

72 1341 134 1371 pro
157 1331 279 1360 viribus
289 1353 298 1368 ‚
325 1332 436 1371 copiis„
469 1331 529 1360 Inf.
559 1333 639 1367 XII,

33 1405 36 1407 ,
78 1376 143 1406 835
182 1377 350 1406 commixti
388 1387 516 1418 corpore
550 1383 641 1406 canto

76 1422 246 1452 Subsident
261 1422 380 1453 Teucri.

122 1469 140 1498 3
149 1468 188 1497 16
198 1486 244 1492 —-
253 1470 269 1499 3
277 1479 294 1498 2
303 1479 315 1498 1
323 1492 330 1498 .
355 1469 546 1499 Sententiam
572 1479 644 1509 poe-

74 1521 114 1544 tae
129 1525 169 1544 ex
183 1515 259 1555 ipsis
272 1515 377 1544 verbis
392 1525 550 1545 eruamUS.
565 1517 642 1545 Sua-

74 1559 127 1589 det
142 1562 273 1591 Latinus
291 1561 359 1590 cedi
376 1562 521 1599 Trojanis
534 1571 643 1602 agrum

74 1605 115 1635 ad.
131 1606 291 1645 Tiberim,
308 1617 403 1647 quem
418 1607 466 1636 his
484 1607 569 1636 notis
589 1607 642 1636 de-

74 1651 176 1691 signat
192 1662 200 1682 :
215 1660 262 1682 esc
278 1652 428 1693 antiquus
451 1663 531 1694 ager
544 1653 638 1689 mihi,

73 1697 109 1728 h.
126 1707 194 1727 non
212 1705 319 1728 nostra
339 1698 469 1727 demum
492 1700 643 1729 memoria

75 1749 250 1783 occupatus
278 1750 309 1773 et
338 1743 462 1780 cultus,
482 1744 594 1785 longus
610 1745 643 1773 in

77 1799 236 1825 occasum,
256 1800 323 1819 non
339 1788 426 1829 quod
442 1790 475 1818 in
497 1800 645 1819 occasum

73 1835 295 1876 protendatur,
306 1835 361 1864 sed
368 1834 454 1874 quod
463 1845 479 1863 a
489 1836 647 1865 Laurento

75 1882 110 1911 in
124 1891 272 1911 occasum
283 1887 414 1922 spectat,
426 1887 455 1910 et
465 1880 526 1910 late
537 1891 645 1910 versus

76 1927 227 1957 orientale
233 1927 356 1957 Tiberis
363 1927 439 1956 litus
447 1926 590 1967 procedit
600 1937 646 1955 115-

78 1984 138 2013 que
145 1973 192 2002 ad
198 1972 381 2003 Sicanorum
383 1973 480 2016 sines,
490 1983 569 2013 quos
577 1983 646 2001 ver-

77 2029 131 2049 sus
140 2021 273 2050 Romam
281 2030 296 2049 a
304 2026 395 2060 poeta
406 2020 482 2059 poni
494 2018 645 2049 credibile

79 2062 126 2094 fit.
142 2065 268 2095 Scilicet
288 2073 431 2096 auctores
446 2065 498 2095 ille
517 2065 645 2095 videtur

78 2108 225 2140 habuisse
234 2132 243 2148 ,
275 2113 332 2153 qui
357 2112 485 2142 Sicanos
518 2121 645 2152 quoque

81 2154 120 2184 ad
135 2155 276 2187 Tiberim
296 2156 466 2198 aliquando
478 2157 646 2188 incoluisse

81 2209 255 2234 narrarent.
276 2204 361 2245 Ager
382 2203 435 2233 hic
445 2224 455 2242 ,
483 2204 540 2246 qui
566 2203 647 2234 Latii

691 839 762 868 pars
776 835 842 858 erat
852 851 860 866 ‚
877 828 917 858 ab
937 827 1099 858 Auruncis
1113 833 1144 856 et
1159 829 1265 858 Rutu-

691 875 728 903 lis
745 875 859 914 partim
873 874 1048 909 colebatur,
1059 874 1175 913 partim
1191 885 1262 914 pas-

691 920 819 950 cehatur
837 930 844 950 :
865 930 960 950 νει-55.
980 920 1064 956 318,
1083 921 1166 959 319;
1187 930 1265 960 ergo

690 965 749 995 hos
772 966 908 996 Rutulos
942 972 973 995 et
1001 966 1174 995 Auruncos
1201 965 1262 995 sub

691 1012 793 1042 Latini
827 1012 963 1051 imperio
1004 1010 1098 1040 fuisse
1136 1021 1262 1041 necesse

692 1064 748 1086 est.
776 1059 856 1087 Sunt
881 1059 915 1086 in
943 1056 1004 1086 hoc
1038 1067 1112 1097 agro
1148 1057 1242 1087 colles
1253 1079 1261 1093 ,

692 1109 722 1132 et
744 1109 861 1132 tractus
882 1103 982 1144 asperi
1007 1109 1039 1132 et
1062 1104 1185 1139 saxosi,
1203 1113 1262 1132 nec

691 1149 752 1177 nisi
782 1151 906 1188 pascuis
936 1148 1060 1185 idonei,
1088 1155 1156 1178 tum
1185 1159 1264 1189 quo-

692 1205 754 1233 que
772 1196 888 1234 pineta.
903 1194 1040 1223 Videtur
1058 1194 1120 1224 hoc
1137 1195 1176 1224 ad
1193 1195 1258 1224 col-

691 1240 736 1269 les
755 1240 897 1270 Albanos
911 1247 1068 1279 spectare,
1089 1250 1170 1280 quos
1188 1251 1261 1281 ager

693 1287 751 1315 iste
764 1287 917 1326 attingere
927 1285 1052 1321 debuit,
1067 1285 1265 1326 quandoqui-

694 1331 766 1360 dem
787 1331 884 1360 iidem
906 1332 1038 1360 omnino
1058 1341 1168 1372 agrum
1186 1334 1264 1361 Lau-

695 1385 817 1406 rentem
843 1376 1010 1407 finiebant.
1043 1379 1125 1407 Sunt
1156 1378 1191 1407 in
1215 1377 1265 1406 his

696 1424 815 1459 omnia,
830 1430 911 1463 puto
921 1445 931 1459 ,
944 1424 1016 1452 satis
1031 1422 1187 1463 expedita.
1199 1425 1267 1454 Ser-

696 1470 766 1499 vius
779 1476 863 1498 recte
884 1468 998 1498 refellit
1015 1470 1176 1498 Donatum
1187 1491 1195 1506 ‚
1209 1470 1265 1509 qui

697 1515 735 1544 ad
765 1525 854 1556 agros
887 1515 969 1544 circa
993 1516 1144 1544 Usentem
1170 1514 1204 1545 ss.
1229 1515 1265 1544 in

695 1561 820 1592 Volscis
829 1561 896 1590 haec
906 1560 1076 1598 referebat3
1091 1562 1164 1598 etsi,
1177 1560 1266 1601 quod

694 1609 810 1644 miror,
831 1607 997 1638 Cluverius
1009 1608 1128 1636 Donati
1142 1613 1267 1636 senten-

695 1655 771 1683 tiam
798 1653 962 1693 amplexus
996 1659 1060 1691 est,
1085 1653 1155 1683 Ital.
1185 1654 1263 1683 Ant.

695 1711 727 1740 p.
747 1700 823 1739 7'89.
838 1699 959 1729 Habuit
973 1705 1077 1728 autem
1091 1706 1182 1738 poeta
1193 1708 1267 1727 auc-

698 1746 854 1775 toritatem
868 1767 876 1782 ,
893 1755 988 1784 quam
1004 1746 1037 1774 in
1053 1744 1101 1773 his
1118 1753 1264 1783 sequere-

699 1797 769 1826 tur,
785 1791 929 1826 Catonis‚
952 1790 1025 1829 qui,
1049 1795 1087 1818 ut
1103 1789 1187 1829 apud
1199 1790 1266 1819 Ser-

699 1837 787 1865 vium
802 1836 919 1877 legitur
930 1857 938 1871 ,
955 1836 989 1863 iu
999 1835 1185 1874 Originibus
1198 1844 1267 1864 nar-

698 1887 836 1917 raverat,
853 1881 1008 1918 Trojanos
1025 1890 1041 1909 a
1054 1881 1167 1910 Latino
1183 1891 1267 1910 acce-

698 1929 778 1967 pisse
788 1937 897 1967 agrum
905 1948 913 1962 ‚
929 1926 984 1966 qui
1000 1932 1080 1955 esset
1092 1926 1174 1955 inter
1185 1928 1266 1956 Lau-

698 1979 826 2003 rentum
845 1979 876 2001 et
894 1978 992 2001 castra
1008 1971 1162 2009 Troiana,
1175 1972 1267 2012 juge-

699 2029 769 2048 rum
792 2018 886 2048 DCC.
911 2017 1072 2047 Domitius
1087 2017 1143 2048 lib.
1164 2018 1179 2046 Ι
1200 2018 1266 2048 his-

699 2065 788 2094 toriae
817 2074 881 2093 suae
914 2065 943 2093 D
965 2063 1074 2103 jugera
1107 2062 1265 2102 ediderat,

699 2117 827 2140 auctore
841 2111 971 2140 Victore
987 2111 1026 2140 Ο.
1042 2109 1083 2139 G.
1103 2111 1142 2140 R.
1158 2119 1185 2140 c.
1199 2120 1243 2147 >12
1258 2132 1267 2147 ,

698 2167 793 2197 quem
808 2166 977 2186 numerum
995 2166 1034 2185 ex
1047 2156 1178 2185 Hemina
1190 2166 1269 2196 quo-

699 2213 760 2244 que
779 2203 892 2244 repetit
910 2201 1037 2234 Solinus
1058 2211 1127 2243 cap.
1150 2202 1180 2232 8.
1203 2204 1269 2232 sta-
