1414 2435
103 70 168 100 206

600 69 793 100 AEN'ELDOS

99 129 198 164 Tum
216 125 379 162 validam
396 137 539 174 perque
559 137 662 162 arma
680 125 764 161 viro
782 137 926 174 perque
946 137 1030 162 ossa
1047 125 1208 163 securim
1218 124 1240 175 ‚l

99 186 223 223 Altior
240 198 462 235 exsurgens,
483 185 606 222 oranti
624 194 661 222 et
677 185 796 222 multa
813 185 984 234 precanti

100 247 344 295 congeminat
361 261 369 282 z
389 246 523 283 volnus
541 245 664 283 calido
682 245 780 295 rigat
799 258 867 283 ora
885 245 1055 283 cerebro.

100 307 238 344 Incidit
256 306 364 352 huic,
382 305 585 356 subitoque
604 306 786 355 adspectu
804 306 958 343 territus
975 305 1085 343 haesit

99 365 408 416 Appenninicolae
423 365 585 403 bellator
603 365 701 403 filius
718 365 836 411 Auni,

1246 383 1293 408 700

98 426 211 464 Haud
230 426 413 476 Ligurum
432 436 642 472 extremus,
663 426 753 462 dum
771 426 899 462 fallere
920 426 996 462 fata
1013 425 1197 463 sinebant.

99 490 230 536 Isque,
251 487 320 524 ubi
338 500 377 524 se
395 487 498 523 nullo
513 488 590 537 jam
611 499 726 524 cursu
745 485 906 523 evadere
924 499 1059 535 pugnae

99 549 230 593 Posse,
247 559 370 597 neque
389 548 590 585 instantem
609 546 778 596 reginam
797 554 986 591 avertere,
1006 546 1142 592 cernit3

101 607 266 644 Consilio
283 620 435 644 versare
453 608 560 646 dolos
577 608 767 658 ingressus
785 614 821 643 et
841 614 941 651 astu,

100 667 238 716 Incipit
257 667 338 703 haec
357 681 365 703 z
384 684 399 701 «
419 667 522 713 Quid
544 675 618 704 tam
638 667 852 717 egregium,
870 665 902 702 si
919 665 1058 702 femina
1078 664 1168 700 forti

1246 674 1293 706 705

99 726 201 775 fidis
221 727 343 776 equo?
361 725 507 764 dimitte
527 727 673 776 fugam,
691 734 728 764 et
746 735 782 765 te
802 727 1011 764 comminus
1030 739 1138 776 aequo

98 897 199 926 ictum
220 896 353 937 bipenni
376 896 502 938 infligit.
527 897 668 927 Securim

100 942 324 984 congeminat,
347 953 407 984 pro
419 966 427 981 ‚
451 945 570 980 ictum,
597 943 668 973 vul-

100 999 172 1019 nus.
189 989 283 1020 Silius
299 990 330 1026 Ι,
352 995 418 1029 429
435 989 670 1031 aper—gemi-

103 1042 161 1065 nat
184 1042 295 1065 contra
323 1035 489 1065 ‘venabula
518 1036 665 1071 dentem,

99 1080 132 1111 h.
149 1092 176 1112 e.
193 1092 344 1112 morsum.
355 1100 402 1105 —
417 1082 495 1122 697.
512 1081 630 1112 Oranti
641 1089 673 1112 ee

101 1127 203 1157 multa
214 1128 378 1168 precanti,
402 1128 465 1158 hoc
487 1139 555 1158 non
576 1128 670 1158 video

100 1183 196 1214 quam
206 1174 372 1204 commode
381 1185 397 1204 a
411 1181 503 1215 poeta
513 1175 670 1214 adjectum

99 1220 140 1249 sit
157 1229 164 1250 :
185 1221 372 1251 Orsilochus
396 1222 495 1261 ipsam
512 1232 672 1263 aggressus

101 1273 186 1304 erat3
213 1277 301 1297 nuuc
328 1274 393 1298 arte
420 1268 558 1298 Camillae
589 1277 671 1308 prae-

101 1320 216 1343 ventus
244 1312 411 1354 fugiebat:
437 1315 508 1354 quis
534 1314 588 1344 hic
606 1320 673 1344 erat

102 1359 302 1400 supplicandi
310 1360 401 1390 locus
410 1360 423 1390 Ρ
433 1377 479 1383 --
489 1361 568 1401 698.
588 1361 670 1391 Con-

98 1405 249 1446 geminat
265 1407 408 1442 vul1ms;
433 1407 540 1437 calido
562 1406 673 1437 distin-

101 1451 218 1491 guebat
244 1452 378 1484 Oudart.
407 1454 546 1484 Similem
575 1455 674 1484 inter-

98 1500 307 1538 punctionem
319 1507 476 1540 repererat
485 1501 674 1532 Serv.——-Di-

101 1554 230 1574 versum
247 1552 311 1582 est,
330 1547 536 1576 Homericum
553 1556 561 1577 :
588 1544 676 1590 ἐγκέ-

102 1593 199 1631 φαλος
219 1587 253 1621 δὲ
273 1588 358 1621 ἔνδον
372 1590 457 1628 ἅπας
470 1590 672 1623 πεπάλακτο.

147 1636 214 1677 699
225 1648 293 1678 sqq.
309 1637 406 1678 Quod
419 1640 563 1680 sequitur
575 1639 675 1679 episo-

102 1682 191 1713 dinm
206 1686 346 1714 novitate
357 1707 366 1722 ‚
382 1692 412 1714 et
431 1687 579 1715 varietate
592 1695 672 1725 prae-

100 1728 221 1760 clarum
239 1737 271 1760 et
286 1731 324 1760 ab
341 1731 429 1761 omui
445 1739 533 1771 parte
551 1731 672 1772 perfec-

101 1781 183 1806 tum.
204 1778 332 1818 Ligures
351 1777 534 1815 fraudibus,
552 1784 583 1807 et
603 1788 673 1818 per-

99 1820 177 1852 fidia
192 1824 325 1854 omnino
339 1824 469 1854 infames
485 1824 573 1854 fuere
589 1833 596 1854 :
614 1824 675 1854 for-

101 1875 132 1898 te
142 1871 215 1909 quia
226 1872 384 1900 montium
395 1870 522 1900 latebris
534 1870 675 1901 hostium

102 1915 250 1946 incursus
279 1916 425 1954 eludere,
444 1928 559 1958 eosque
591 1918 674 1946 inter

101 1961 252 1992 silvarum
282 1963 424 2005 ambages
455 1971 487 1993 et
516 1964 612 1993 saltus
640 1964 673 1992 iu

101 2007 228 2039 iusidias
244 2010 368 2040 allicere
380 2010 533 2041 solebant.
547 2010 675 2051 Liglwes

105 2065 214 2084 omnes
232 2057 394 2096 Jizllaccs,
422 2057 517 2086 verba
546 2056 674 2087 Catonis

105 2101 212 2141 Origg.
241 2103 296 2133 lib.
322 2105 350 2134 11
380 2104 496 2133 excitat
519 2105 607 2133 Serv.
634 2101 673 2132 ad

105 2145 138 2175 h.
163 2147 203 2182 l.;
221 2148 355 2178 eundem
375 2149 438 2179 vid.
466 2149 505 2179 ad
528 2160 572 2179 VS.
594 2148 671 2186 715.

103 2193 237 2233 Liguria:
259 2201 362 2225 nutem
388 2206 498 2237 magua
518 2206 589 2237 pars
615 2205 672 2236 per

720 899 788 938 ipsa
807 896 972 936 Apennini
990 896 1064 937 juga
1083 894 1293 936 protendeba-

721 950 784 973 tur.
799 942 919 972 Incidit
928 941 1011 978 Ιιιιῐε,
1030 941 1167 978 iuliane,
1181 952 1290 983 graece.

722 1007 768 1013 —-
779 999 855 1027 700.
869 988 1139 1029 Appenninicoloe
1154 987 1294 1017 scriben-

723 1036 801 1066 dum
814 1046 879 1065 esse
898 1036 979 1065 bene
993 1036 1119 1064 monuit
1133 1033 1273 1064 Brunck.
1286 1057 1295 1070 ‚

723 1083 832 1112 saltem
846 1093 886 1111 ex
900 1081 1120 1112 communiore
1135 1090 1210 1116 usu,
1228 1081 1294 1120 Ap-

719 1128 880 1169 penninus
916 1138 974 1168 pro
1007 1124 1208 1166 Apenninus.
1242 1128 1295 1156 Au

723 1176 825 1216 prima
848 1176 881 1203 in
898 1174 967 1204 ullo
988 1174 1099 1203 Latino
1118 1178 1212 1213 poeta
1227 1182 1296 1202 cor-

725 1229 813 1263 repta
826 1226 992 1256 occurrat,
1011 1221 1126 1261 ignoro
1141 1242 1149 1256 ‚
1164 1229 1223 1248 nec
1246 1229 1295 1248 va-

725 1275 775 1299 cat
796 1277 947 1308 quaerere.
963 1267 1007 1296 At
1021 1266 1157 1306 Dionys,
1174 1266 1295 1305 Perieg.

727 1316 790 1351 343
810 1313 925 1357 5904...
945 1305 1033 1355 ὸρρά
1051 1322 1085 1342 τε
1112 1309 1296 1344 κικλήσκου-

724 1372 768 1392 σιν
804 1352 961 1392 Ant-svm.
991 1358 1077 1389 Enni
1102 1357 1200 1388 Goth.
1225 1364 1294 1388 tert.

726 1407 819 1438 Anni
839 1409 920 1438 Ven.
947 1413 978 1436 et
1001 1407 1112 1436 Franc.
1142 1406 1295 1434 Burman-

726 1465 786 1485 nus
805 1454 886 1484 bene
904 1453 1034 1483 remittit
1055 1462 1115 1482 nos
1129 1450 1169 1481 ad
1183 1451 1294 1481 Silium

727 1502 794 1538 vt,
818 1511 879 1539 109
892 1521 900 1536 ‚
917 1499 975 1529 ubi
995 1508 1002 1529 :
1030 1498 1124 1527 tellus
1145 1496 1296 1526 lacrima-

726 1546 799 1576 bilis
810 1545 899 1576 Αιιιιί
909 1555 950 1575 ex
959 1544 991 1575 h.
1003 1544 1024 1574 l.
1036 1551 1066 1573 et
1078 1542 1189 1572 similis
1199 1544 1297 1572 varie·

727 1599 784 1622 tas.
813 1595 967 1623 Provocat
991 1589 1029 1619 ad
1062 1589 1174 1620 Silium
1204 1590 1296 1618 etiam

726 1638 794 1669 Jul.
810 1638 919 1669 Sabin.
934 1655 978 1660 —-
991 1647 1067 1674 701.
1092 1635 1192 1665 Haud
1208 1634 1300 1676 Ligu-

726 1684 888 1715 rum—h.
908 1683 1034 1713 frmide:
1054 1682 1178 1722 quoties
1195 1691 1229 1710 ea
1250 1682 1297 1711 uti

725 1730 858 1767 licebat,
875 1731 1001 1759 nemine
1027 1730 1109 1758 iuter
1131 1727 1299 1768 populares

725 1777 868 1807 inferior.
882 1792 929 1799 —-·
946 1786 1022 1813 702·
1050 1773 1201 1804 Evadere
1216 1784 1298 1815 pug-

728 1834 797 1859 noe,
815 1833 916 1864 graece
938 1833 998 1863 pro
1021 1818 1158 1860 vulgari,
1174 1829 1297 1860 pugna,

727 1877 759 1900 et
777 1869 935 1911 ingressus
951 1878 1010 1909 pro
1025 1865 1161 1907 pedestri
1175 1875 1298 1906 aggres-

726 1927 778 1947 sus
789 1939 798 1953 ‚
815 1915 964 1951 moliens3
982 1921 1017 1944 ut
1030 1912 1068 1942 de
1083 1911 1207 1942 dicente
1225 1913 1295 1942 AEu.

728 1964 787 2000 IV,
812 1973 890 1999 107;
907 1962 971 1997 Vl,
989 1959 1208 1996 868.--705.
1225 1959 1298 1987 For-

728 2009 754 2039 ti
777 2019 868 2049 equo.
892 2006 1041 2048 Epith‹-to
1072 2006 1209 2045 primum
1240 2004 1297 2034 ob·

726 2061 852 2085 servant
870 2063 962 2083 usum
986 2052 1124 2082 Ennium
1141 2052 1210 2092 (ap.
1228 2051 1294 2082 Cic.

727 2102 794 2133 Cat.
825 2099 887 2139 5),
917 2106 984 2129 tum
1009 2100 1132 2128 Lucret.
1161 2099 1227 2133 111,
1255 2097 1273 2127 8
1287 2119 1296 2134 ,

725 2158 811 2178 nuuc
826 2146 901 2176 hinc
915 2147 1090 2175 Maronem.
1104 2145 1238 2175 Faciunt
1245 2153 1298 2174 nu-

725 2201 788 2225 tem
799 2194 879 2224 vires
894 2191 931 2223 nd
943 2192 1208 2223 velocitntc111.—
1219 2190 1295 2230 706.
