1414 2435
125 29 190 67 376

486 29 521 58 P.
547 27 730 58 VIRGILII
754 28 952 60 MARONIS

125 87 261 124 Omnia
280 98 339 122 me
357 86 482 135 potius
502 85 615 136 digna
634 95 746 136 atque
765 87 920 137 indigna
935 85 1110 123 laborum

125 146 245 182 Millia
264 146 450 192 visuram,
471 159 584 197 quam
605 156 641 183 te
662 155 738 183 tam
757 147 929 185 tristibus
948 147 1027 184 istis

127 206 331 252 Sordibus,
350 215 387 243 et
403 207 525 243 scoria
544 207 668 256 patiar
685 207 878 245 tabescere
898 207 976 244 tali.
994 223 1010 240 »

178 269 269 303 Haec
287 266 475 315 loquitur3
495 267 675 316 mollique
693 275 736 302 ut
755 280 794 304 se
813 267 954 303 velavit
973 266 1130 312 amictu,
1278 271 1324 295 2⁵0

126 325 356 374 Frigidulam
376 326 513 376 injecta
533 326 743 363 circumdat
758 335 863 364 veste
882 326 1063 375 puellam,

128 387 221 431 Quae
238 385 344 435 prius
363 385 403 421 in
421 386 527 422 tenui
546 395 701 423 steterat
717 386 908 424 succincta
928 398 1082 424 corona.

125 444 261 480 Dulcia
281 444 416 481 deinde
436 447 539 495 genis
560 447 779 484 rorantibus
799 448 927 484 oscula
947 447 1083 496 figens,

127 504 372 552 Persequitur
388 505 535 543 miserae
556 520 704 545 caussas
725 507 926 557 exquirere
947 506 1064 550 tabi53

129 564 207 598 Nec
227 572 353 600 tamen
372 574 459 603 ante
479 567 572 604 ullas
588 568 733 619 patitur
752 567 826 605 sibi
848 567 1009 604 reddere
1029 577 1161 610 voces,
1286 571 1333 594 ²⁵5

130 626 390 661 Marmoreum
411 626 663 664 tremebunda
679 627 815 677 pedem
836 640 950 676 quam
969 624 1116 663 rettulit
1135 624 1244 659 intra.

133 684 202 721 Illa
223 693 366 731 autem,
388 703 402 718 α
424 687 527 732 Quid
547 701 649 724 nunc
669 701 747 732 me,
765 688 908 737 inquit,
930 685 1139 731 nutricula,
1161 682 1336 731 torques?

135 744 239 790 Quid
258 753 404 780 tantum
423 759 608 794 properas
628 757 777 784 nostros
798 747 948 783 noxisse
969 746 1144 783 furores?

135 805 222 840 Non
243 815 312 851 ego
329 811 510 839 consueto
531 804 756 841 mortalibus
777 818 870 841 uror
891 818 1038 851 amore,

138 865 217 899 Nec
235 862 330 898 mihi
348 870 527 899 notorum
547 862 752 900 deflectunt
771 864 914 899 lumina
932 864 1078 908 voltus,
1293 869 1339 893 ²60

138 925 217 959 Nec
237 923 386 972 genitor
403 922 509 959 cordi
531 931 585 958 cst
605 937 613 957 ε
632 924 733 959 ultro
752 936 916 972 namque
934 923 1084 959 odimus
1102 922 1234 958 omnis.

139 982 202 1018 Nil
217 990 317 1018 amat
336 981 399 1017 hic
419 982 584 1026 animus,
604 983 753 1026 nutrix,
773 981 877 1031 quod
898 990 1050 1030 oportet
1067 982 1202 1026 amari,

141 1044 185 1077 In
207 1053 282 1089 quo
304 1040 394 1076 salsa
415 1048 539 1076 tamen
556 1041 670 1077 lateat
690 1041 839 1090 pictatis
858 1040 983 1090 imago
1003 1055 1010 1077 :

144 1100 219 1138 Sed
239 1100 362 1136 media
382 1113 428 1136 cx
448 1100 546 1145 acic,
566 1099 699 1136 mediis
721 1114 767 1136 cx
786 1099 971 1137 hostibus.
993 1102 1081 1136 Heu
1098 1099 1196 1145 heu,

144 1159 248 1205 Quid
268 1159 412 1195 dicam?
431 1171 556 1207 quove
576 1158 656 1207 ipse
676 1159 814 1195 malum
834 1159 908 1194 hoc
927 1159 1106 1196 exordiar
1123 1161 1212 1195 ore?
1297 1166 1343 1190 2⁶⁵

144 1219 278 1255 Dicam
296 1218 489 1268 cquidem3
511 1218 690 1267 quoniam
711 1217 802 1267 quid
824 1226 864 1254 tu
884 1217 955 1254 tibi
974 1218 1119 1265 dicere,
1138 1217 1267 1255 nutrix

144 1281 231 1315 Non
253 1276 357 1323 sinis,
382 1285 593 1313 extremum
613 1276 686 1312 hoc
707 1289 844 1313 munus
863 1276 1060 1313 morientis
1080 1276 1234 1314 habeto.

146 1337 232 1382 Ille,
248 1336 371 1381 vides,
395 1335 532 1372 nostris
551 1336 616 1384 qui
637 1335 822 1373 moenibus
844 1335 989 1372 adsidet
1009 1335 1149 1381 hostis,

148 1400 270 1443 Quem
288 1405 395 1445 pater
414 1396 494 1445 ipse
515 1395 627 1431 deum
645 1396 785 1446 sceptri
806 1395 962 1433 donavit
982 1395 1148 1441 honore,

198 1539 274 1569 250.
298 1539 402 1577 thue
422 1539 488 1578 ipsa
504 1538 625 1567 scilicet
645 1538 721 1568 Car-

151 1595 218 1622 me,
233 1586 342 1613 amicta
357 1591 422 1613 crat
442 1584 530 1613 molli
549 1591 643 1613 vestc-
660 1586 723 1614 No-

150 1639 179 1661 ta
200 1631 299 1660 fornia
317 1629 460 1667 dicendi,
479 1640 538 1670 pro
552 1631 722 1669 quonium,

151 1675 418 1718 quandoquidem.

202 1724 278 1752 25⁴3.
298 1724 474 1761 Interrogat
488 1732 554 1751 eam
567 1722 725 1762 simulque

154 1773 235 1799 iutra
248 1768 434 1798 cubiculum
447 1767 579 1798 reducit.
593 1768 631 1798 cf.
646 1779 723 1799 222.

202 1815 277 1845 260.
314 1816 469 1844 Natorum
502 1815 625 1849 multus,
659 1826 724 1845 nou

156 1863 239 1898 noli,
265 1862 373 1897 amici,
396 1861 569 1903 deflectunt
589 1861 724 1892 lumina.

157 1910 209 1937 Ait
239 1919 271 1936 se
308 1918 371 1936 non
414 1908 588 1936 amicorum
620 1917 725 1937 amore

159 1955 256 1993 mugi,
278 1953 346 1990 scd,
370 1953 458 1993 quod
478 1954 532 1982 vix
557 1953 724 1991 credibile,

157 1999 313 2036 hostium,
343 2006 377 2028 ut
404 1999 539 2040 Scaliger
568 2000 648 2029 bene
673 2011 727 2029 cx-

160 2046 265 2084 plicat.
286 2046 466 2087 Defleccwtt
482 2045 624 2081 lamina,
652 2057 728 2075 ocu-

159 2090 206 2119 los
221 2098 359 2127 nosti-ns,
374 2103 424 2127 ca,
441 2102 512 2132 qum
526 2092 727 2129 admiramur,

161 2142 213 2164 aut
230 2146 365 2175 quornm
383 2148 488 2167 :imore
503 2145 531 2167 ct
555 2138 728 2178 cupiditate

776 1536 996 1574 incendimur,
1018 1543 1054 1566 ut
1067 1536 1108 1566 ab
1126 1536 1247 1565 intuitu
1268 1535 1348 1564 male

777 1584 871 1613 nobis
891 1591 1116 1623 temperemus,
1131 1589 1223 1622 atque
1240 1581 1348 1611 eadeiu

778 1629 973 1659 discedentes
989 1630 1202 1669 respiciamus.
1213 1629 1295 1658 Mox
1309 1626 1352 1657 ul-

780 1682 827 1704 tro
846 1674 1076 1717 significatione
1101 1675 1262 1715 accipiunt
1279 1673 1349 1709 illa,

780 1733 842 1762 qua
859 1733 917 1762 pro
934 1723 1036 1758 ultra,
1054 1721 1190 1761 insuper,
1212 1721 1351 1762 positum

779 1768 927 1805 betheun-3
945 1769 1042 1797 innuo
1061 1778 1156 1804 vero,
1171 1767 1272 1796 multo
1287 1775 1350 1795 ma-

779 1816 844 1856 gis,
861 1822 897 1844 ut
913 1814 1036 1845 AEneid.
1054 1815 1134 1850 XII,
1154 1813 1171 1843 3
1192 1819 1223 1842 et
1246 1812 1349 1841 toties.

829 1861 905 1891 263.
928 1863 966 1889 In
984 1859 1150 1901 quofalsa
1165 1866 1274 1888 tamen
1291 1864 1348 1887 etc.

780 1909 874 1944 Puta,
890 1908 915 1936 si
934 1914 1056 1947 patrem
1074 1910 1190 1935 amaret
1206 1913 1214 1934 :
1232 1904 1265 1933 in
1284 1913 1351 1943 quo

779 1953 889 1990 lateat,
917 1954 975 1982 etsi
999 1952 1088 1988 falsa,
1115 1952 1217 1991 imago
1247 1956 1351 1980 tamen

781 2000 904 2040 pietatis
922 2009 929 2029 :
947 1998 979 2035 h,
994 2009 1021 2028 c.
1037 1997 1152 2027 amoris
1170 1997 1203 2025 iu
1219 2006 1351 2026 consan-

781 2046 927 2086 guineos,
946 2045 1001 2084 qui
1015 2044 1147 2084 praetexi
1160 2044 1269 2083 possit.

831 2092 906 2131 269.
937 2092 1034 2130 Quem
1051 2097 1149 2130 pater
1164 2088 1230 2129 ipse
1258 2087 1351 2119 deum

783 2137 899 2177 sceptri
928 2135 1058 2166 donas-ic
1090 2134 1218 2165 honore.
1259 2134 1354 2166 Haud
