1414 2435
577 73 700 110 LIBER
722 76 798 109 XII.

1226 79 1288 109 233

145 144 195 178 At
214 141 360 190 regina,
381 150 480 175 nova
495 149 631 187 pugnae
651 135 858 174 conterrita
874 143 975 172 sorte
987 163 997 181 ‚

96 202 247 248 Flebat3
262 209 299 238 et
318 198 512 236 ardentem
531 210 712 248 generum
733 197 919 234 moritura
939 194 1092 234 tenebat
1111 202 1120 232 ε’
1255 205 1286 229 55

95 281 110 295 «
127 266 271 308 Turne,
288 274 357 311 per
374 261 442 298 has
458 272 528 310 ego
544 269 582 296 te
597 259 788 306 lacrimas,
805 272 874 309 per
885 287 894 304 ‚
916 259 946 295 si
965 259 1049 308 quis
1065 260 1208 296 Amatae

94 322 229 372 Tangit
248 322 368 358 honos
390 320 575 366 auimum;
595 333 680 369 spes
699 329 741 356 tu
759 332 860 356 nunc
879 332 974 364 uua,
997 326 1156 355 senectae

92 385 150 419 Tu
170 382 320 432 requies
339 383 503 428 miserae3
524 381 638 418 decus
654 380 933 430 imperiumque
954 380 1078 416 Latini

91 444 144 478 Te
162 455 297 491 penes;
317 441 356 478 in
376 449 412 478 te
429 441 550 478 omnis
571 440 704 477 domus
723 440 899 477 inclinata
918 438 1126 485 recumbit3

91 505 220 540 Unum
234 515 302 539 oro
321 517 330 538 :
351 502 487 539 desiste
503 514 655 538 manum
675 500 898 538 conmittere
916 500 1084 537 Teucris.
1254 509 1286 532 60

92 563 169 608 Qui
188 571 224 598 te
239 575 401 610 cumque
417 570 569 597 manent
586 561 658 598 isto
679 561 883 596 certamine
903 572 1010 596 casus
1022 587 1032 605 ,

92 623 139 658 Et
158 634 237 667 me,
257 624 404 666 Turne,
426 629 578 657 manent
596 635 604 656 :
622 620 733 656 simul
751 619 831 656 haec
850 619 971 655 invisa
990 618 1201 668 relinquam

91 681 272 726 Lumina,
292 693 362 716 nec
381 692 560 729 generum
580 681 725 715 AEnean
741 679 891 728 captiva
905 677 1058 715 videbo.
1077 695 1093 712 u

91 740 253 801 Αάξορίῐ
268 753 401 777 vocem
420 739 585 776 lacrimis
602 739 760 775 Lavinia
777 738 908 774 matris

89 858 181 888 licuit
210 864 315 888 autem
341 864 444 898 poetae
475 866 596 897 ponere
625 856 660 885 id

89 903 176 945 quod
198 905 350 934 remotius
369 911 458 933 esset.
478 902 538 934 Sed
554 902 594 932 ad
611 903 660 932 in-

89 951 347 991 terpunctionem
375 950 537 980 attendere
565 949 660 979 debe-

88 996 165 1027 bant
191 999 379 1037 interpretes
407 1007 416 1027 :
445 1007 508 1037 qua
541 1003 660 1026 mutata

90 1044 196 1073 omnia
225 1043 338 1073 ordine
368 1054 426 1074 suo
452 1042 658 1083 procedunt:

92 1090 202 1130 Longe
242 1089 293 1118 illi
335 1090 397 1118 dea
436 1097 540 1119 mater
572 1088 632 1118 erle
647 1112 656 1124 ‚

90 1145 162 1175 quae
181 1135 262 1164 nube
267 1133 423 1176 fiagacem
441 1135 595 1164 Feminea
615 1141 660 1164 te-

86 1189 148 1221 gat
161 1192 172 1210 .·
189 1187 220 1210 et
234 1181 332 1210 vanis
353 1191 422 1210 sese
444 1181 570 1210 occulat
590 1191 658 1210 um-

89 1227 168 1262 bris,
195 1237 238 1257 sc.
258 1226 322 1257 ille.
348 1228 416 1257 Nec
445 1234 588 1257 autumes
614 1228 658 1257 sic

89 1273 293 1303 scribendum
309 1273 404 1303 fnisse
419 1273 556 1309 occalet,
572 1273 658 1313 quod

87 1321 216 1360 proprie
227 1321 317 1360 sequi
328 1319 473 1350 debehat.
490 1320 569 1350 Nam
584 1319 659 1349 alte-

88 1377 158 1395 rum
176 1377 243 1396 non
258 1365 354 1396 modo
368 1373 470 1403 recte,
490 1365 545 1395 sed
563 1366 657 1395 eu‘am

86 1412 259 1454 elegantius
287 1412 422 1449 dicitur,
438 1413 560 1442 variato
585 1419 658 1452 post

86 1460 176 1498 prius
200 1466 368 1500 tempore:
394 1465 431 1488 ut
454 1459 534 1488 solet
559 1459 657 1499 inpri-

85 1506 145 1534 mis
172 1507 265 1536 Maro
291 1512 409 1536 noster.
431 1523 478 1528 --
501 1505 657 1535 Distinxi—

85 1561 158 1581 mus
179 1559 252 1592 post
269 1558 380 1593 tegat;
405 1562 471 1592 quo
489 1551 572 1581 facto
593 1550 656 1582 loci

85 1596 256 1628 difficultas
282 1598 405 1628 sublata
438 1605 484 1628 est
508 1608 516 1629 :
544 1600 655 1640 Longe

86 1643 136 1674 illi
148 1644 212 1673 dea
230 1652 334 1674 mater
353 1644 429 1681 erit,
435 1668 492 1676 .....
507 1652 539 1675 et
554 1645 655 1675 vanis

84 1690 139 1730 (h.
161 1700 188 1720 e.
214 1691 249 1719 in
273 1690 414 1730 vanum)
432 1701 500 1721 sese
529 1692 655 1721 occulat

87 1737 168 1776 (pro
196 1735 339 1775 ooculet)
366 1736 504 1772 umbris,
537 1737 655 1777 quibus

82 1783 136 1813 ille
161 1788 250 1812 autea
273 1781 362 1812 nube
381 1792 397 1811 a
415 1789 513 1812 matre
539 1782 551 1823 (
568 1783 654 1813 unde

83 1836 224 1859 materna
257 1835 288 1858 et
312 1839 400 1858 nunc
417 1828 568 1869 feminea
593 1839 654 1859 nu-

83 1874 162 1916 bes)
177 1882 299 1911 tectus,
319 1875 496 1905 occultatus
515 1875 628 1906 fuerat.

131 1922 186 1958 54.
201 1924 294 1953 Nova
303 1932 423 1964 pugnae
435 1929 526 1952 sorte.
542 1922 652 1952 Minus

84 1968 166 1999 bene
177 1980 236 2010 pro
250 1979 372 2010 magna.
386 1969 528 2005 Servius,
543 1975 574 1998 et
588 1968 650 1998 alii.

85 2016 186 2046 Immo
203 2025 211 2046 :
227 2027 309 2046 nova
324 2026 440 2057 puguae
457 2014 652 2052 conditione,

84 2070 170 2091 novo
187 2073 300 2103 genere
317 2072 324 2092 :
344 2062 496 2103 singulari
517 2073 561 2092 sc.
584 2072 650 2092 cer-

86 2108 212 2138 tamine.
231 2125 280 2132 —
297 2110 350 2140 55.
375 2108 549 2145 Maritum,
583 2115 651 2138 tan-

85 2162 180 2192 quam
197 2165 269 2194 quae
283 2157 363 2186 mori
377 2155 584 2192 decrevisset,
603 2156 650 2185 ni-

84 2199 110 2228 si
135 2199 188 2229 ille
212 2200 402 2233 flecteretur.
432 2202 472 2233 cf.
496 2204 564 2239 xl,
587 2208 648 2241 741

714 862 746 886 et
767 866 859 896 saepe.
879 872 924 878 ·-
941 855 995 894 57.
1019 856 1145 895 Honos3
1169 855 1285 899 αἰδὼς

713 903 846 943 passive,
861 903 916 942 qui
930 902 1078 940 habetur,
1095 907 1286 945 reverentia3

713 959 808 989 supra
834 951 916 986 VII,
948 955 1011 985 401
1026 971 1034 986 ‚
1067 956 1132 986 402
1163 952 1283 993 gratia.

714 996 906 1036 Comparant
929 998 1038 1036 Intpp.
1055 997 1152 1027 modo
1180 1000 1286 1030 Hecu-

713 1041 762 1071 bae
786 1042 876 1073 Iliad.
899 1054 940 1082 χ,
965 1043 1024 1081 82,
1043 1043 1142 1074 modo
1154 1046 1283 1077 Andro-

712 1088 832 1118 machae
860 1090 1042 1131 exemplum
1058 1090 1149 1122 Iliad.
1167 1091 1200 1129 ζ;
1229 1094 1284 1124 sed

712 1142 788 1164 sunt
808 1135 876 1166 haee
902 1137 1012 1177 paullo
1034 1139 1215 1170 remotiora.
1237 1158 1285 1164 —

714 1181 768 1211 58.
794 1183 926 1221 Imperii
948 1184 1113 1214 notionem
1135 1194 1228 1216 ornat
1253 1195 1284 1217 et

712 1234 805 1268 auget
818 1226 852 1257 τὸ
869 1228 983 1264 decus,
1002 1229 1154 1271 dignitas,
1175 1240 1283 1263 aucto-

712 1275 797 1303 ritas.
814 1276 852 1302 In
878 1281 908 1303 te
929 1275 1033 1304 omnis
1056 1276 1168 1307 domus
1189 1278 1280 1309 incli-

711 1326 790 1348 nata
812 1320 984 1357 recumbit,·
1000 1329 1110 1351 ornate
1124 1333 1132 1353 ;
1147 1325 1262 1355 nititur
1273 1348 1281 1363 ,

711 1372 746 1394 tu
774 1365 922 1396 columen
945 1377 996 1404 es,
1025 1374 1174 1408 tanquam
1195 1370 1281 1401 futu-

710 1422 764 1441 rus
788 1422 903 1454 gener,
932 1411 961 1442 ἐν
989 1411 1072 1455 οἰκίᾳ
1103 1412 1210 1458 {piu-sl.
1234 1435 1281 1441 —

711 1458 766 1488 60.
784 1460 812 1488 T
810 1458 911 1488 eucris
925 1469 985 1499 pro
1001 1461 1126 1491 Teucro
1138 1485 1146 1498 ‚
1162 1465 1276 1502 AEmza,

708 1506 849 1545 positum
880 1516 946 1535 esse
978 1509 1196 1550 unusquisque
1234 1512 1279 1540 vi-

709 1551 790 1582 deat.
811 1551 871 1581 Sed
884 1563 1038 1592 quorsum
1052 1554 1167 1584 factum
1181 1556 1195 1585 Ρ
1213 1563 1248 1586 ut
1263 1568 1280 1587 a

707 1598 832 1639 vulgari
852 1600 995 1629 oratioue
1019 1610 1057 1630 eo
1081 1603 1178 1642 magis
1194 1613 1280 1634 rece·

707 1643 805 1675 deret.
819 1663 864 1668 -—
883 1645 937 1676 62.
957 1647 1037 1676 Hoec
1055 1647 1179 1678 Iumina
1198 1649 1277 1680 invi-

706 1701 743 1720 sa
756 1702 817 1732 pro
828 1714 837 1730 ‚
855 1691 918 1721 hoc
932 1692 1041 1723 lumen
1052 1717 1060 1730 ,
1078 1695 1174 1724 vitam
1187 1696 1277 1726 odio-

707 1747 782 1768 sam.
808 1755 855 1761 —
882 1739 937 1768 63.
970 1739 1103 1779 Captiva
1128 1740 1167 1769 ad
1193 1742 1275 1772 imi-

706 1783 792 1813 diam
806 1784 963 1822 adjectum
978 1795 986 1815 ε
1001 1787 1075 1815 satis
1090 1793 1158 1816 erat
1171 1787 1256 1817 victa
1267 1810 1276 1825 ‚

708 1830 798 1866 cujus
822 1832 1023 1870 propositum
1045 1833 1133 1861 exitu
1153 1835 1274 1872 caruit3

708 1875 759 1904 vel
780 1875 921 1906 obnoxia
933 1898 941 1913 ‚
957 1887 1028 1917 quae
1039 1901 1047 1915 ‚
1063 1880 1176 1909 marito
1191 1891 1276 1910 mor-

706 1928 762 1951 tuo
773 1943 781 1959 ‚
807 1922 869 1952 sub
899 1925 1006 1964 genem·
1033 1935 1130 1955 manu
1167 1926 1274 1957 futura

705 1974 761 1998 est.

752 2015 900 2056 64—69.
924 2017 1074 2047 Praeclare
1097 2016 1131 2048 τὸ
1156 2014 1225 2054 ἦθος
1238 2021 1273 2050 in

705 2062 827 2103 virgine
839 2069 1008 2094 servatum.
1022 2064 1187 2095 Erubescit
1199 2066 1252 2096 illa
1264 2078 1272 2104 3

705 2109 801 2138 animi
810 2119 900 2139 sensa
909 2120 974 2140 non
985 2111 1155 2152 eloquitur.
1167 2113 1276 2153 Quan-

706 2154 878 2195 doquidem
893 2164 998 2187 autem
1015 2158 1081 2188 sive
1097 2169 1138 2188 ex
1151 2160 1274 2200 antiqui

706 2203 764 2233 aevi
778 2213 866 2234 more
874 2225 884 2242 ,
905 2204 970 2235 sive
982 2215 1022 2235 ex
1034 2206 1181 2236 carminis
1195 2217 1275 2236 σεςο-

1128 2269 1145 2283 ᾖ

1078 2281 1126 2306 20
