<?xml version="1.0" encoding="UTF-8"?>
<!DOCTYPE html PUBLIC "-//W3C//DTD XHTML 1.0 Transitional//EN"
    "http://www.w3.org/TR/xhtml1/DTD/xhtml1-transitional.dtd">
<html xmlns="http://www.w3.org/1999/xhtml" xml:lang="en" lang="en">
 <head>
  <title>
</title>
<meta http-equiv="Content-Type" content="text/html;charset=utf-8" />
  <meta name='ocr-system' content='tesseract 3.04.00' />
  <meta name='ocr-capabilities' content='ocr_page ocr_carea ocr_par ocr_line ocrx_word'/>
</head>
<body>
  <div class='ocr_page' id='page_1' title='image "./operahey04virguoft_0195.png"; bbox 0 0 1414 2435; ppageno 0'>
   <div class='ocr_carea' id='block_1_1' title="bbox 166 31 1021 142">
    <p class='ocr_par' dir='ltr' id='par_1_1' title="bbox 166 31 1021 142">
     <span class='ocr_line' id='line_1_1' title="bbox 601 31 840 67; baseline 0.013 -3"><span class='ocrx_word' id='word_1_1' title='bbox 601 32 726 64; x_wconf 77' lang='lat' dir='ltr'>LIBER</span> <span class='ocrx_word' id='word_1_2' title='bbox 749 31 808 65; x_wconf 79' lang='lat' dir='ltr'><strong>xl&#39;.</strong></span> <span class='ocrx_word' id='word_1_3' title='bbox 836 63 840 67; x_wconf 94' lang='lat'><em>.</em></span> 
     </span>
     <span class='ocr_line' id='line_1_2' title="bbox 166 88 1021 142; baseline -0.002 -10"><span class='ocrx_word' id='word_1_4' title='bbox 166 94 226 132; x_wconf 90' lang='lat' dir='ltr'><strong>Illi</strong></span> <span class='ocrx_word' id='word_1_5' title='bbox 243 94 322 132; x_wconf 83' lang='lat' dir='ltr'><strong>haec</strong></span> <span class='ocrx_word' id='word_1_6' title='bbox 340 93 440 132; x_wconf 89' lang='lat' dir='ltr'><strong>inter</strong></span> <span class='ocrx_word' id='word_1_7' title='bbox 459 106 498 130; x_wconf 87' lang='lat' dir='ltr'><strong>se</strong></span> <span class='ocrx_word' id='word_1_8' title='bbox 517 92 644 130; x_wconf 88' lang='lat' dir='ltr'><strong>dubiis</strong></span> <span class='ocrx_word' id='word_1_9' title='bbox 663 93 710 130; x_wconf 91' lang='lat' dir='ltr'><strong>de</strong></span> <span class='ocrx_word' id='word_1_10' title='bbox 729 92 844 130; x_wconf 84' lang='lat' dir='ltr'><strong>rebus</strong></span> <span class='ocrx_word' id='word_1_11' title='bbox 861 88 1021 142; x_wconf 79' lang='lat' dir='ltr'><strong>agebant</strong></span> 
     </span>
    </p>
   </div>
   <div class='ocr_carea' id='block_1_2' title="bbox 1250 35 1311 63">
    <p class='ocr_par' dir='ltr' id='par_1_2' title="bbox 1250 35 1311 63">
     <span class='ocr_line' id='line_1_3' title="bbox 1250 35 1311 63; baseline -0.016 0"><span class='ocrx_word' id='word_1_12' title='bbox 1250 35 1311 63; x_wconf 69' lang='lat'><strong>185</strong></span> 
     </span>
    </p>
   </div>
   <div class='ocr_carea' id='block_1_3' title="bbox 1262 103 1311 131">
    <p class='ocr_par' dir='ltr' id='par_1_3' title="bbox 1262 103 1311 131">
     <span class='ocr_line' id='line_1_4' title="bbox 1262 103 1311 131; baseline 0 0"><span class='ocrx_word' id='word_1_13' title='bbox 1262 103 1311 131; x_wconf 62' lang='lat'><strong>44⁵</strong></span> 
     </span>
    </p>
   </div>
   <div class='ocr_carea' id='block_1_4' title="bbox 111 153 1111 372">
    <p class='ocr_par' dir='ltr' id='par_1_4' title="bbox 112 153 1042 265">
     <span class='ocr_line' id='line_1_5' title="bbox 113 153 1042 203; baseline -0.001 -12"><span class='ocrx_word' id='word_1_14' title='bbox 113 157 325 202; x_wconf 82' lang='lat' dir='ltr'><strong>Certante53</strong></span> <span class='ocrx_word' id='word_1_15' title='bbox 345 162 468 192; x_wconf 84' lang='lat' dir='ltr'><strong>eastra</strong></span> <span class='ocrx_word' id='word_1_16' title='bbox 485 155 622 190; x_wconf 88' lang='lat' dir='ltr'><strong>AEneas</strong></span> <span class='ocrx_word' id='word_1_17' title='bbox 645 153 838 203; x_wconf 82' lang='lat' dir='ltr'>aciemque</span> <span class='ocrx_word' id='word_1_18' title='bbox 855 153 1042 191; x_wconf 87' lang='lat' dir='ltr'><strong>movebat.</strong></span> 
     </span>
     <span class='ocr_line' id='line_1_6' title="bbox 112 214 946 265; baseline -0.002 -13"><span class='ocrx_word' id='word_1_19' title='bbox 112 216 277 253; x_wconf 85' lang='lat' dir='ltr'><strong>Nuntius</strong></span> <span class='ocrx_word' id='word_1_20' title='bbox 296 215 437 265; x_wconf 84' lang='lat' dir='ltr'>ingenti</span> <span class='ocrx_word' id='word_1_21' title='bbox 457 228 526 265; x_wconf 85' lang='lat' dir='ltr'><strong>per</strong></span> <span class='ocrx_word' id='word_1_22' title='bbox 543 214 647 264; x_wconf 79' lang='lat' dir='ltr'><strong>regia</strong></span> <span class='ocrx_word' id='word_1_23' title='bbox 668 222 764 252; x_wconf 86' lang='lat' dir='ltr'><strong>tecta</strong></span> <span class='ocrx_word' id='word_1_24' title='bbox 782 215 946 251; x_wconf 87' lang='lat' dir='ltr'><strong>tumultu</strong></span> 
     </span>
    </p>

    <p class='ocr_par' dir='ltr' id='par_1_5' title="bbox 111 273 1111 372">
     <span class='ocr_line' id='line_1_7' title="bbox 112 273 1111 325; baseline 0 -13"><span class='ocrx_word' id='word_1_25' title='bbox 112 278 208 312; x_wconf 89' lang='lat' dir='ltr'><strong>Ecce</strong></span> <span class='ocrx_word' id='word_1_26' title='bbox 226 275 322 321; x_wconf 82' lang='lat' dir='ltr'><strong>ruit,</strong></span> <span class='ocrx_word' id='word_1_27' title='bbox 340 275 561 325; x_wconf 84' lang='lat' dir='ltr'><strong>magnisque</strong></span> <span class='ocrx_word' id='word_1_28' title='bbox 580 274 716 311; x_wconf 89' lang='lat' dir='ltr'><strong>urbem</strong></span> <span class='ocrx_word' id='word_1_29' title='bbox 736 273 947 311; x_wconf 85' lang='lat' dir='ltr'><strong>terroribus</strong></span> <span class='ocrx_word' id='word_1_30' title='bbox 964 273 1082 323; x_wconf 85' lang='lat' dir='ltr'><strong>inplet</strong></span> <span class='ocrx_word' id='word_1_31' title='bbox 1101 288 1111 312; x_wconf 75' lang='grc' dir='ltr'><strong><em>ε</em></strong></span> 
     </span>
     <span class='ocr_line' id='line_1_8' title="bbox 111 334 1019 372; baseline -0.001 -1"><span class='ocrx_word' id='word_1_32' title='bbox 111 338 319 372; x_wconf 78' lang='lat' dir='ltr'><strong>Instructos</strong></span> <span class='ocrx_word' id='word_1_33' title='bbox 337 335 415 371; x_wconf 87' lang='lat' dir='ltr'><strong>acie</strong></span> <span class='ocrx_word' id='word_1_34' title='bbox 437 334 619 371; x_wconf 87' lang='lat' dir='ltr'><strong>Tiberino</strong></span> <span class='ocrx_word' id='word_1_35' title='bbox 640 347 661 371; x_wconf 85' lang='lat' dir='ltr'><strong>a</strong></span> <span class='ocrx_word' id='word_1_36' title='bbox 679 334 833 371; x_wconf 89' lang='lat' dir='ltr'><strong>flumine</strong></span> <span class='ocrx_word' id='word_1_37' title='bbox 852 336 1019 370; x_wconf 82' lang='lat' dir='ltr'><strong>Teucros</strong></span> 
     </span>
    </p>
   </div>
   <div class='ocr_carea' id='block_1_5' title="bbox 109 393 1120 445">
    <p class='ocr_par' dir='ltr' id='par_1_6' title="bbox 109 393 1120 445">
     <span class='ocr_line' id='line_1_9' title="bbox 109 393 1120 445; baseline 0 -14"><span class='ocrx_word' id='word_1_38' title='bbox 109 394 422 445; x_wconf 81' lang='lat' dir='ltr'><strong>Tyrrhenamque</strong></span> <span class='ocrx_word' id='word_1_39' title='bbox 440 408 594 432; x_wconf 84' lang='lat' dir='ltr'><strong>manum</strong></span> <span class='ocrx_word' id='word_1_40' title='bbox 613 395 700 432; x_wconf 82' lang='lat' dir='ltr'><strong>totis</strong></span> <span class='ocrx_word' id='word_1_41' title='bbox 720 393 948 431; x_wconf 87' lang='lat' dir='ltr'><strong>descendere</strong></span> <span class='ocrx_word' id='word_1_42' title='bbox 967 394 1120 444; x_wconf 88' lang='lat' dir='ltr'><strong>campis.</strong></span> 
     </span>
    </p>
   </div>
   <div class='ocr_carea' id='block_1_6' title="bbox 1255 404 1304 431">
    <p class='ocr_par' dir='ltr' id='par_1_7' title="bbox 1255 404 1304 431">
     <span class='ocr_line' id='line_1_10' title="bbox 1255 404 1304 431; baseline -0.02 -4"><span class='ocrx_word' id='word_1_43' title='bbox 1255 404 1304 431; x_wconf 63' lang='lat'><strong>450</strong></span> 
     </span>
    </p>
   </div>
   <div class='ocr_carea' id='block_1_7' title="bbox 108 455 1120 561">
    <p class='ocr_par' dir='ltr' id='par_1_8' title="bbox 108 455 1120 561">
     <span class='ocr_line' id='line_1_11' title="bbox 108 455 1018 506; baseline -0.002 -14"><span class='ocrx_word' id='word_1_44' title='bbox 108 457 308 506; x_wconf 83' lang='lat' dir='ltr'><strong>Extemplo</strong></span> <span class='ocrx_word' id='word_1_45' title='bbox 330 455 473 493; x_wconf 87' lang='lat' dir='ltr'><strong>turbati</strong></span> <span class='ocrx_word' id='word_1_46' title='bbox 489 455 622 501; x_wconf 86' lang='lat' dir='ltr'><strong>animi,</strong></span> <span class='ocrx_word' id='word_1_47' title='bbox 641 468 896 504; x_wconf 89' lang='lat' dir='ltr'><strong>concussaque</strong></span> <span class='ocrx_word' id='word_1_48' title='bbox 915 455 1018 504; x_wconf 82' lang='lat' dir='ltr'><strong>volgi</strong></span> 
     </span>
     <span class='ocr_line' id='line_1_12' title="bbox 108 513 1120 561; baseline -0.001 -10"><span class='ocrx_word' id='word_1_49' title='bbox 108 517 284 561; x_wconf 82' lang='lat' dir='ltr'><strong>Pectora,</strong></span> <span class='ocrx_word' id='word_1_50' title='bbox 306 525 342 552; x_wconf 88' lang='lat' dir='ltr'><strong>et</strong></span> <span class='ocrx_word' id='word_1_51' title='bbox 362 515 524 552; x_wconf 82' lang='lat' dir='ltr'><strong>adrectae</strong></span> <span class='ocrx_word' id='word_1_52' title='bbox 544 515 702 552; x_wconf 89' lang='lat' dir='ltr'><strong>stimulis</strong></span> <span class='ocrx_word' id='word_1_53' title='bbox 722 514 826 551; x_wconf 86' lang='lat' dir='ltr'><strong>haud</strong></span> <span class='ocrx_word' id='word_1_54' title='bbox 846 513 1023 551; x_wconf 90' lang='lat' dir='ltr'><strong>mollibus</strong></span> <span class='ocrx_word' id='word_1_55' title='bbox 1041 513 1120 551; x_wconf 84' lang='lat' dir='ltr'><strong>irae.</strong></span> 
     </span>
    </p>
   </div>
   <div class='ocr_carea' id='block_1_8' title="bbox 106 573 1301 863">
    <p class='ocr_par' dir='ltr' id='par_1_9' title="bbox 106 573 1199 625">
     <span class='ocr_line' id='line_1_13' title="bbox 106 573 1199 625; baseline -0.001 -14"><span class='ocrx_word' id='word_1_56' title='bbox 106 576 223 611; x_wconf 86' lang='lat' dir='ltr'><strong>Arma</strong></span> <span class='ocrx_word' id='word_1_57' title='bbox 242 587 356 611; x_wconf 88' lang='lat' dir='ltr'><strong>manu</strong></span> <span class='ocrx_word' id='word_1_58' title='bbox 374 574 512 625; x_wconf 79' lang='lat' dir='ltr'><strong>trepidi</strong></span> <span class='ocrx_word' id='word_1_59' title='bbox 532 583 711 625; x_wconf 81' lang='lat' dir='ltr'><strong>poscunt3</strong></span> <span class='ocrx_word' id='word_1_60' title='bbox 737 574 863 610; x_wconf 89' lang='lat' dir='ltr'><strong>fremit</strong></span> <span class='ocrx_word' id='word_1_61' title='bbox 882 586 986 610; x_wconf 85' lang='lat' dir='ltr'><strong>arma</strong></span> <span class='ocrx_word' id='word_1_62' title='bbox 1001 573 1199 623; x_wconf 88' lang='lat' dir='ltr'><strong>juventus;</strong></span> 
     </span>
    </p>

    <p class='ocr_par' dir='ltr' id='par_1_10' title="bbox 107 634 1301 863">
     <span class='ocr_line' id='line_1_14' title="bbox 108 634 1218 685; baseline 0.001 -15"><span class='ocrx_word' id='word_1_63' title='bbox 108 637 136 671; x_wconf 89' lang='lat' dir='ltr'>F</span> <span class='ocrx_word' id='word_1_64' title='bbox 139 635 215 671; x_wconf 89' lang='lat' dir='ltr'><strong>lent</strong></span> <span class='ocrx_word' id='word_1_65' title='bbox 235 635 356 672; x_wconf 88' lang='lat' dir='ltr'><strong>moesti</strong></span> <span class='ocrx_word' id='word_1_66' title='bbox 374 645 617 685; x_wconf 84' lang='lat' dir='ltr'><strong>mussantque</strong></span> <span class='ocrx_word' id='word_1_67' title='bbox 640 643 776 685; x_wconf 83' lang='lat' dir='ltr'><strong>patres.</strong></span> <span class='ocrx_word' id='word_1_68' title='bbox 796 636 867 672; x_wconf 89' lang='lat' dir='ltr'><strong>Hic</strong></span> <span class='ocrx_word' id='word_1_69' title='bbox 888 634 1057 684; x_wconf 87' lang='lat' dir='ltr'><strong>undique</strong></span> <span class='ocrx_word' id='word_1_70' title='bbox 1076 635 1218 672; x_wconf 83' lang='lat' dir='ltr'><strong>clamor</strong></span> 
     </span>
     <span class='ocr_line' id='line_1_15' title="bbox 107 694 1301 745; baseline -0.002 -15"><span class='ocrx_word' id='word_1_71' title='bbox 107 694 289 732; x_wconf 87' lang='lat' dir='ltr'><strong>Dissensu</strong></span> <span class='ocrx_word' id='word_1_72' title='bbox 307 696 416 732; x_wconf 80' lang='lat' dir='ltr'><strong>vario</strong></span> <span class='ocrx_word' id='word_1_73' title='bbox 435 709 593 745; x_wconf 81' lang='lat' dir='ltr'><strong>magnus</strong></span> <span class='ocrx_word' id='word_1_74' title='bbox 613 709 652 732; x_wconf 89' lang='lat' dir='ltr'><strong>se</strong></span> <span class='ocrx_word' id='word_1_75' title='bbox 673 695 769 732; x_wconf 88' lang='lat' dir='ltr'><strong>tollit</strong></span> <span class='ocrx_word' id='word_1_76' title='bbox 788 695 827 730; x_wconf 88' lang='lat' dir='ltr'><strong>in</strong></span> <span class='ocrx_word' id='word_1_77' title='bbox 848 707 958 731; x_wconf 87' lang='lat' dir='ltr'><strong>auras</strong></span> <span class='ocrx_word' id='word_1_78' title='bbox 978 707 987 728; x_wconf 75' lang='grc' dir='ltr'><strong><em>ε</em></strong></span> <span class='ocrx_word' id='word_1_79' title='bbox 1253 704 1301 732; x_wconf 66' lang='grc'><strong>455</strong></span> 
     </span>
     <span class='ocr_line' id='line_1_16' title="bbox 107 753 1185 804; baseline 0 -14"><span class='ocrx_word' id='word_1_80' title='bbox 107 755 220 791; x_wconf 88' lang='lat' dir='ltr'><strong>Haud</strong></span> <span class='ocrx_word' id='word_1_81' title='bbox 239 767 363 801; x_wconf 83' lang='lat' dir='ltr'><strong>secus,</strong></span> <span class='ocrx_word' id='word_1_82' title='bbox 384 763 498 804; x_wconf 89' lang='lat' dir='ltr'><strong>atque</strong></span> <span class='ocrx_word' id='word_1_83' title='bbox 517 756 592 791; x_wconf 88' lang='lat' dir='ltr'><strong>alto</strong></span> <span class='ocrx_word' id='word_1_84' title='bbox 612 756 651 790; x_wconf 86' lang='lat' dir='ltr'><strong>in</strong></span> <span class='ocrx_word' id='word_1_85' title='bbox 670 756 756 790; x_wconf 93' lang='lat' dir='ltr'><strong>luco</strong></span> <span class='ocrx_word' id='word_1_86' title='bbox 774 767 892 802; x_wconf 90' lang='lat' dir='ltr'><strong>quum</strong></span> <span class='ocrx_word' id='word_1_87' title='bbox 910 753 1008 790; x_wconf 74' lang='lat' dir='ltr'><strong>forte</strong></span> <span class='ocrx_word' id='word_1_88' title='bbox 1025 761 1185 790; x_wconf 85' lang='lat' dir='ltr'><strong>catervae</strong></span> 
     </span>
     <span class='ocr_line' id='line_1_17' title="bbox 108 812 1007 863; baseline -0.001 -14"><span class='ocrx_word' id='word_1_89' title='bbox 108 813 320 850; x_wconf 86' lang='lat' dir='ltr'><strong>Consedere</strong></span> <span class='ocrx_word' id='word_1_90' title='bbox 340 814 485 860; x_wconf 85' lang='lat' dir='ltr'><strong>avium,</strong></span> <span class='ocrx_word' id='word_1_91' title='bbox 506 813 704 863; x_wconf 89' lang='lat' dir='ltr'><strong>piscosove</strong></span> <span class='ocrx_word' id='word_1_92' title='bbox 722 825 832 849; x_wconf 86' lang='lat' dir='ltr'><strong>amne</strong></span> <span class='ocrx_word' id='word_1_93' title='bbox 851 812 1007 849; x_wconf 86' lang='lat' dir='ltr'><strong>Padusae</strong></span> 
     </span>
    </p>
   </div>
   <div class='ocr_carea' id='block_1_9' title="bbox 94 944 680 2185">
    <p class='ocr_par' dir='ltr' id='par_1_11' title="bbox 104 944 680 1404">
     <span class='ocr_line' id='line_1_18' title="bbox 107 944 680 986; baseline -0.002 -11"><span class='ocrx_word' id='word_1_94' title='bbox 107 955 159 976; x_wconf 82' lang='lat' dir='ltr'><strong>ces</strong></span> <span class='ocrx_word' id='word_1_95' title='bbox 169 944 277 986; x_wconf 81' lang='lat' dir='ltr'><strong>potius</strong></span> <span class='ocrx_word' id='word_1_96' title='bbox 298 952 398 974; x_wconf 80' lang='lat' dir='ltr'><strong>morte</strong></span> <span class='ocrx_word' id='word_1_97' title='bbox 421 945 490 976; x_wconf 84' lang='lat' dir='ltr'><strong>luat</strong></span> <span class='ocrx_word' id='word_1_98' title='bbox 505 956 559 975; x_wconf 89' lang='lat' dir='ltr'><strong>sua</strong></span> <span class='ocrx_word' id='word_1_99' title='bbox 572 968 580 982; x_wconf 86' lang='lat'>‚</span> <span class='ocrx_word' id='word_1_100' title='bbox 596 947 680 976; x_wconf 85' lang='lat' dir='ltr'><strong>occi-</strong></span> 
     </span>
     <span class='ocr_line' id='line_1_19' title="bbox 107 991 680 1030; baseline 0 -9"><span class='ocrx_word' id='word_1_101' title='bbox 107 991 161 1022; x_wconf 87' lang='lat' dir='ltr'><strong>dat</strong></span> <span class='ocrx_word' id='word_1_102' title='bbox 192 993 356 1022; x_wconf 89' lang='lat' dir='ltr'><strong>communi</strong></span> <span class='ocrx_word' id='word_1_103' title='bbox 378 991 484 1030; x_wconf 87' lang='lat' dir='ltr'><strong>clade,</strong></span> <span class='ocrx_word' id='word_1_104' title='bbox 499 992 529 1021; x_wconf 85' lang='lat' dir='ltr'><strong>si</strong></span> <span class='ocrx_word' id='word_1_105' title='bbox 545 992 613 1022; x_wconf 76' lang='lat' dir='ltr'><strong>lzoec</strong></span> <span class='ocrx_word' id='word_1_106' title='bbox 631 992 680 1021; x_wconf 81' lang='lat' dir='ltr'><strong>ira</strong></span> 
     </span>
     <span class='ocr_line' id='line_1_20' title="bbox 106 1038 679 1079; baseline 0 -11"><span class='ocrx_word' id='word_1_107' title='bbox 106 1039 238 1068; x_wconf 84' lang='lat' dir='ltr'><strong>deorum</strong></span> <span class='ocrx_word' id='word_1_108' title='bbox 265 1044 312 1067; x_wconf 83' lang='lat' dir='ltr'><strong>est</strong></span> <span class='ocrx_word' id='word_1_109' title='bbox 337 1038 391 1079; x_wconf 90' lang='lat' dir='ltr'><strong>(h.</strong></span> <span class='ocrx_word' id='word_1_110' title='bbox 414 1040 441 1068; x_wconf 88' lang='lat' dir='ltr'><strong>si</strong></span> <span class='ocrx_word' id='word_1_111' title='bbox 462 1046 594 1068; x_wconf 78' lang='lat' dir='ltr'><strong>eventus</strong></span> <span class='ocrx_word' id='word_1_112' title='bbox 619 1040 679 1068; x_wconf 89' lang='lat' dir='ltr'><strong>erit</strong></span> 
     </span>
     <span class='ocr_line' id='line_1_21' title="bbox 106 1084 678 1126; baseline -0.002 -11"><span class='ocrx_word' id='word_1_113' title='bbox 106 1085 182 1115; x_wconf 87' lang='lat' dir='ltr'><strong>belli</strong></span> <span class='ocrx_word' id='word_1_114' title='bbox 196 1084 292 1123; x_wconf 81' lang='lat' dir='ltr'><strong>hujus</strong></span> <span class='ocrx_word' id='word_1_115' title='bbox 309 1085 505 1126; x_wconf 83' lang='lat' dir='ltr'><strong>infaustus),</strong></span> <span class='ocrx_word' id='word_1_116' title='bbox 520 1095 595 1122; x_wconf 86' lang='lat' dir='ltr'><strong>nec,</strong></span> <span class='ocrx_word' id='word_1_117' title='bbox 615 1085 678 1115; x_wconf 73' lang='lat' dir='ltr'><strong>sive</strong></span> 
     </span>
     <span class='ocr_line' id='line_1_22' title="bbox 107 1130 676 1172; baseline 0.004 -12"><span class='ocrx_word' id='word_1_118' title='bbox 107 1138 154 1161; x_wconf 78' lang='lat' dir='ltr'><strong>esc</strong></span> <span class='ocrx_word' id='word_1_119' title='bbox 167 1132 272 1160; x_wconf 63' lang='lat' dir='ltr'><strong>vireas</strong></span> <span class='ocrx_word' id='word_1_120' title='bbox 287 1137 319 1160; x_wconf 72' lang='lat' dir='ltr'><strong>ec</strong></span> <span class='ocrx_word' id='word_1_121' title='bbox 330 1130 438 1172; x_wconf 74' lang='lat' dir='ltr'><strong>gloria</strong></span> <span class='ocrx_word' id='word_1_122' title='bbox 447 1154 456 1167; x_wconf 95' lang='lat'><em>‚</em></span> <span class='ocrx_word' id='word_1_123' title='bbox 475 1132 501 1160; x_wconf 87' lang='lat' dir='ltr'><strong>si</strong></span> <span class='ocrx_word' id='word_1_124' title='bbox 516 1131 578 1161; x_wconf 88' lang='lat' dir='ltr'><strong>hoc</strong></span> <span class='ocrx_word' id='word_1_125' title='bbox 591 1130 676 1162; x_wconf 86' lang='lat' dir='ltr'><strong>bello</strong></span> 
     </span>
     <span class='ocr_line' id='line_1_23' title="bbox 106 1176 675 1219; baseline 0.004 -14"><span class='ocrx_word' id='word_1_126' title='bbox 106 1177 231 1206; x_wconf 86' lang='lat' dir='ltr'><strong>laudem</strong></span> <span class='ocrx_word' id='word_1_127' title='bbox 259 1177 387 1206; x_wconf 80' lang='lat' dir='ltr'><strong>virtutis</strong></span> <span class='ocrx_word' id='word_1_128' title='bbox 413 1176 541 1218; x_wconf 70' lang='grc' dir='ltr'>(κλέος)</span> <span class='ocrx_word' id='word_1_129' title='bbox 562 1184 593 1207; x_wconf 87' lang='lat' dir='ltr'><strong>et</strong></span> <span class='ocrx_word' id='word_1_130' title='bbox 608 1178 675 1219; x_wconf 86' lang='lat' dir='ltr'><strong>glo-</strong></span> 
     </span>
     <span class='ocr_line' id='line_1_24' title="bbox 105 1217 676 1263; baseline 0.004 -11"><span class='ocrx_word' id='word_1_131' title='bbox 105 1224 184 1252; x_wconf 90' lang='lat' dir='ltr'><strong>riam</strong></span> <span class='ocrx_word' id='word_1_132' title='bbox 210 1217 326 1262; x_wconf 70' lang='grc' dir='ltr'>(κῦδος</span> <span class='ocrx_word' id='word_1_133' title='bbox 337 1245 346 1259; x_wconf 85' lang='grc'><strong>,</strong></span> <span class='ocrx_word' id='word_1_134' title='bbox 366 1223 551 1263; x_wconf 81' lang='lat' dir='ltr'><strong>victoriam)</strong></span> <span class='ocrx_word' id='word_1_135' title='bbox 568 1235 676 1254; x_wconf 87' lang='lat' dir='ltr'><strong>conse-</strong></span> 
     </span>
     <span class='ocr_line' id='line_1_25' title="bbox 106 1269 677 1310; baseline 0.002 -11"><span class='ocrx_word' id='word_1_136' title='bbox 106 1270 161 1310; x_wconf 87' lang='lat' dir='ltr'><strong>qui</strong></span> <span class='ocrx_word' id='word_1_137' title='bbox 179 1269 308 1299; x_wconf 89' lang='lat' dir='ltr'><strong>dabitur</strong></span> <span class='ocrx_word' id='word_1_138' title='bbox 320 1291 328 1306; x_wconf 86' lang='lat'><strong>,</strong></span> <span class='ocrx_word' id='word_1_139' title='bbox 346 1269 441 1298; x_wconf 79' lang='lat' dir='ltr'><strong>tollat</strong></span> <span class='ocrx_word' id='word_1_140' title='bbox 455 1281 520 1299; x_wconf 88' lang='lat' dir='ltr'><strong>eam</strong></span> <span class='ocrx_word' id='word_1_141' title='bbox 537 1270 590 1299; x_wconf 92' lang='lat' dir='ltr'><strong>ille</strong></span> <span class='ocrx_word' id='word_1_142' title='bbox 603 1292 611 1307; x_wconf 88' lang='lat'><strong>,</strong></span> <span class='ocrx_word' id='word_1_143' title='bbox 625 1281 677 1300; x_wconf 87' lang='lat' dir='ltr'><strong>au-</strong></span> 
     </span>
     <span class='ocr_line' id='line_1_26' title="bbox 107 1314 676 1357; baseline 0.002 -12"><span class='ocrx_word' id='word_1_144' title='bbox 107 1317 186 1346; x_wconf 84' lang='lat' dir='ltr'><strong>ferat</strong></span> <span class='ocrx_word' id='word_1_145' title='bbox 199 1315 282 1344; x_wconf 87' lang='lat' dir='ltr'><strong>hanc</strong></span> <span class='ocrx_word' id='word_1_146' title='bbox 297 1314 424 1345; x_wconf 82' lang='lat' dir='ltr'><strong>laudem</strong></span> <span class='ocrx_word' id='word_1_147' title='bbox 439 1327 498 1356; x_wconf 90' lang='lat' dir='ltr'><strong>pro</strong></span> <span class='ocrx_word' id='word_1_148' title='bbox 514 1327 570 1346; x_wconf 84' lang='lat' dir='ltr'><strong>sua</strong></span> <span class='ocrx_word' id='word_1_149' title='bbox 588 1323 676 1357; x_wconf 82' lang='lat' dir='ltr'><strong>parte</strong></span> 
     </span>
     <span class='ocr_line' id='line_1_27' title="bbox 104 1358 464 1404; baseline 0.003 -12"><span class='ocrx_word' id='word_1_150' title='bbox 104 1361 165 1404; x_wconf 91' lang='lat' dir='ltr'><strong>(ut</strong></span> <span class='ocrx_word' id='word_1_151' title='bbox 182 1361 320 1404; x_wconf 72' lang='grc' dir='ltr'>αἴρεσθαι</span> <span class='ocrx_word' id='word_1_152' title='bbox 339 1358 431 1396; x_wconf 69' lang='grc' dir='ltr'>κῦδος</span> <span class='ocrx_word' id='word_1_153' title='bbox 441 1362 464 1403; x_wconf 88' lang='grc'><strong>).</strong></span> 
     </span>
    </p>

    <p class='ocr_par' dir='ltr' id='par_1_12' title="bbox 94 1408 677 2185">
     <span class='ocr_line' id='line_1_28' title="bbox 151 1408 677 1449; baseline 0 -10"><span class='ocrx_word' id='word_1_154' title='bbox 151 1409 231 1439; x_wconf 87' lang='lat' dir='ltr'><strong>Cum</strong></span> <span class='ocrx_word' id='word_1_155' title='bbox 246 1408 385 1438; x_wconf 88' lang='lat' dir='ltr'><strong>sollertia</strong></span> <span class='ocrx_word' id='word_1_156' title='bbox 397 1415 428 1437; x_wconf 88' lang='lat' dir='ltr'><strong>et</strong></span> <span class='ocrx_word' id='word_1_157' title='bbox 440 1419 513 1438; x_wconf 88' lang='lat' dir='ltr'><strong>cnm</strong></span> <span class='ocrx_word' id='word_1_158' title='bbox 523 1416 590 1438; x_wconf 85' lang='lat' dir='ltr'><strong>arte</strong></span> <span class='ocrx_word' id='word_1_159' title='bbox 604 1420 677 1449; x_wconf 90' lang='lat' dir='ltr'><strong>poe-</strong></span> 
     </span>
     <span class='ocr_line' id='line_1_29' title="bbox 103 1453 675 1495; baseline 0.002 -11"><span class='ocrx_word' id='word_1_160' title='bbox 103 1461 132 1484; x_wconf 87' lang='lat' dir='ltr'><strong>ta</strong></span> <span class='ocrx_word' id='word_1_161' title='bbox 156 1455 272 1495; x_wconf 87' lang='lat' dir='ltr'><strong>partim</strong></span> <span class='ocrx_word' id='word_1_162' title='bbox 297 1453 562 1484; x_wconf 79' lang='lat' dir='ltr'><strong>deliberationum</strong></span> <span class='ocrx_word' id='word_1_163' title='bbox 584 1462 615 1485; x_wconf 86' lang='lat' dir='ltr'><strong>et</strong></span> <span class='ocrx_word' id='word_1_164' title='bbox 630 1456 675 1485; x_wconf 92' lang='lat' dir='ltr'><strong>in-</strong></span> 
     </span>
     <span class='ocr_line' id='line_1_30' title="bbox 102 1500 672 1541; baseline 0.004 -11"><span class='ocrx_word' id='word_1_165' title='bbox 102 1507 264 1531; x_wconf 88' lang='lat' dir='ltr'><strong>certorum</strong></span> <span class='ocrx_word' id='word_1_166' title='bbox 285 1500 578 1541; x_wconf 86' lang='lat' dir='ltr'><strong>fluctuantiumque</strong></span> <span class='ocrx_word' id='word_1_167' title='bbox 596 1512 672 1532; x_wconf 89' lang='lat' dir='ltr'><strong>con-</strong></span> 
     </span>
     <span class='ocr_line' id='line_1_31' title="bbox 101 1547 673 1587; baseline -0.002 -10"><span class='ocrx_word' id='word_1_168' title='bbox 101 1547 246 1577; x_wconf 87' lang='lat' dir='ltr'><strong>siliorum</strong></span> <span class='ocrx_word' id='word_1_169' title='bbox 261 1548 383 1576; x_wconf 81' lang='lat' dir='ltr'><strong>exitum</strong></span> <span class='ocrx_word' id='word_1_170' title='bbox 394 1547 467 1576; x_wconf 82' lang='lat' dir='ltr'><strong>facit</strong></span> <span class='ocrx_word' id='word_1_171' title='bbox 479 1557 546 1576; x_wconf 91' lang='lat' dir='ltr'><strong>non</strong></span> <span class='ocrx_word' id='word_1_172' title='bbox 561 1549 673 1587; x_wconf 84' lang='lat' dir='ltr'><strong>praevi-</strong></span> 
     </span>
     <span class='ocr_line' id='line_1_32' title="bbox 101 1594 673 1634; baseline -0.002 -11"><span class='ocrx_word' id='word_1_173' title='bbox 101 1603 189 1631; x_wconf 83' lang='lat' dir='ltr'><strong>sum3</strong></span> <span class='ocrx_word' id='word_1_174' title='bbox 207 1594 322 1634; x_wconf 88' lang='lat' dir='ltr'><strong>partim</strong></span> <span class='ocrx_word' id='word_1_175' title='bbox 338 1594 492 1622; x_wconf 74' lang='lat' dir='ltr'><strong>instruxit</strong></span> <span class='ocrx_word' id='word_1_176' title='bbox 509 1598 539 1622; x_wconf 91' lang='lat' dir='ltr'><strong>et</strong></span> <span class='ocrx_word' id='word_1_177' title='bbox 555 1604 673 1633; x_wconf 84' lang='lat' dir='ltr'><strong>praepa-</strong></span> 
     </span>
     <span class='ocr_line' id='line_1_33' title="bbox 101 1639 672 1681; baseline 0 -13"><span class='ocrx_word' id='word_1_178' title='bbox 101 1640 183 1669; x_wconf 85' lang='lat' dir='ltr'><strong>ravit</strong></span> <span class='ocrx_word' id='word_1_179' title='bbox 198 1639 273 1669; x_wconf 85' lang='lat' dir='ltr'><strong>inde</strong></span> <span class='ocrx_word' id='word_1_180' title='bbox 291 1649 308 1667; x_wconf 87' lang='lat' dir='ltr'><strong>a</strong></span> <span class='ocrx_word' id='word_1_181' title='bbox 330 1650 360 1669; x_wconf 88' lang='lat' dir='ltr'><strong>v.</strong></span> <span class='ocrx_word' id='word_1_182' title='bbox 383 1639 449 1675; x_wconf 84' lang='grc'><strong>434</strong></span> <span class='ocrx_word' id='word_1_183' title='bbox 468 1649 514 1679; x_wconf 87' lang='lat' dir='ltr'><strong>sq.</strong></span> <span class='ocrx_word' id='word_1_184' title='bbox 532 1649 672 1681; x_wconf 82' lang='lat' dir='ltr'><strong>pugnam</strong></span> 
     </span>
     <span class='ocr_line' id='line_1_34' title="bbox 99 1685 672 1726; baseline 0.002 -12"><span class='ocrx_word' id='word_1_185' title='bbox 99 1685 184 1714; x_wconf 85' lang='lat' dir='ltr'><strong>inter</strong></span> <span class='ocrx_word' id='word_1_186' title='bbox 198 1687 327 1715; x_wconf 82' lang='lat' dir='ltr'><strong>AEneam</strong></span> <span class='ocrx_word' id='word_1_187' title='bbox 340 1691 371 1714; x_wconf 87' lang='lat' dir='ltr'><strong>et</strong></span> <span class='ocrx_word' id='word_1_188' title='bbox 387 1686 533 1714; x_wconf 89' lang='lat' dir='ltr'><strong>Turnum</strong></span> <span class='ocrx_word' id='word_1_189' title='bbox 545 1707 553 1721; x_wconf 87' lang='lat'>,</span> <span class='ocrx_word' id='word_1_190' title='bbox 567 1686 600 1715; x_wconf 86' lang='lat' dir='ltr'><strong>iu</strong></span> <span class='ocrx_word' id='word_1_191' title='bbox 611 1697 672 1726; x_wconf 89' lang='lat' dir='ltr'><strong>qua</strong></span> 
     </span>
     <span class='ocr_line' id='line_1_35' title="bbox 99 1731 670 1762; baseline 0.002 -2"><span class='ocrx_word' id='word_1_192' title='bbox 99 1731 289 1760; x_wconf 78' lang='lat' dir='ltr'><strong>narrationis</strong></span> <span class='ocrx_word' id='word_1_193' title='bbox 310 1736 341 1759; x_wconf 85' lang='lat' dir='ltr'><strong>et</strong></span> <span class='ocrx_word' id='word_1_194' title='bbox 356 1731 502 1759; x_wconf 77' lang='lat' dir='ltr'><strong>carminis</strong></span> <span class='ocrx_word' id='word_1_195' title='bbox 521 1731 581 1760; x_wconf 84' lang='lat' dir='ltr'><strong>tela</strong></span> <span class='ocrx_word' id='word_1_196' title='bbox 594 1731 670 1762; x_wconf 91' lang='lat' dir='ltr'><strong>olim</strong></span> 
     </span>
     <span class='ocr_line' id='line_1_36' title="bbox 99 1775 669 1813; baseline 0 -6"><span class='ocrx_word' id='word_1_197' title='bbox 99 1778 160 1807; x_wconf 87' lang='lat' dir='ltr'><strong>erit</strong></span> <span class='ocrx_word' id='word_1_198' title='bbox 183 1775 368 1806; x_wconf 81' lang='lat' dir='ltr'><strong>detexenda.</strong></span> <span class='ocrx_word' id='word_1_199' title='bbox 394 1776 446 1806; x_wconf 89' lang='lat' dir='ltr'><strong>Ad</strong></span> <span class='ocrx_word' id='word_1_200' title='bbox 467 1777 533 1811; x_wconf 84' lang='grc'><strong>445</strong></span> <span class='ocrx_word' id='word_1_201' title='bbox 553 1784 584 1806; x_wconf 89' lang='lat' dir='ltr'><strong>et</strong></span> <span class='ocrx_word' id='word_1_202' title='bbox 604 1779 669 1813; x_wconf 87' lang='grc'><strong>446</strong></span> 
     </span>
     <span class='ocr_line' id='line_1_37' title="bbox 98 1822 669 1864; baseline 0.002 -11"><span class='ocrx_word' id='word_1_203' title='bbox 98 1823 274 1864; x_wconf 88' lang='lat' dir='ltr'><strong>comparari</strong></span> <span class='ocrx_word' id='word_1_204' title='bbox 293 1822 396 1852; x_wconf 89' lang='lat' dir='ltr'><strong>solent</strong></span> <span class='ocrx_word' id='word_1_205' title='bbox 416 1833 476 1852; x_wconf 86' lang='lat' dir='ltr'><strong>vss.</strong></span> <span class='ocrx_word' id='word_1_206' title='bbox 499 1823 583 1859; x_wconf 77' lang='lat'>304,</span> <span class='ocrx_word' id='word_1_207' title='bbox 603 1824 669 1854; x_wconf 84' lang='lat'><strong>305</strong></span> 
     </span>
     <span class='ocr_line' id='line_1_38' title="bbox 97 1868 669 1908; baseline -0.002 -8"><span class='ocrx_word' id='word_1_208' title='bbox 97 1869 135 1900; x_wconf 94' lang='lat'><strong>11.</strong></span> <span class='ocrx_word' id='word_1_209' title='bbox 147 1879 179 1900; x_wconf 87' lang='grc' dir='ltr'><strong>α..</strong></span> <span class='ocrx_word' id='word_1_210' title='bbox 191 1869 306 1900; x_wconf 78' lang='lat' dir='ltr'><strong>Saltem</strong></span> <span class='ocrx_word' id='word_1_211' title='bbox 319 1868 424 1908; x_wconf 89' lang='lat' dir='ltr'><strong>aliqua</strong></span> <span class='ocrx_word' id='word_1_212' title='bbox 438 1879 478 1898; x_wconf 81' lang='lat' dir='ltr'><strong>ex</strong></span> <span class='ocrx_word' id='word_1_213' title='bbox 492 1875 582 1908; x_wconf 89' lang='lat' dir='ltr'><strong>parte</strong></span> <span class='ocrx_word' id='word_1_214' title='bbox 593 1879 669 1899; x_wconf 90' lang='lat' dir='ltr'><strong>con-</strong></span> 
     </span>
     <span class='ocr_line' id='line_1_39' title="bbox 97 1913 669 1955; baseline -0.002 -9"><span class='ocrx_word' id='word_1_215' title='bbox 97 1917 244 1946; x_wconf 86' lang='lat' dir='ltr'><strong>venirent</strong></span> <span class='ocrx_word' id='word_1_216' title='bbox 257 1913 295 1953; x_wconf 86' lang='grc' dir='ltr'><strong>β,</strong></span> <span class='ocrx_word' id='word_1_217' title='bbox 315 1915 379 1953; x_wconf 86' lang='lat'><strong>786</strong></span> <span class='ocrx_word' id='word_1_218' title='bbox 390 1925 436 1955; x_wconf 88' lang='lat' dir='ltr'><strong>sq.</strong></span> <span class='ocrx_word' id='word_1_219' title='bbox 455 1915 518 1952; x_wconf 90' lang='lat'><strong>807</strong></span> <span class='ocrx_word' id='word_1_220' title='bbox 531 1925 577 1955; x_wconf 85' lang='lat' dir='ltr'><strong>sq.</strong></span> <span class='ocrx_word' id='word_1_221' title='bbox 589 1917 669 1945; x_wconf 89' lang='lat' dir='ltr'><strong>Prae-</strong></span> 
     </span>
     <span class='ocr_line' id='line_1_40' title="bbox 96 1961 669 2001; baseline -0.003 -9"><span class='ocrx_word' id='word_1_222' title='bbox 96 1968 157 1992; x_wconf 87' lang='lat' dir='ltr'><strong>stat</strong></span> <span class='ocrx_word' id='word_1_223' title='bbox 168 1972 298 1992; x_wconf 86' lang='lat' dir='ltr'><strong>monere</strong></span> <span class='ocrx_word' id='word_1_224' title='bbox 309 1984 317 1999; x_wconf 91' lang='lat'><strong>,</strong></span> <span class='ocrx_word' id='word_1_225' title='bbox 329 1968 366 1991; x_wconf 89' lang='lat' dir='ltr'><strong>nt</strong></span> <span class='ocrx_word' id='word_1_226' title='bbox 381 1968 479 1991; x_wconf 82' lang='lat' dir='ltr'><strong>artem</strong></span> <span class='ocrx_word' id='word_1_227' title='bbox 496 1968 597 2001; x_wconf 83' lang='lat' dir='ltr'><strong>poetae</strong></span> <span class='ocrx_word' id='word_1_228' title='bbox 613 1961 669 1991; x_wconf 91' lang='lat' dir='ltr'><strong>ob-</strong></span> 
     </span>
     <span class='ocr_line' id='line_1_41' title="bbox 97 2008 668 2038; baseline 0 0"><span class='ocrx_word' id='word_1_229' title='bbox 97 2015 200 2038; x_wconf 83' lang='lat' dir='ltr'><strong>servet</strong></span> <span class='ocrx_word' id='word_1_230' title='bbox 224 2008 327 2038; x_wconf 88' lang='lat' dir='ltr'><strong>lector</strong></span> <span class='ocrx_word' id='word_1_231' title='bbox 354 2008 389 2037; x_wconf 91' lang='lat' dir='ltr'><strong>in</strong></span> <span class='ocrx_word' id='word_1_232' title='bbox 413 2008 600 2037; x_wconf 81' lang='lat' dir='ltr'><strong>narrationis</strong></span> <span class='ocrx_word' id='word_1_233' title='bbox 617 2018 668 2038; x_wconf 88' lang='lat' dir='ltr'><strong>or-</strong></span> 
     </span>
     <span class='ocr_line' id='line_1_42' title="bbox 96 2053 666 2096; baseline 0.002 -13"><span class='ocrx_word' id='word_1_234' title='bbox 96 2053 171 2084; x_wconf 86' lang='lat' dir='ltr'><strong>dine</strong></span> <span class='ocrx_word' id='word_1_235' title='bbox 187 2064 203 2084; x_wconf 84' lang='lat' dir='ltr'><strong>a</strong></span> <span class='ocrx_word' id='word_1_236' title='bbox 219 2054 341 2096; x_wconf 68' lang='lat' dir='ltr'><strong>vulgari</strong></span> <span class='ocrx_word' id='word_1_237' title='bbox 355 2061 465 2084; x_wconf 85' lang='lat' dir='ltr'><strong>tenore</strong></span> <span class='ocrx_word' id='word_1_238' title='bbox 479 2065 514 2083; x_wconf 87' lang='lat' dir='ltr'><strong>ac</strong></span> <span class='ocrx_word' id='word_1_239' title='bbox 528 2053 666 2094; x_wconf 81' lang='lat' dir='ltr'><strong>pedestri</strong></span> 
     </span>
     <span class='ocr_line' id='line_1_43' title="bbox 95 2100 665 2130; baseline 0 -1"><span class='ocrx_word' id='word_1_240' title='bbox 95 2110 202 2130; x_wconf 87' lang='lat' dir='ltr'><strong>rerum</strong></span> <span class='ocrx_word' id='word_1_241' title='bbox 240 2100 469 2130; x_wconf 85' lang='lat' dir='ltr'><strong>narrandarum</strong></span> <span class='ocrx_word' id='word_1_242' title='bbox 505 2107 665 2130; x_wconf 87' lang='lat' dir='ltr'><strong>structura</strong></span> 
     </span>
     <span class='ocr_line' id='line_1_44' title="bbox 94 2146 665 2185; baseline 0.002 -10"><span class='ocrx_word' id='word_1_243' title='bbox 94 2153 235 2177; x_wconf 77' lang='lat' dir='ltr'><strong>avocato.</strong></span> <span class='ocrx_word' id='word_1_244' title='bbox 250 2148 331 2179; x_wconf 88' lang='lat' dir='ltr'><strong>Nam</strong></span> <span class='ocrx_word' id='word_1_245' title='bbox 357 2146 536 2178; x_wconf 82' lang='lat' dir='ltr'><strong>secundum</strong></span> <span class='ocrx_word' id='word_1_246' title='bbox 561 2147 642 2177; x_wconf 89' lang='lat' dir='ltr'><strong>hanc</strong></span> <span class='ocrx_word' id='word_1_247' title='bbox 657 2169 665 2185; x_wconf 91' lang='lat'>‚</span> 
     </span>
    </p>
   </div>
   <div class='ocr_carea' id='block_1_10' title="bbox 725 944 1304 1726">
    <p class='ocr_par' dir='ltr' id='par_1_13' title="bbox 725 944 1304 1726">
     <span class='ocr_line' id='line_1_45' title="bbox 734 944 1302 985; baseline 0.004 -11"><span class='ocrx_word' id='word_1_248' title='bbox 734 956 782 975; x_wconf 86' lang='lat' dir='ltr'><strong>res</strong></span> <span class='ocrx_word' id='word_1_249' title='bbox 797 945 842 974; x_wconf 89' lang='lat' dir='ltr'><strong>sic</strong></span> <span class='ocrx_word' id='word_1_250' title='bbox 863 951 929 975; x_wconf 88' lang='lat' dir='ltr'><strong>erat</strong></span> <span class='ocrx_word' id='word_1_251' title='bbox 951 944 1159 985; x_wconf 86' lang='lat' dir='ltr'><strong>exponenda:</strong></span> <span class='ocrx_word' id='word_1_252' title='bbox 1174 947 1302 977; x_wconf 85' lang='lat' dir='ltr'><strong>AEneam</strong></span> 
     </span>
     <span class='ocr_line' id='line_1_46' title="bbox 733 991 1303 1034; baseline 0.002 -13"><span class='ocrx_word' id='word_1_253' title='bbox 733 993 851 1021; x_wconf 82' lang='lat' dir='ltr'><strong>interea</strong></span> <span class='ocrx_word' id='word_1_254' title='bbox 869 992 978 1021; x_wconf 85' lang='lat' dir='ltr'><strong>castris</strong></span> <span class='ocrx_word' id='word_1_255' title='bbox 998 992 1091 1021; x_wconf 87' lang='lat' dir='ltr'><strong>motis</strong></span> <span class='ocrx_word' id='word_1_256' title='bbox 1113 991 1236 1033; x_wconf 88' lang='lat' dir='ltr'><strong>duplici</strong></span> <span class='ocrx_word' id='word_1_257' title='bbox 1252 1004 1303 1034; x_wconf 81' lang='lat' dir='ltr'><strong>ag-</strong></span> 
     </span>
     <span class='ocr_line' id='line_1_47' title="bbox 732 1037 1304 1069; baseline 0.003 -2"><span class='ocrx_word' id='word_1_258' title='bbox 732 1039 817 1067; x_wconf 87' lang='lat' dir='ltr'><strong>mine</strong></span> <span class='ocrx_word' id='word_1_259' title='bbox 828 1038 976 1068; x_wconf 89' lang='lat' dir='ltr'><strong>adversus</strong></span> <span class='ocrx_word' id='word_1_260' title='bbox 988 1037 1100 1067; x_wconf 87' lang='lat' dir='ltr'><strong>urbem</strong></span> <span class='ocrx_word' id='word_1_261' title='bbox 1110 1040 1304 1069; x_wconf 85' lang='lat' dir='ltr'><strong>Laurentum</strong></span> 
     </span>
     <span class='ocr_line' id='line_1_48' title="bbox 730 1084 1302 1126; baseline 0.003 -13"><span class='ocrx_word' id='word_1_262' title='bbox 730 1085 913 1123; x_wconf 80' lang='lat' dir='ltr'><strong>incessisse3</strong></span> <span class='ocrx_word' id='word_1_263' title='bbox 944 1084 1082 1125; x_wconf 87' lang='lat' dir='ltr'><strong>pedestri</strong></span> <span class='ocrx_word' id='word_1_264' title='bbox 1111 1095 1169 1126; x_wconf 88' lang='lat' dir='ltr'><strong>per</strong></span> <span class='ocrx_word' id='word_1_265' title='bbox 1206 1086 1302 1116; x_wconf 86' lang='lat' dir='ltr'><strong>saltus</strong></span> 
     </span>
     <span class='ocr_line' id='line_1_49' title="bbox 731 1131 1304 1172; baseline 0.002 -12"><span class='ocrx_word' id='word_1_266' title='bbox 731 1132 889 1160; x_wconf 80' lang='lat' dir='ltr'><strong>montium</strong></span> <span class='ocrx_word' id='word_1_267' title='bbox 898 1154 906 1169; x_wconf 89' lang='lat'><strong><em>‚</em></strong></span> <span class='ocrx_word' id='word_1_268' title='bbox 923 1132 1062 1170; x_wconf 86' lang='lat' dir='ltr'><strong>equestri</strong></span> <span class='ocrx_word' id='word_1_269' title='bbox 1071 1142 1128 1172; x_wconf 88' lang='lat' dir='ltr'><strong>per</strong></span> <span class='ocrx_word' id='word_1_270' title='bbox 1140 1131 1304 1171; x_wconf 83' lang='lat' dir='ltr'><strong>planitiem</strong></span> 
     </span>
     <span class='ocr_line' id='line_1_50' title="bbox 732 1177 1300 1218; baseline 0.004 -12"><span class='ocrx_word' id='word_1_271' title='bbox 732 1187 933 1218; x_wconf 81' lang='lat' dir='ltr'><strong>camporum3</strong></span> <span class='ocrx_word' id='word_1_272' title='bbox 954 1177 1098 1207; x_wconf 85' lang='lat' dir='ltr'><strong>nuntiari</strong></span> <span class='ocrx_word' id='word_1_273' title='bbox 1114 1177 1300 1209; x_wconf 85' lang='lat' dir='ltr'><strong>adventum.</strong></span> 
     </span>
     <span class='ocr_line' id='line_1_51' title="bbox 731 1223 1302 1265; baseline 0 -12"><span class='ocrx_word' id='word_1_274' title='bbox 731 1225 824 1253; x_wconf 90' lang='lat' dir='ltr'><strong>Poeta</strong></span> <span class='ocrx_word' id='word_1_275' title='bbox 841 1234 917 1254; x_wconf 86' lang='lat' dir='ltr'><strong>vero</strong></span> <span class='ocrx_word' id='word_1_276' title='bbox 935 1223 1057 1263; x_wconf 87' lang='lat' dir='ltr'><strong>singula</strong></span> <span class='ocrx_word' id='word_1_277' title='bbox 1075 1223 1207 1265; x_wconf 81' lang='lat' dir='ltr'><strong>singulis</strong></span> <span class='ocrx_word' id='word_1_278' title='bbox 1225 1225 1302 1255; x_wconf 86' lang='lat' dir='ltr'><strong>locis</strong></span> 
     </span>
     <span class='ocr_line' id='line_1_52' title="bbox 730 1269 1301 1300; baseline 0.004 -2"><span class='ocrx_word' id='word_1_279' title='bbox 730 1270 897 1300; x_wconf 89' lang='lat' dir='ltr'><strong>commode</strong></span> <span class='ocrx_word' id='word_1_280' title='bbox 913 1269 1045 1298; x_wconf 83' lang='lat' dir='ltr'><strong>dicenda</strong></span> <span class='ocrx_word' id='word_1_281' title='bbox 1058 1270 1205 1300; x_wconf 84' lang='lat' dir='ltr'><strong>servavit.</strong></span> <span class='ocrx_word' id='word_1_282' title='bbox 1217 1271 1301 1300; x_wconf 88' lang='lat' dir='ltr'><strong>Vide</strong></span> 
     </span>
     <span class='ocr_line' id='line_1_53' title="bbox 729 1316 1300 1355; baseline 0.004 -10"><span class='ocrx_word' id='word_1_283' title='bbox 729 1316 810 1345; x_wconf 88' lang='lat' dir='ltr'><strong>infra</strong></span> <span class='ocrx_word' id='word_1_284' title='bbox 827 1327 857 1346; x_wconf 89' lang='lat' dir='ltr'><strong>v.</strong></span> <span class='ocrx_word' id='word_1_285' title='bbox 887 1316 949 1345; x_wconf 87' lang='lat'><strong>511</strong></span> <span class='ocrx_word' id='word_1_286' title='bbox 968 1325 1036 1355; x_wconf 87' lang='lat' dir='ltr'><strong>sqq.</strong></span> <span class='ocrx_word' id='word_1_287' title='bbox 1064 1316 1140 1346; x_wconf 82' lang='lat'><strong>522.</strong></span> <span class='ocrx_word' id='word_1_288' title='bbox 1158 1333 1205 1339; x_wconf 92' lang='lat'><strong>-—</strong></span> <span class='ocrx_word' id='word_1_289' title='bbox 1222 1318 1300 1352; x_wconf 82' lang='lat'><strong>452.</strong></span> 
     </span>
     <span class='ocr_line' id='line_1_54' title="bbox 729 1360 1300 1398; baseline 0.004 -7"><span class='ocrx_word' id='word_1_290' title='bbox 729 1363 773 1391; x_wconf 88' lang='lat' dir='ltr'><strong>Ec</strong></span> <span class='ocrx_word' id='word_1_291' title='bbox 787 1362 927 1391; x_wconf 69' lang='lat' dir='ltr'><strong>adrectae</strong></span> <span class='ocrx_word' id='word_1_292' title='bbox 941 1360 1076 1391; x_wconf 79' lang='lat' dir='ltr'><strong>stimulis</strong></span> <span class='ocrx_word' id='word_1_293' title='bbox 1093 1361 1149 1391; x_wconf 60' lang='grc' dir='ltr'><strong>ἵνα)</strong></span> <span class='ocrx_word' id='word_1_294' title='bbox 1159 1373 1171 1398; x_wconf 93' lang='lat'><em>;</em></span> <span class='ocrx_word' id='word_1_295' title='bbox 1185 1362 1224 1392; x_wconf 84' lang='lat' dir='ltr'><strong>de</strong></span> <span class='ocrx_word' id='word_1_296' title='bbox 1240 1364 1300 1393; x_wconf 74' lang='lat' dir='ltr'><strong>vir-</strong></span> 
     </span>
     <span class='ocr_line' id='line_1_55' title="bbox 729 1408 1300 1448; baseline 0.004 -11"><span class='ocrx_word' id='word_1_297' title='bbox 729 1415 796 1438; x_wconf 82' lang='lat' dir='ltr'><strong>tute</strong></span> <span class='ocrx_word' id='word_1_298' title='bbox 810 1408 921 1438; x_wconf 87' lang='lat' dir='ltr'><strong>bellica</strong></span> <span class='ocrx_word' id='word_1_299' title='bbox 933 1419 941 1445; x_wconf 91' lang='grc'><strong>;</strong></span> <span class='ocrx_word' id='word_1_300' title='bbox 958 1409 1134 1448; x_wconf 79' lang='lat' dir='ltr'><strong>exasperati</strong></span> <span class='ocrx_word' id='word_1_301' title='bbox 1147 1416 1223 1438; x_wconf 88' lang='lat' dir='ltr'><strong>sunt</strong></span> <span class='ocrx_word' id='word_1_302' title='bbox 1236 1411 1300 1439; x_wconf 84' lang='lat' dir='ltr'><strong>ani-</strong></span> 
     </span>
     <span class='ocr_line' id='line_1_56' title="bbox 727 1454 1299 1492; baseline 0.002 -8"><span class='ocrx_word' id='word_1_303' title='bbox 727 1455 795 1484; x_wconf 86' lang='lat' dir='ltr'><strong>mi:</strong></span> <span class='ocrx_word' id='word_1_304' title='bbox 817 1461 852 1484; x_wconf 90' lang='lat' dir='ltr'><strong>ut</strong></span> <span class='ocrx_word' id='word_1_305' title='bbox 871 1454 927 1484; x_wconf 85' lang='lat' dir='ltr'><strong>inf.</strong></span> <span class='ocrx_word' id='word_1_306' title='bbox 945 1464 1022 1492; x_wconf 78' lang='lat'><strong>727,</strong></span> <span class='ocrx_word' id='word_1_307' title='bbox 1045 1454 1109 1492; x_wconf 76' lang='lat'><strong>728</strong></span> <span class='ocrx_word' id='word_1_308' title='bbox 1129 1463 1137 1484; x_wconf 89' lang='lat'><strong>:</strong></span> <span class='ocrx_word' id='word_1_309' title='bbox 1160 1454 1299 1485; x_wconf 82' lang='lat' dir='ltr'><strong>Tarcho-</strong></span> 
     </span>
     <span class='ocr_line' id='line_1_57' title="bbox 727 1499 1298 1540; baseline 0.002 -11"><span class='ocrx_word' id='word_1_310' title='bbox 727 1511 798 1529; x_wconf 81' lang='lat' dir='ltr'><strong>nem</strong></span> <span class='ocrx_word' id='word_1_311' title='bbox 817 1500 849 1529; x_wconf 82' lang='lat' dir='ltr'><strong>in</strong></span> <span class='ocrx_word' id='word_1_312' title='bbox 861 1499 978 1540; x_wconf 78' lang='lat' dir='ltr'><strong>praelia</strong></span> <span class='ocrx_word' id='word_1_313' title='bbox 993 1500 1125 1530; x_wconf 77' lang='lat' dir='ltr'><strong>suscitat</strong></span> <span class='ocrx_word' id='word_1_314' title='bbox 1145 1509 1177 1530; x_wconf 84' lang='lat' dir='ltr'><strong>ec</strong></span> <span class='ocrx_word' id='word_1_315' title='bbox 1189 1500 1298 1531; x_wconf 81' lang='lat' dir='ltr'><strong>stimu-</strong></span> 
     </span>
     <span class='ocr_line' id='line_1_58' title="bbox 727 1545 1295 1587; baseline 0.005 -12"><span class='ocrx_word' id='word_1_316' title='bbox 727 1546 765 1575; x_wconf 88' lang='lat' dir='ltr'><strong>lis</strong></span> <span class='ocrx_word' id='word_1_317' title='bbox 791 1546 881 1575; x_wconf 78' lang='lat' dir='ltr'><strong>lzaud</strong></span> <span class='ocrx_word' id='word_1_318' title='bbox 907 1545 1054 1575; x_wconf 78' lang='lat' dir='ltr'><strong>mollibus</strong></span> <span class='ocrx_word' id='word_1_319' title='bbox 1089 1545 1194 1587; x_wconf 75' lang='lat' dir='ltr'><strong>injicit</strong></span> <span class='ocrx_word' id='word_1_320' title='bbox 1221 1547 1295 1578; x_wconf 80' lang='lat' dir='ltr'><strong>ims.</strong></span> 
     </span>
     <span class='ocr_line' id='line_1_59' title="bbox 725 1592 1299 1633; baseline 0.002 -10"><span class='ocrx_word' id='word_1_321' title='bbox 725 1593 805 1623; x_wconf 87' lang='lat' dir='ltr'><strong>Nam</strong></span> <span class='ocrx_word' id='word_1_322' title='bbox 836 1593 882 1621; x_wconf 89' lang='lat' dir='ltr'><strong>ira</strong></span> <span class='ocrx_word' id='word_1_323' title='bbox 912 1592 1062 1633; x_wconf 83' lang='lat' dir='ltr'><strong>erigitur,</strong></span> <span class='ocrx_word' id='word_1_324' title='bbox 1090 1593 1240 1633; x_wconf 85' lang='lat' dir='ltr'><strong>arrigitur</strong></span> <span class='ocrx_word' id='word_1_325' title='bbox 1263 1605 1299 1624; x_wconf 85' lang='lat' dir='ltr'><strong>ac</strong></span> 
     </span>
     <span class='ocr_line' id='line_1_60' title="bbox 725 1637 1298 1674; baseline 0.005 -7"><span class='ocrx_word' id='word_1_326' title='bbox 725 1638 926 1674; x_wconf 84' lang='lat' dir='ltr'><strong>stimulatur,</strong></span> <span class='ocrx_word' id='word_1_327' title='bbox 955 1637 987 1668; x_wconf 93' lang='lat' dir='ltr'><strong>h.</strong></span> <span class='ocrx_word' id='word_1_328' title='bbox 1013 1649 1040 1668; x_wconf 86' lang='lat' dir='ltr'><strong>e.</strong></span> <span class='ocrx_word' id='word_1_329' title='bbox 1072 1645 1230 1670; x_wconf 86' lang='lat' dir='ltr'><strong>movetur.</strong></span> <span class='ocrx_word' id='word_1_330' title='bbox 1257 1642 1298 1671; x_wconf 81' lang='lat' dir='ltr'><strong>Et</strong></span> 
     </span>
     <span class='ocr_line' id='line_1_61' title="bbox 725 1684 1296 1726; baseline 0.005 -13"><span class='ocrx_word' id='word_1_331' title='bbox 725 1684 867 1714; x_wconf 80' lang='lat' dir='ltr'><strong>stimulus</strong></span> <span class='ocrx_word' id='word_1_332' title='bbox 890 1684 1006 1719; x_wconf 81' lang='lat' dir='ltr'><strong>durus,</strong></span> <span class='ocrx_word' id='word_1_333' title='bbox 1029 1684 1085 1724; x_wconf 93' lang='lat' dir='ltr'><strong>qui</strong></span> <span class='ocrx_word' id='word_1_334' title='bbox 1104 1684 1181 1715; x_wconf 86' lang='lat' dir='ltr'><strong>adeo</strong></span> <span class='ocrx_word' id='word_1_335' title='bbox 1202 1697 1296 1726; x_wconf 86' lang='lat' dir='ltr'><strong>pene-</strong></span> 
     </span>
    </p>
   </div>
   <div class='ocr_carea' id='block_1_11' title="bbox 724 1729 1354 1775">
    <p class='ocr_par' dir='ltr' id='par_1_14' title="bbox 724 1729 1354 1775">
     <span class='ocr_line' id='line_1_62' title="bbox 724 1729 1354 1775; baseline 0.002 -15"><span class='ocrx_word' id='word_1_336' title='bbox 724 1737 805 1768; x_wconf 84' lang='lat' dir='ltr'><strong>trat,</strong></span> <span class='ocrx_word' id='word_1_337' title='bbox 822 1729 944 1760; x_wconf 82' lang='lat' dir='ltr'><strong>infixus</strong></span> <span class='ocrx_word' id='word_1_338' title='bbox 965 1729 1074 1760; x_wconf 81' lang='lat' dir='ltr'><strong>haeret.</strong></span> <span class='ocrx_word' id='word_1_339' title='bbox 1098 1732 1219 1760; x_wconf 78' lang='lat' dir='ltr'><strong>Fremit</strong></span> <span class='ocrx_word' id='word_1_340' title='bbox 1242 1742 1295 1761; x_wconf 80' lang='lat' dir='ltr'><strong>ar-</strong></span> <span class='ocrx_word' id='word_1_341' title='bbox 1346 1771 1354 1775; x_wconf 50' lang='grc'>-</span> 
     </span>
    </p>
   </div>
   <div class='ocr_carea' id='block_1_12' title="bbox 717 1775 1295 2186">
    <p class='ocr_par' dir='ltr' id='par_1_15' title="bbox 723 1775 1295 1955">
     <span class='ocr_line' id='line_1_63' title="bbox 723 1775 1295 1816; baseline 0.003 -11"><span class='ocrx_word' id='word_1_342' title='bbox 723 1787 796 1813; x_wconf 86' lang='lat' dir='ltr'><strong>ma,</strong></span> <span class='ocrx_word' id='word_1_343' title='bbox 816 1787 876 1816; x_wconf 88' lang='lat' dir='ltr'><strong>pro</strong></span> <span class='ocrx_word' id='word_1_344' title='bbox 901 1775 1024 1816; x_wconf 84' lang='lat' dir='ltr'><strong>vulgari</strong></span> <span class='ocrx_word' id='word_1_345' title='bbox 1040 1785 1048 1806; x_wconf 70' lang='grc' dir='ltr'><strong><em>ε</em></strong></span> <span class='ocrx_word' id='word_1_346' title='bbox 1065 1785 1139 1805; x_wconf 87' lang='lat' dir='ltr'><strong>cum</strong></span> <span class='ocrx_word' id='word_1_347' title='bbox 1166 1777 1295 1807; x_wconf 82' lang='lat' dir='ltr'><strong>fremitu</strong></span> 
     </span>
     <span class='ocr_line' id='line_1_64' title="bbox 723 1822 1292 1864; baseline 0.005 -13"><span class='ocrx_word' id='word_1_348' title='bbox 723 1823 929 1862; x_wconf 77' lang='lat' dir='ltr'><strong>postulat.·-—-</strong></span> <span class='ocrx_word' id='word_1_349' title='bbox 946 1822 1023 1857; x_wconf 83' lang='grc'>454.</span> <span class='ocrx_word' id='word_1_350' title='bbox 1043 1822 1208 1860; x_wconf 76' lang='lat' dir='ltr'><strong>Massanc;</strong></span> <span class='ocrx_word' id='word_1_351' title='bbox 1223 1834 1292 1864; x_wconf 86' lang='lat' dir='ltr'><strong>sup.</strong></span> 
     </span>
     <span class='ocr_line' id='line_1_65' title="bbox 725 1867 1292 1903; baseline 0.004 -6"><span class='ocrx_word' id='word_1_352' title='bbox 725 1869 790 1903; x_wconf 76' lang='lat'><strong>345</strong></span> <span class='ocrx_word' id='word_1_353' title='bbox 806 1867 865 1896; x_wconf 84' lang='lat' dir='ltr'><strong>sed</strong></span> <span class='ocrx_word' id='word_1_354' title='bbox 877 1867 983 1896; x_wconf 87' lang='lat' dir='ltr'><strong>dicere</strong></span> <span class='ocrx_word' id='word_1_355' title='bbox 1007 1874 1158 1899; x_wconf 80' lang='lat' dir='ltr'><strong>mussant.</strong></span> <span class='ocrx_word' id='word_1_356' title='bbox 1181 1871 1236 1900; x_wconf 84' lang='lat' dir='ltr'><strong>Est</strong></span> <span class='ocrx_word' id='word_1_357' title='bbox 1257 1867 1292 1900; x_wconf 80' lang='grc' dir='ltr'><strong>τὸ</strong></span> 
     </span>
     <span class='ocr_line' id='line_1_66' title="bbox 725 1911 1081 1955; baseline 0.003 -12"><span class='ocrx_word' id='word_1_358' title='bbox 725 1912 877 1955; x_wconf 82' lang='grc' dir='ltr'>ἐπιμύζειν</span> <span class='ocrx_word' id='word_1_359' title='bbox 890 1936 898 1950; x_wconf 94' lang='grc'><strong>,</strong></span> <span class='ocrx_word' id='word_1_360' title='bbox 915 1911 1081 1949; x_wconf 67' lang='grc' dir='ltr'>στενάζειν.</span> 
     </span>
    </p>

    <p class='ocr_par' dir='ltr' id='par_1_16' title="bbox 717 1959 1291 2186">
     <span class='ocr_line' id='line_1_67' title="bbox 770 1959 1291 2001; baseline 0.004 -12"><span class='ocrx_word' id='word_1_361' title='bbox 770 1961 847 1998; x_wconf 71' lang='grc'>457.</span> <span class='ocrx_word' id='word_1_362' title='bbox 861 1959 1162 2001; x_wconf 83' lang='lat' dir='ltr'><strong>ConsidereHugen.</strong></span> <span class='ocrx_word' id='word_1_363' title='bbox 1174 1966 1206 1990; x_wconf 85' lang='lat' dir='ltr'><strong>et</strong></span> <span class='ocrx_word' id='word_1_364' title='bbox 1219 1967 1291 1991; x_wconf 84' lang='lat' dir='ltr'><strong>tert.</strong></span> 
     </span>
     <span class='ocr_line' id='line_1_68' title="bbox 723 2005 1290 2047; baseline 0.002 -11"><span class='ocrx_word' id='word_1_365' title='bbox 723 2006 855 2036; x_wconf 77' lang='lat' dir='ltr'><strong>Mentel.</strong></span> <span class='ocrx_word' id='word_1_366' title='bbox 867 2016 938 2036; x_wconf 91' lang='lat' dir='ltr'><strong>cum</strong></span> <span class='ocrx_word' id='word_1_367' title='bbox 949 2008 1027 2047; x_wconf 83' lang='lat' dir='ltr'><strong>Reg.</strong></span> <span class='ocrx_word' id='word_1_368' title='bbox 1039 2005 1140 2035; x_wconf 86' lang='lat' dir='ltr'><strong>Amm&#39;</strong></span> <span class='ocrx_word' id='word_1_369' title='bbox 1149 2006 1290 2037; x_wconf 78' lang='lat' dir='ltr'><strong>Parthas.</strong></span> 
     </span>
     <span class='ocr_line' id='line_1_69' title="bbox 719 2052 1289 2093; baseline 0.002 -11"><span class='ocrx_word' id='word_1_370' title='bbox 719 2053 910 2093; x_wconf 77' lang='lat' dir='ltr'><strong>Piscosoqae</strong></span> <span class='ocrx_word' id='word_1_371' title='bbox 928 2052 1036 2092; x_wconf 87' lang='lat' dir='ltr'><strong>plures</strong></span> <span class='ocrx_word' id='word_1_372' title='bbox 1049 2062 1098 2093; x_wconf 84' lang='lat' dir='ltr'><strong>ap.</strong></span> <span class='ocrx_word' id='word_1_373' title='bbox 1119 2053 1226 2084; x_wconf 85' lang='lat' dir='ltr'><strong>Burm.</strong></span> <span class='ocrx_word' id='word_1_374' title='bbox 1243 2070 1289 2077; x_wconf 88' lang='lat'><strong>-—</strong></span> 
     </span>
     <span class='ocr_line' id='line_1_70' title="bbox 720 2098 1290 2139; baseline 0.002 -10"><span class='ocrx_word' id='word_1_375' title='bbox 720 2100 761 2135; x_wconf 85' lang='grc'><strong>45</strong></span> <span class='ocrx_word' id='word_1_376' title='bbox 768 2110 782 2138; x_wconf 87' lang='lat'>7</span> <span class='ocrx_word' id='word_1_377' title='bbox 797 2122 805 2135; x_wconf 95' lang='grc'>,</span> <span class='ocrx_word' id='word_1_378' title='bbox 825 2099 902 2135; x_wconf 85' lang='grc'>458.</span> <span class='ocrx_word' id='word_1_379' title='bbox 919 2098 1029 2128; x_wconf 81' lang='lat' dir='ltr'><strong>Padus</strong></span> <span class='ocrx_word' id='word_1_380' title='bbox 1045 2109 1222 2139; x_wconf 81' lang='lat' dir='ltr'><strong>cycnorum</strong></span> <span class='ocrx_word' id='word_1_381' title='bbox 1239 2110 1290 2130; x_wconf 76' lang='lat' dir='ltr'><strong>co-</strong></span> 
     </span>
     <span class='ocr_line' id='line_1_71' title="bbox 717 2144 1290 2186; baseline 0.002 -11"><span class='ocrx_word' id='word_1_382' title='bbox 717 2147 769 2186; x_wconf 89' lang='lat' dir='ltr'><strong>pia</strong></span> <span class='ocrx_word' id='word_1_383' title='bbox 792 2144 877 2186; x_wconf 85' lang='lat' dir='ltr'><strong>apud</strong></span> <span class='ocrx_word' id='word_1_384' title='bbox 904 2151 1012 2186; x_wconf 80' lang='lat' dir='ltr'><strong>poetas</strong></span> <span class='ocrx_word' id='word_1_385' title='bbox 1034 2145 1231 2177; x_wconf 82' lang='lat' dir='ltr'><strong>celebratus:</strong></span> <span class='ocrx_word' id='word_1_386' title='bbox 1253 2146 1290 2176; x_wconf 79' lang='lat' dir='ltr'><strong>in</strong></span> 
     </span>
    </p>
   </div>
   <div class='ocr_carea' id='block_1_13' title="bbox 1060 2208 1124 2246">
    <p class='ocr_par' dir='ltr' id='par_1_17' title="bbox 1060 2208 1124 2246">
     <span class='ocr_line' id='line_1_72' title="bbox 1060 2208 1124 2246; baseline 0.016 -1"><span class='ocrx_word' id='word_1_387' title='bbox 1060 2208 1124 2246; x_wconf 79' lang='lat'><strong>16*</strong></span> 
     </span>
    </p>
   </div>
  </div>
 </body>
</html>
