1414 2435
143 55 203 109 P.
253 50 659 110 VIRGILII
705 49 1118 106 MARONIS

276 227 984 321 MORETUM.

370 450 886 470 Q&—

90 579 163 612 ΞΛΜ
183 587 259 611 nox
277 573 454 611 hibernas
474 573 531 610 bis
551 574 719 623 quinque
739 583 938 623 peregerat
958 573 1087 618 horas,

40 635 323 685 Excubitorque
343 634 443 671 diem
463 642 576 670 cantu
594 634 825 684 praedixerat
842 634 935 681 ales;

39 696 204 733 Simulus
225 695 351 745 exigui
368 695 491 731 cultor
508 707 626 744 quum
646 695 809 732 rusticus
830 695 929 744 agri,

36 757 176 792 Tristia
194 765 364 792 venturae
383 764 553 792 metuens
568 755 712 805 jejunia
730 755 843 800 lucis,

40 815 214 852 Membra
234 816 332 852 levat
351 815 508 860 sensim,
524 815 591 850 vili
611 814 771 851 demissa
792 813 969 863 grabato,

42 875 284 924 Sollicitaque
302 887 417 910 manu
434 872 608 910 tenebras
629 873 801 922 explorat
820 874 977 917 inertes,

40 934 283 984 Vestigatque
304 934 449 980 focum3
471 933 581 969 laesus
601 945 714 981 quem
733 932 895 982 denique
915 934 1039 970 sensit.

91 994 274 1030 Parvulus
294 1001 426 1030 exusto
447 992 667 1029 remanebat
687 992 814 1041 stipite
833 992 976 1036 summ,

42 1054 88 1087 Et
106 1053 198 1088 cinis
219 1052 395 1089 obductae
412 1051 558 1089 celabat
578 1051 721 1088 lumina
740 1064 885 1101 prunae.

40 1110 229 1148 Admovet
246 1111 304 1148 his
325 1123 503 1161 pronam,
522 1111 708 1148 submissa
725 1111 866 1156 fronte,
887 1111 1098 1157 lucernam,

42 1172 88 1205 Et
107 1170 285 1220 producit
303 1184 372 1207 acu
392 1180 521 1221 stupas
540 1171 701 1208 humore
722 1179 911 1214 carentes,

42 1230 189 1267 Excitat
208 1238 244 1267 et
263 1231 408 1269 crebris
427 1232 667 1282 languentem
685 1231 837 1269 flatibus
855 1232 990 1280 ignem.

41 1289 212 1327 Tandem
232 1301 415 1341 concepto
437 1291 602 1330 tenebrae
622 1293 769 1342 fulgore
789 1292 990 1336 recedunt3

43 1349 304 1398 Oppositaque
322 1364 437 1387 manu
457 1352 583 1386 lumen
601 1352 771 1386 defendit
787 1352 835 1386 ab
856 1363 966 1395 aura,

43 1410 88 1443 Et
110 1417 253 1444 reserat
273 1410 416 1454 clausa,
435 1424 518 1457 quae
539 1409 742 1458 praevidet,
763 1410 859 1446 ostia
879 1410 985 1446 clavi.
1210 1420 1238 1442 15

94 1466 214 1504 Fusus
234 1476 314 1504 erat
334 1477 434 1505 terra
455 1468 633 1504 frumenti
654 1481 799 1518 pauper
819 1482 993 1514 acervus;

46 1527 142 1564 Hinc
162 1526 235 1564 sibi
256 1527 461 1577 depromit,
481 1534 663 1577 quantum
683 1540 860 1565 mensura
878 1528 1049 1579 patebat,

47 1589 140 1632 Quae
159 1586 218 1625 bis
234 1587 274 1624 in
293 1596 448 1625 octonas
468 1588 637 1624 excurrit
656 1587 825 1638 pondere
842 1587 969 1625 libras.

46 1647 140 1684 Inde
161 1648 258 1694 abit,
275 1648 496 1698 adsistitque
515 1648 642 1694 molae;
662 1661 854 1698 parvaque
875 1648 1029 1693 tabella,

97 1823 127 1842 2.
143 1812 270 1841 Gallum
285 1811 490 1853 gallinaceum
504 1820 619 1841 ornant
722 1822 761 1841 ιο
774 1834 782 1848 ,
819 1823 832 1841 1
845 1823 869 1842 1.
902 1814 1077 1842 Lucernam
1105 1810 1240 1840 olearem

49 1860 164 1898 passim
184 1865 305 1898 poetae,
330 1864 360 1887 et
382 1864 495 1887 notum
520 1864 566 1886 est
580 1857 616 1886 il-
671 1860 807 1899 cogitare
839 1869 963 1888 necesse
991 1864 1055 1895 est;
1089 1867 1156 1887 eam
1185 1857 1240 1886 ad—

48 1904 106 1933 lud
136 1904 300 1934 Prudentii
322 1913 329 1933 :
351 1903 428 1933 Ales
450 1903 516 1933 diei
539 1914 616 1932 mm-
671 1911 778 1934 movet
791 1905 944 1935 inclinato
957 1905 1075 1945 capite,
1090 1903 1241 1933 submissa

52 1949 128 1985 tius,
146 1950 204 1980 uhi
216 1951 309 1991 plura
326 1949 402 1979 dant
417 1951 525 1990 Intpp.
673 1951 786 1981 fronte.

98 2001 128 2030 4.
152 1997 251 2026 Docte
269 2006 276 2026 :
293 2007 333 2026 ne
359 1995 441 2025 diem
470 1997 619 2036 impastus
724 1998 776 2027 18.
803 1999 882 2028 XVI
909 1997 1004 2026 libras
1031 1995 1141 2036 pondo
1176 1995 1240 2024 fru-

52 2042 206 2081 exigeret,
223 2053 262 2072 ne
279 2044 345 2072 sine
364 2052 444 2082 pane
459 2049 548 2072 esset.
673 2044 771 2072 menti
799 2053 946 2073 mensura
974 2043 1057 2082 capit
1077 2050 1084 2070 ι
1109 2051 1183 2082 ergo
1208 2042 1242 2070 in

100 2097 114 2124 7
123 2110 129 2116 .
141 2088 263 2118 Laesus:
273 2089 421 2124 suaviter;
433 2088 620 2118 offensama-
672 2097 854 2129 sequentem
869 2099 996 2128 quoque
1012 2098 1112 2117 unum
1126 2094 1157 2118 et
1171 2087 1242 2118 alte-

52 2143 95 2162 nu
115 2132 151 2162 ad
168 2132 273 2164 focum
285 2157 293 2170 ‚
313 2135 363 2164 vel
381 2136 484 2164 cinere
501 2134 618 2164 adusta.
675 2145 744 2164 rum
760 2135 843 2166 diem
856 2134 929 2164 fami
945 2134 1107 2174 prospicit.
