1414 2435
576 66 702 97 LIBER
727 68 768 97 X.

28 162 36 168 ,
73 123 265 161 concessit
284 130 413 160 moesta
433 120 482 157 ad
498 123 642 168 Manis,
662 134 877 172 corpusque
897 122 1062 174 reliquit.

1211 76 1268 104 141

1221 135 1271 157 διο

74 188 123 222 At
141 197 233 221 vero
250 191 291 220 ut
305 183 451 220 voltum
468 181 564 218 vidit
583 182 779 224 morientis
797 190 834 218 et
854 194 940 229 ora,

75 246 154 281 Ora
170 243 291 280 modis
309 240 557 278 Anchisiades
576 241 756 290 pallentia
775 242 899 287 miris;

71 303 261 354 Ingemuit
277 301 457 339 miserans
478 302 662 351 graviter,
684 302 939 351 dextramque
957 302 1132 349 tetendit,

73 365 120 399 Et
139 370 302 399 mentem
319 362 452 411 patriae
472 361 623 398 strinxit
642 361 793 410 pietatis
812 361 950 411 imago.

73 437 88 454 «
110 421 212 467 Quid
231 420 302 457 tibi
322 434 443 466 nunc,
460 420 670 458 miserande
688 433 800 470 puer,
818 433 888 470 pro
906 421 1082 459 laudibus
1100 420 1198 467 istis,
1218 430 1267 454 82⁵

73 480 177 526 Quid
192 481 278 530 pius
297 483 432 517 AEneas
451 489 553 517 tanta
572 480 678 517 dabit
694 480 821 517 indole
841 481 1019 531 dignum?

71 543 206 587 Arma,
222 540 360 590 quibus
380 540 542 585 laetatus,
563 539 663 577 habe
681 549 762 588 tua3
781 548 892 590 teque
911 549 1110 590 parentum

71 599 250 636 Manibus
269 609 306 637 et
325 600 461 645 cineri,
479 600 510 636 si
529 612 604 650 qua
624 609 679 638 est
697 613 741 638 ea
760 613 869 647 cura,
890 601 1042 637 remitto
1054 627 1062 636 .

71 750 105 779 in
120 749 169 780 his
185 751 338 789 oppositis
357 749 578 789 argutandum.
589 750 640 779 Vi-

71 802 105 824 ta
120 805 180 835 pro
193 796 298 824 anima
308 817 317 832 ‚
334 792 428 834 ψυχή.

117 841 181 870 821
213 851 300 881 seqq.
324 840 378 870 Ad
406 841 640 870 miserationem

69 887 190 928 egregie
213 887 289 916 facit
306 887 372 927 ipsa
391 889 496 917 AEneae
514 887 639 916 misera-

68 934 132 970 tio,
157 932 234 962 dum
259 932 363 963 tendit
384 943 486 972 puero
510 943 639 969 manus,

69 984 100 1007 et
119 985 201 1008 terra
229 989 302 1008 eum
329 978 474 1008 sublevat
500 979 563 1009 831
574 1000 583 1016 ,
609 985 641 1008 et

69 1031 228 1065 respectus
244 1025 389 1063 Ascanii,
407 1031 439 1054 et
459 1025 494 1055 in
511 1025 640 1054 alterius

69 1069 196 1100 fortuna
209 1072 358 1112 cogitatio
372 1070 410 1100 de
426 1081 516 1108 casu,
530 1071 586 1111 qui
599 1071 640 1100 si-

68 1115 103 1145 bi
119 1116 260 1145 accidere
278 1121 451 1156 posset.—-
467 1118 543 1151 824.
564 1117 639 1146 Sub-

69 1160 107 1190 iic
135 1167 208 1190 ante
233 1162 355 1199 Heius„
381 1163 437 1202 qui
465 1172 505 1192 ex
532 1162 636 1193 Colot.

67 1207 186 1238 Medic.
207 1213 238 1243 et
258 1213 395 1247 utroque
419 1208 571 1239 Rottend.
590 1219 638 1238 re-

68 1254 177 1293 posuit
200 1252 348 1288 strinxit,
380 1254 437 1282 etsi
457 1264 553 1293 supra
570 1256 637 1290 lx,

69 1305 135 1338 294
150 1298 235 1329 idem
250 1298 486 1328 hemistichium
505 1309 579 1328 cum
594 1301 639 1339 ip-

66 1355 98 1374 sa
118 1355 196 1375 voce
221 1344 352 1374 strinxit
368 1351 585 1385 praecesserat3
604 1346 638 1374 in

66 1401 132 1431 quo
146 1391 207 1421 sibi
216 1402 330 1431 parum
341 1397 484 1420 constare
500 1390 636 1427 videtur,

65 1447 167 1476 quum
186 1437 306 1466 variare
323 1436 395 1466 talia
412 1443 538 1476 poetam
562 1436 637 1466 alibi

66 1481 283 1519 contenderit3
312 1493 369 1522 per
399 1492 431 1511 se
464 1489 637 1522 utrumque

66 1528 188 1558 bonum
208 1535 264 1558 est.
277 1527 414 1569 Stringit
429 1534 501 1558 tert.
518 1529 635 1558 Moret.

66 1591 112 1597 -—
126 1574 250 1604 Patriae
256 1574 388 1614 pietatis
404 1573 512 1615 imago
521 1596 530 1609 ,
554 1584 637 1604 amo-

66 1621 109 1649 ris
126 1620 176 1649 sui
192 1621 228 1650 in
245 1621 415 1650 Ascanium
433 1619 610 1651 recordatio
627 1630 634 1650 :

67 1672 97 1696 et
109 1676 206 1705 quem
218 1667 286 1706 ipse
306 1666 450 1696 dolorem
472 1674 636 1707 susceptu—

66 1721 121 1741 rus
136 1712 176 1740 sit
194 1712 230 1741 in
251 1712 345 1741 simili
367 1722 450 1742 casu.
473 1713 523 1742 Sic
538 1714 637 1742 inter-

65 1756 255 1798 pretandum
270 1757 416 1788 arbitror.
432 1759 492 1794 Ea,
506 1768 577 1797 qnae
591 1769 637 1787 re-

65 1804 244 1839 cordamur,
266 1811 368 1844 poetae
385 1814 441 1844 per
460 1803 636 1844 imaginem

66 1851 178 1880 efferre
192 1850 269 1880 licet
292 1851 396 1880 animo
417 1849 583 1888 objectam.
603 1860 634 1879 v.

64 1907 136 1937 sup.
160 1895 199 1926 ad
220 1898 285 1933 lx,
307 1902 383 1936 294.
408 1913 456 1920 -—-
479 1895 556 1925 825.
573 1897 636 1925 Pro

66 1941 211 1972 laudibus
237 1942 322 1979 iscis,
351 1943 410 1972 ista
437 1942 572 1978 virtute,
599 1948 637 1971 ut

63 1989 125 2027 jam
145 1989 311 2030 aliquoties
326 1988 479 2026 vidimus,
499 1985 540 2018 τὰ
557 1986 636 2018 κλέα

66 2041 98 2064 et
114 2032 148 2064 τὸ
165 2033 270 2072 κλέος,
286 2034 318 2065 h.
335 2034 356 2065 l.
372 2036 490 2071 virtus,
506 2044 583 2074 qua,
600 2040 636 2063 ut

66 2086 188 2120 patrem
198 2087 354 2117 servaret,
368 2081 435 2122 ipse
448 2081 520 2110 vitae
529 2079 636 2109 discri-

67 2136 140 2155 men
155 2126 242 2157 adiit.
258 2144 306 2150 ·-—
331 2127 408 2165 827.
430 2129 533 2156 Arma
555 2125 635 2155 habe

66 2179 132 2202 tua.
159 2173 295 2214 Magnus
322 2173 441 2203 scilicet
470 2172 572 2202 honos
602 2173 634 2201 in

692 749 749 780 illo
763 761 831 780 aevo
848 748 992 785 habitus,
1008 749 1034 778 si
1057 749 1176 778 victum
1199 749 1264 778 vic-

693 803 745 825 tor
768 805 835 825 non
859 795 1018 835 spoliaret.
1047 793 1087 824 ef.
1113 793 1203 824 Iliad.
1233 793 1266 831 ζ,

696 847 734 877 41
743 851 773 878 7.
789 857 836 863 ——
849 842 1021 870 Perentum
1035 838 1182 869 scribunt
1196 839 1265 869 bini

694 887 792 917 Goth.
812 893 843 916 et
866 886 975 926 plures
998 892 1077 926 puto
1102 885 1197 916 codd.
1225 892 1267 914 tc-

693 944 754 973 que
775 939 955 972 peremtum
985 933 1080 968 Ven.‚
1100 931 1188 971 quod
1211 930 1266 960 ali-

695 980 762 1016 cui,
777 980 833 1019 qui
850 988 949 1008 novas
961 977 1114 1008 lectiones
1129 987 1265 1017 aucupa-

695 1031 757 1062 tur,
774 1024 909 1064 probare
933 1034 965 1053 se
983 1030 1090 1065 potest
1111 1033 1118 1054 :
1140 1029 1170 1053 te
1186 1034 1264 1063 per-

695 1079 812 1101 emtum
836 1069 961 1100 remitco
975 1070 1040 1112 (sc.
1061 1069 1101 1099 ad
1122 1069 1265 1110 sepultu-

691 1128 757 1147 ram
767 1117 791 1158 )‚
810 1117 838 1146 si
852 1128 917 1158 qua
941 1127 981 1146 ea
1000 1126 1077 1146 cura
1095 1123 1141 1146 est
1159 1114 1264 1146 stiani-

691 1163 746 1193 bus
760 1171 792 1193 et
805 1163 924 1200 cineri,
948 1163 981 1194 h.
998 1175 1025 1194 e.
1039 1161 1066 1194 si
1082 1161 1179 1194 modo
1193 1163 1263 1194 Ma-

691 1220 746 1239 nes
759 1216 790 1239 et
805 1210 884 1238 cinis
898 1209 958 1239 tale
973 1209 1050 1250 quid
1065 1217 1180 1239 curant
1196 1218 1203 1239 :
1218 1220 1262 1240 sc.

668 1265 671 1266 ⁷
691 1254 780 1294 quod
795 1261 825 1283 te
840 1255 985 1290 remitto;
1010 1254 1098 1294 quod
1116 1255 1263 1292 jejunum

692 1306 754 1337 est;
765 1310 824 1329 nec
839 1300 958 1329 remitti
972 1309 1089 1339 corpus
1101 1301 1172 1328 satis
1185 1307 1264 1336 erat,

691 1355 805 1375 verum
819 1344 1037 1384 sepeliendum
1053 1345 1147 1374 mitu'.
1168 1343 1262 1374 Cine-

691 1390 734 1419 ris
760 1401 835 1420 vero
864 1391 954 1420 notio
983 1401 999 1419 a
1027 1391 1147 1419 recenti
1177 1389 1262 1419 caede

691 1443 757 1466 erat
771 1437 882 1466 aliena.
894 1438 965 1466 Hoc
980 1436 1064 1465 idem
1079 1435 1262 1464 adversatur

692 1483 882 1520 conjecturae
895 1483 916 1512 J
918 1492 948 1512 ο.
965 1480 1128 1513 Schraderi
1142 1490 1150 1511 ε
1170 1488 1263 1521 teque

684 1528 822 1568 parenti
849 1527 1021 1568 (Manibus
1048 1534 1081 1557 ec
1106 1526 1207 1556 cineri
1235 1526 1264 1556 si

691 1585 756 1614 qua
771 1580 818 1604 est
834 1585 873 1604 ea
888 1573 987 1615 cura)
1005 1572 1140 1603 remitto.
1158 1572 1261 1603 Aliter

690 1631 740 1650 res
758 1631 791 1650 se
807 1619 945 1650 habebat
966 1622 1024 1658 IV,
1046 1621 1089 1656 34
1112 1619 1155 1649 Id
1174 1618 1260 1648 cine—

689 1676 756 1696 rem
771 1674 830 1696 auc
843 1668 958 1696 Blanes
973 1666 1074 1696 credis
1089 1675 1199 1695 curare
1214 1675 1261 1694 se-

683 1712 816 1752 pultos?
831 1712 869 1742 de
884 1713 1004 1743 Sichaeo
1021 1711 1143 1741 dudum
1160 1710 1262 1750 sepul-

690 1765 734 1788 to.
762 1761 890 1788 Praestat
917 1759 1053 1799 vulgaris
1079 1757 1173 1786 lectio
1197 1764 1204 1785 :
1230 1762 1261 1785 te

690 1803 814 1833 remitto
824 1810 996 1844 parentum
1013 1802 1162 1832 Manibus
1174 1807 1206 1831 et
1220 1801 1260 1830 ci-

691 1849 776 1885 neri,
811 1849 844 1879 h.
871 1860 898 1879 e.
931 1849 972 1878 ad
995 1849 1177 1889 sepulcrum
1206 1857 1260 1887 pa-

690 1896 799 1924 trium.
808 1897 932 1925 Tenent
942 1901 1046 1925 tamen
1054 1896 1259 1934 interpretem

690 1940 786 1970 verba
799 1940 920 1979 adjecta
934 1950 941 1972 :
961 1941 989 1970 si
1007 1951 1072 1981 qua
1087 1947 1134 1970 est
1154 1949 1193 1969 ea
1206 1949 1258 1968 cu-

690 1997 728 2015 ra
741 1996 753 2015 .·
771 1987 917 2016 cuinam?
932 1996 1010 2016 num
1027 1986 1109 2016 tibi?
1127 1996 1167 2015 an
1186 1986 1259 2015 Ma-

691 2032 777 2062 nibus
791 2039 823 2062 et
831 2032 930 2062 cineri
938 2033 1127 2072 parentum?
1141 2042 1180 2061 an
1190 2031 1259 2060 uni-

690 2089 795 2116 verse,
816 2079 911 2109 modo
938 2085 984 2108 est
1011 2079 1068 2119 qui
1093 2078 1128 2108 id
1153 2083 1258 2112 curet,

689 2126 743 2164 qui
759 2132 787 2154 te
803 2124 1005 2154 inferendum
1023 2131 1113 2154 curet
1127 2133 1134 2154 :
1152 2130 1189 2153 ut
1205 2122 1258 2152 ad-

690 2171 792 2200 ditum
817 2171 897 2201 sorte
916 2172 955 2201 sit
970 2177 1136 2212 propterea
1147 2193 1155 2208 ‚
1170 2169 1257 2211 quod
