1414 2435
496 52 661 85 CATALE
665 54 759 85 CTA.

33 123 166 160 Victor
187 121 308 168 adest,
326 118 452 170 magni
471 131 648 170 magnum
667 120 781 157 decus
800 133 886 159 ecce
906 124 1099 175 triumphi.

85 183 237 228 Victor,
258 193 332 231 qua
350 189 480 228 terrae,
500 193 650 230 quaque
667 189 798 231 patent
815 184 952 231 maria;

36 243 203 281 Horrida
221 241 431 279 barbaricae
450 249 605 291 portans
624 241 784 292 insignia
803 256 957 294 pugnae3

88 305 248 352 Magnus
266 309 308 337 ut
328 300 516 348 OEnides,
533 310 652 351 utque
669 302 855 352 superbus
873 306 993 354 Eryx3

37 365 116 399 Nec
134 362 257 398 minus
277 360 420 398 idcirco
438 370 587 399 nostros
606 374 831 412 expromere
849 373 980 402 cantus

88 420 296 468 Maximus,
320 430 357 458 et
375 431 523 459 sanctos
541 421 676 471 dignus
695 422 791 460 inire
809 423 959 461 choros.

40 484 124 518 Hoc
141 480 268 529 itaque
288 480 444 518 insuetis
458 481 583 531 jactor
600 482 736 532 magis,
758 483 919 532 optime,
938 485 1038 521 curis
1058 499 1065 519 ε

93 541 196 588 Quid
214 541 260 578 de
281 549 316 577 te
335 542 476 590 possim
496 541 681 589 scribere,
702 542 842 591 quidve
864 542 944 579 tibi.
1205 564 1233 579 ω

42 602 232 650 Namque,
253 600 401 638 fatebor
420 601 538 648 enim,
558 615 642 651 quae
663 602 827 638 maxima
847 601 1063 639 deterrendi

92 659 252 706 Debuit,
271 659 452 697 hortandi
469 662 633 697 maxima
651 675 783 697 caussa
798 662 880 698 fuit.

43 722 166 755 Pauca
184 728 250 755 tua
269 721 309 754 in
327 728 474 755 nostras
496 728 680 755 venerunt
699 721 865 756 carmina
885 721 1050 769 chartas,

94 779 268 815 Carmina
288 791 406 827 quum
424 779 569 828 lingua,
589 787 669 815 turn
687 780 762 815 sale
779 781 974 831 CecropiO.

44 838 236 884 Carmina,
257 850 341 887 quae
356 838 522 886 Pylium,
543 838 659 875 saeclis
678 839 836 889 adcepta
857 841 1012 890 futuris,
1208 855 1236 878 ιε

96 898 288 944 Carmina,
308 910 392 947 quae
411 897 558 947 Pylium
576 898 729 935 vincere
747 899 860 949 digna
880 915 1016 939 senem.

45 958 211 994 Molliter
228 957 290 994 hic
307 957 422 993 viridi
441 958 579 1007 patulae
599 958 670 994 sub
693 960 854 1008 tegmine
874 975 1035 1011 quercus

96 1018 228 1054 Moeris
246 1026 416 1067 pastores
435 1025 472 1053 et
491 1016 691 1055 Meliboeus
709 1030 833 1067 erant;

47 1076 182 1113 Dulcia
197 1076 381 1125 jactantes
401 1076 545 1112 alterno
566 1077 731 1113 carmina
748 1090 879 1125 versu,

99 1136 235 1181 Qualia
254 1136 458 1172 Trinacriae
478 1136 611 1173 doctus
631 1147 728 1174 amat
742 1137 903 1187 juvenis.

48 1195 227 1233 Certatim
247 1195 433 1232 ornabant
451 1208 581 1233 omnes
599 1196 768 1233 Heroida
786 1197 886 1233 divi:

100 1255 282 1292 Certatim
302 1255 399 1291 divae
419 1268 575 1292 munere
595 1269 755 1305 quaeque
775 1269 855 1293 suo.

48 1315 209 1352 Felicem
228 1323 313 1352 ante
333 1315 423 1352 alias
444 1324 547 1352 tanto
567 1316 752 1365 scriptore
771 1317 951 1366 puellam!

100 1377 229 1412 Altera
247 1388 324 1411 non
344 1375 442 1411 fama
462 1375 601 1412 dixerit
620 1390 699 1413 esse
716 1377 833 1426 prior.

50 1437 135 1471 Non
155 1434 236 1479 illa,
257 1433 511 1482 Hesperidum
530 1434 570 1468 ni
589 1446 748 1470 munere
769 1444 875 1484 capta
898 1435 1044 1484 suisset,

102 1496 196 1539 Quae
215 1492 409 1528 volucrem
427 1505 540 1528 cursu
560 1492 703 1528 vicerat
722 1493 1016 1542 Hippomenem3

52 1552 222 1590 Candida
241 1563 382 1600 cycneo
401 1563 477 1586 non
497 1545 597 1587 edita
615 1552 801 1600 Tyndaris
821 1565 913 1600 ovo;

103 1614 191 1649 Non
208 1623 348 1660 supero
368 1610 512 1660 fulgens
532 1611 733 1659 Cassiopea
752 1613 840 1661 polo
848 1627 858 1659 3

53 1675 139 1709 Non
159 1671 312 1707 defensa
332 1670 397 1707 diu
414 1671 611 1707 volucrum
632 1672 836 1708 certamine
853 1685 1056 1722 equorum,

108 1729 303 1780 Optabant
322 1730 446 1766 Graiae
465 1743 577 1779 quam
597 1730 669 1766 sibi
689 1744 848 1780 quaeque
868 1745 1019 1777 manus;

57 1795 164 1840 Saepe
183 1788 344 1825 animam
365 1789 493 1837 generi
513 1802 583 1837 pro
601 1802 675 1838 qua
695 1798 802 1839 pater
823 1790 948 1839 inpius
968 1791 1110 1840 hausit,

110 1853 219 1899 Saepe
238 1847 359 1885 rubro
379 1848 476 1885 Eleis
499 1849 678 1898 sanguine
699 1850 807 1886 fluxit
826 1850 963 1887 humus
970 1867 980 1898 3

1214 1451 1242 1473 25

64 1975 181 2012 lebrat,
198 1980 348 2014 tanquam
363 1973 516 2003 victorem
532 1975 633 2011 1—63
694 1986 744 2005 cas
766 1977 972 2007 Messalarum
997 1994 1043 2000 --
1059 1979 1117 2015 54;
1146 1978 1200 2009 sed
1222 1981 1261 2010 iis

67 2027 97 2050 et
112 2027 236 2060 poetam
256 2030 415 2049 summum
435 2030 542 2057 ——123
561 2022 637 2050 reci·
691 2022 842 2051 laudibus
867 2034 933 2052 uon
951 2034 1057 2063 parem
1081 2035 1145 2053 esse
1164 2036 1195 2054 se
1209 2036 1260 2055 ca-

68 2073 118 2096 tat
140 2067 317 2095 carminum
337 2067 403 2104 ejus
426 2073 607 2108 argumenta
630 2076 638 2097 :
696 2069 808 2098 nendis
831 2068 955 2098 fatetur.
978 2070 1109 2111 Virgilio
1132 2071 1262 2101 auribu-

70 2113 162 2143 fuere
177 2122 212 2141 ea
226 2112 373 2142 bucolica
387 2123 497 2150 ——-2o;
520 2113 553 2142 iu
570 2113 642 2142 ami·
696 2121 763 2143 tum
780 2121 825 2143 est
843 2125 860 2143 a
878 2115 1017 2152 Pinhoeo,
1036 2116 1112 2146 hinc
1129 2127 1144 2146 a
1166 2118 1260 2148 Scali-

75 2168 142 2187 cam
155 2163 265 2194 —403
282 2158 419 2189 celebrat
431 2158 539 2189 laudes
554 2158 643 2188 belli·
697 2170 771 2200 gero
789 2167 819 2190 et
837 2160 913 2191 aliis.

240 2223 303 2257 IV.
1095 2228 1141 2269 34
