1414 2435
77 59 143 89 204
593 55 786 86 AENEIDOS

73 113 255 147 Eunaeum
273 109 397 159 Clytio
416 109 581 159 primum
601 119 728 161 patre,
750 113 858 163 cujus
879 120 1052 162 apertum

73 170 235 208 Adversi
252 172 365 220 longa
385 172 669 210 transverberat
689 172 812 210 abiete
831 181 976 222 pectus.

74 231 274 281 Sanguinis
293 231 354 267 ille
375 244 531 270 vomens
551 233 653 270 rivos
671 233 790 279 cadit,
810 242 924 283 atque
943 240 1137 269 cruentam

72 292 222 328 Mandit
240 292 421 338 humum,
441 293 685 342 moriensque
707 306 776 331 suo
796 307 835 331 se
854 294 892 330 in
910 294 1066 330 volnere
1087 301 1221 329 versat.

71 353 167 387 Tum
182 352 301 388 Lirim
311 380 321 398 ‚
333 355 595 403 Pagasumque
607 366 722 402 super
733 369 743 400 3
761 367 925 403 quorum
940 354 1034 390 alter
1045 352 1213 390 habenas
1225 361 1276 395 670

72 413 244 449 Susfosso
261 413 457 450 revolutus
476 426 575 463 equo
594 414 685 450 dum
706 413 866 462 colligit,
889 414 1002 459 alter,

70 474 172 509 Dum
192 473 316 519 subit,
339 487 382 510 ac
403 474 577 511 dextram
596 473 740 511 labenti
761 473 881 510 tendit
901 473 1100 518 inermem,

70 532 287 582 Praecipites
308 533 531 584 pariterque
548 541 677 570 ruunt.
699 534 767 570 His
785 532 891 569 addit
909 535 1127 569 Amastrum

70 593 334 642 Hippotad0n3
355 595 603 643 sequiturque
622 592 846 630 incumbens
867 592 1013 629 eminus
1032 587 1139 629 hasta

69 656 276 702 Tereaque,
289 654 635 705 Harpalycumque,
652 663 689 691 et
703 652 1010 703 Demophoonta,
1021 651 1303 702 Chromimque;

71 715 251 762 Quotque
269 713 403 750 emissa
422 727 534 750 manu
555 715 738 751 contorsit
755 714 899 764 spicula
916 713 1043 763 virgo,
1225 720 1276 754 656

71 775 143 810 Tot
163 773 318 823 Phrygii
339 773 510 810 cecidere
530 774 616 811 viri.
638 774 774 811 Procul
793 777 984 823 Ornytus,
1006 774 1119 810 armis

76 931 162 969 7033
191 941 236 967 π,
265 931 343 971 692.
360 931 496 961 -666.
529 932 646 960 Eume-

77 977 163 1007 nium
182 977 256 1007 Ald.
271 988 321 1018 pr.
340 984 370 1006 et
385 977 460 1007 hinc
485 984 557 1007 cett.
575 976 647 1007 edd.

73 1033 173 1064 usque
187 1023 226 1053 ad
247 1024 455 1060 Commelin.,
478 1025 534 1064 qui
553 1034 569 1053 e
593 1026 648 1054 Pa-

72 1070 126 1100 lat.
153 1069 240 1100 dedit
262 1071 421 1099 Eunaeum
436 1081 446 1099 .·
464 1071 524 1099 erit
550 1071 649 1110 igitur

75 1116 202 1151 Εὺναῖος
215 1139 223 1153 ,
239 1116 326 1157 quod
343 1116 470 1146 aliunde
492 1127 556 1146 non
583 1127 647 1146 me-

73 1164 163 1193 mini.
189 1166 233 1193 At
263 1162 374 1198 Εὕνῃος
398 1165 481 1193 inter
510 1163 646 1192 heroum

73 1210 203 1240 nomina
221 1217 315 1239 notus
338 1216 400 1246 est,
418 1211 472 1250 qni
489 1209 572 1238 idem
589 1208 646 1239 Εὔ-

75 1266 148 1291 νεως
160 1279 168 1293 ,
184 1263 215 1286 et
236 1254 346 1291 Εὔνευς
358 1279 367 1292 ,
383 1257 508 1286 Jasonis
528 1256 548 1286 f.
564 1267 594 1286 v.
610 1256 647 1285 ad

72 1302 226 1343 Apollod.
254 1305 289 1340 Ι,
317 1314 357 1342 9,
389 1313 440 1341 17,
457 1302 477 1343 ς
495 1303 533 1339 3;
553 1310 584 1332 et
608 1303 648 1332 ad

72 1351 192 1390 Hygia.
218 1349 240 1379 f.
269 1350 319 1380 15.
338 1351 460 1379 Interea
488 1351 646 1379 Eunaeum

72 1398 208 1426 maxima
226 1406 299 1436 pars
321 1395 415 1426 codd.
438 1395 580 1425 defendit
596 1407 646 1437 ap.

72 1444 153 1474 Pier.
171 1450 202 1473 et
216 1443 326 1474 Heius.
344 1453 351 1473 :
374 1442 453 1472 adde
469 1450 531 1472 tres
548 1442 645 1473 Goth.

72 1490 175 1519 Etiam
190 1500 206 1519 e
221 1496 296 1519 vett.
318 1489 390 1518 edd.
407 1489 590 1526 nonnullae,
610 1495 647 1518 ut

74 1537 159 1566 Ven.
184 1536 270 1571 1486
283 1558 292 1571 ,
310 1537 475 1571 Eum‘um,
498 1535 565 1564 aliae
581 1536 646 1564 Eu-

74 1581 225 1617 mcnium,
242 1585 329 1612 Serv.
350 1583 560 1616 Eumenenm,
580 1591 648 1610 non

74 1628 391 1658 male.—Eunaemn
417 1629 474 1658 int.
499 1638 516 1657 e
537 1628 647 1665 Troja-

74 1675 142 1711 nis‚
160 1674 257 1704 Lirim
290 1677 514 1715 chasmnque
541 1685 581 1703 ex
610 1675 648 1703 E-

76 1722 211 1752 truscis:
243 1721 385 1762 reliquos
418 1732 447 1750 v.
480 1721 546 1758 673
579 1731 646 1760 sqq.

73 1768 189 1798 iterum
198 1768 354 1806 'trojanos
366 1777 373 1798 :
385 1778 400 1797 e
411 1766 528 1808 quibus
537 1769 650 1796 Amas-

74 1822 139 1843 trus
154 1815 304 1855 llippotae
323 1813 420 1844 filius.
447 1813 575 1843 silandi!
591 1812 646 1842 Ιιη-

74 1871 158 1890 mum
169 1873 179 1896 ‚·
189 1861 278 1902 quod
289 1860 362 1890 alias
370 1860 521 1890 mordere.
533 1871 563 1890 v.
574 1870 645 1900 sup.

77 1913 93 1942 4
105 1908 154 1938 ι8.
172 1909 306 1948 -669,
333 1909 372 1937 Se
398 1907 505 1936 aberat
533 1908 644 1937 Frauc.

80 1956 116 1982 1η
129 1954 235 1985 deerat
246 1955 405 1995 plerisque
423 1955 502 1984 Pier.
517 1960 546 1983 et
565 1964 645 1983 non-

78 2001 172 2030 nullis
211 2002 319 2031 llcins.
359 2000 392 2030 in
433 1999 565 2030 verbere
598 2010 646 2040 pr.

76 2047 191 2076 liamb.
207 2049 244 2076 In
261 2047 417 2089 sanguine
432 2047 530 2077 Goth.
555 2053 626 2076 tert.
638 2068 646 2083 ‚

74 2099 105 2121 et
124 2094 167 2122 sic
183 2093 328 2123 Mat-rob.
343 2095 388 2122 IV
401 2116 409 2130 ,
427 2094 447 2122 6
459 2116 467 2129 ‚
482 2093 535 2123 scd
549 2103 590 2122 cx
604 2094 649 2122 in-

76 2140 322 2179 terpretatione3
337 2147 365 2168 ct
379 2162 387 2175 ,
402 2146 435 2169 ut
451 2140 530 2169 bene
541 2145 649 2169 monet

75 2186 224 2215 Heinsius
237 2208 245 2221 ,
258 2185 424 2226 sanguinis
448 2185 504 2215 rivi
517 2195 649 2227 prseoes-

702 937 825 968 serant,
850 930 930 960 male
964 931 1058 960 etiam
1090 931 1227 959 Potanus
1260 940 1277 960 e

702 977 794 1007 codd.
822 978 1005 1007 Britannico
1022 977 1134 1016 reponi
1155 976 1275 1012 voluit,

701 1024 733 1053 in
752 1023 910 1064 sangnine
928 1030 1055 1052 mersae.
1072 1023 1276 1050 Burmannus

701 1070 811 1099 laudat
840 1069 1004 1099 Drakenb.
1033 1067 1072 1097 ad
1096 1068 1209 1098 Silium
1227 1069 1273 1104 N,

704 1117 780 1155 577.
807 1116 933 1146 Scilicet
958 1117 983 1144 is
1008 1114 1114 1144 locum
1133 1113 1274 1144 vindicat

701 1174 742 1193 ex
755 1164 932 1193 imitatione
948 1162 1081 1193 Siliana:
1097 1168 1129 1190 ec
1141 1171 1275 1190 versan-

702 1217 765 1239 tem
777 1209 808 1238 in
823 1209 959 1239 ‘vulnere
969 1219 1036 1238 sese
1053 1210 1081 1238 T
1079 1206 1275 1249 ramign—

704 1257 744 1294 67
755 1267 781 1287 1.
795 1255 950 1285 Habenas
965 1255 1041 1284 dum
1057 1254 1203 1295 colligit,
1227 1265 1274 1284 re-

702 1303 822 1333 volutus
838 1313 918 1343 equo
931 1301 1085 1343 suffosso,
1105 1307 1141 1330 ut
1157 1311 1273 1341 equum

702 1360 742 1379 ex
766 1349 899 1379 vulnere
936 1358 1091 1378 cernuum
1124 1347 1274 1378 retrahat.

701 1414 747 1419 -——
776 1396 855 1434 674.
891 1395 1041 1436 Sequitur
1071 1393 1271 1430 incumbens,

703 1442 810 1484 ἑφέπει
821 1439 982 1485 ἐρείδουσαι
997 1442 1047 1472 vel
1058 1436 1274 1483 ἐφερειὸομένη

699 1490 822 1530 puella;
850 1489 912 1519 hoc
942 1488 1078 1518 refertur
1107 1487 1144 1517 ad
1167 1488 1274 1516 nisum

702 1536 874 1565 emittentis
889 1534 1008 1563 hastam
1020 1556 1028 1569 ‚
1048 1543 1109 1574 qna
1125 1532 1177 1562 illa
1193 1533 1274 1562 inse-

702 1583 812 1622 quitur
839 1582 962 1610 eminus
973 1603 981 1617 ‚
1009 1579 1070 1610 hoc
1095 1586 1140 1609 est
1151 1601 1159 1611 ,
1196 1580 1275 1619 petit

702 1630 839 1658 Tereum
856 1635 886 1657 et
905 1627 991 1656 alios.

750 1675 828 1711 (377.
855 1675 991 1712 Ornytus
1009 1682 1050 1701 ex
1068 1672 1219 1701 Etruscis.
1235 1671 1274 1701 cf.

703 1720 781 1750 636.
797 1719 906 1750 Armis
922 1718 1058 1760 ignotis,
1076 1719 1169 1748 novis
1183 1716 1215 1747 h.
1231 1716 1252 1748 l.
1266 1739 1274 1753 ‚

704 1774 739 1796 ut
755 1768 884 1796 servius
894 1788 902 1802 ,
914 1765 1108 1796 inconsuetis
1118 1787 1126 1801 ,
1141 1763 1275 1794 insolen-

705 1814 785 1843 tiore
804 1814 908 1854 specie
927 1823 934 1843 :
952 1823 1025 1842 nam
1041 1810 1180 1841 habebat
1197 1819 1275 1839 exn-

702 1861 767 1889 vias
784 1861 866 1889 tauri
882 1870 940 1900 pro
955 1858 1099 1894 thorace,
1113 1863 1143 1886 et
1157 1857 1273 1886 rictum

700 1906 769 1947 lupi
781 1917 840 1947 pro
854 1906 938 1948 galea
948 1928 957 1941 ,
970 1912 1006 1935 nt
1017 1904 1078 1933 vn
1087 1926 1095 1940 ,
1110 1903 1176 1932 666
1186 1926 1194 1939 ‚
1205 1903 1268 1938 667

702 1954 911 1985 Aventinus:
936 1953 1097 1993 Tegumen
1125 1957 1273 1990 torquens

703 1999 842 2028 immane
879 1997 996 2032 leonis,
1043 1995 1188 2026 Terribili
1213 1995 1270 2025 im-

697 2055 819 2086 pexum
843 2052 922 2074 set-m
941 2054 1010 2073 cum
1028 2041 1173 2072 dentibus
1191 2041 1273 2071 albis

702 2091 834 2121 Indums
859 2089 967 2130 capiti.
990 2089 1074 2120 'ralis
1096 2091 1202 2130 Argus
1220 2099 1271 2130 ap.

702 2137 855 2178 Apollon.
874 2137 929 2166 lib.
950 2139 982 2169 1,
1002 2137 1065 2172 3²!-
1080 2158 1087 2171 ,
1105 2136 1182 2166 325.
1200 2137 1272 2166 Per-

703 2195 809 2225 prrnm
834 2183 963 2214 loricam
987 2194 1027 2213 ex
1051 2183 1139 2213 corio
1163 2181 1274 2213 factam
