1414 2435
592 71 714 102 LIBER
738 73 780 102 X.

1219 68 1280 98 105

92 128 348 175 Concurrunt3
369 127 486 163 haeret
505 126 602 176 pede
616 140 703 176 pes,
722 126 933 176 densusque
951 127 1035 164 viro
1054 126 1124 164 vir.

145 191 195 224 At
213 196 321 238 parte
340 201 387 224 ex
405 187 494 233 alia,
515 200 590 236 qua
609 199 698 223 saxa
716 188 880 224 rotantia
899 189 971 224 late

92 248 288 296 Inpulerat
306 256 472 294 torrens,
494 247 723 297 arbustaque
744 248 870 284 diruta
887 248 996 298 ripis,

92 306 278 352 Arcadas,
298 307 465 344 insuetos
482 307 580 344 acies
599 306 740 344 inferre
759 307 959 356 pedestris,

92 369 146 403 Ut
161 366 257 403 vidit
275 367 393 404 Pallas
413 367 522 404 Latio
542 367 631 404 dare
653 376 757 417 terga
778 368 946 416 sequaci,

1238 374 1285 398 365

92 429 239 476 Aspera
257 426 340 475 quis
360 434 496 463 natura
512 427 586 463 loci
603 427 793 464 dimittere
810 427 962 476 quando

94 485 220 522 Suasit
238 498 374 535 equos3
394 499 512 522 unum
532 485 635 535 quod
654 485 769 523 rebus
789 494 905 523 restat
927 485 1071 536 egenis,

93 546 203 581 Nunc
222 557 352 594 prece,
373 558 473 581 nunc
492 545 601 581 dictis
620 545 798 581 virtutem
817 544 992 581 adcendit
1009 544 1144 582 amaris
1166 557 1174 579 z

96 622 110 636 «
134 606 220 650 Quo
240 604 387 654 fugitis,
408 604 524 640 socii?
544 618 613 654 per
628 618 695 642 vos
715 613 752 641 et
772 606 885 641 fortia
903 605 1018 650 facta,

93 666 165 700 Per
184 663 288 700 ducis
308 663 474 700 Evandri
492 676 647 709 nomen,
668 664 890 712 devictaque
908 663 1025 707 bella,

1237 671 1286 705 37⁰

95 725 285 773 Spemque
304 736 445 768 meam,
465 723 597 772 patriae
616 736 700 772 quae
719 736 820 759 nunc
836 721 938 759 subit
956 722 1091 757 aemula
1109 721 1232 768 laudi,

96 784 218 821 Fidite
234 797 280 820 ne
301 782 473 832 pedibus.
494 786 612 819 Ferro
632 782 842 832 rumpenda
861 794 930 832 per
949 781 1068 817 hostis

97 845 163 880 Est
181 843 260 889 via,
279 854 354 892 qua
369 841 504 891 globus
522 841 584 880 ille
599 841 725 879 virum
742 841 983 879 densissimus
1000 849 1110 891 urget
1127 853 1136 875 ;

99 989 193 1012 taeum
211 993 244 1022 p.
261 983 302 1013 33
321 990 352 1013 et
366 983 408 1023 59
420 1005 428 1020 ‚
442 990 514 1024 post
524 982 668 1014 Cerdam.

100 1030 224 1059 Ennius
236 1029 300 1066 jam
313 1036 384 1059 ante
400 1030 567 1060 Maronem
586 1040 594 1061 ε
610 1032 671 1059 Pes

97 1073 184 1114 pede
206 1074 379 1114 premitur,
407 1075 505 1105 armis
528 1082 673 1105 teruntur

103 1129 215 1154 arma,
236 1127 267 1149 et
282 1121 322 1151 A.
339 1122 454 1150 Furius
474 1123 586 1151 Antias
604 1122 671 1152 An-

105 1164 168 1195 nal.
194 1167 258 1202 1V3
284 1168 450 1195 Pressaeur
477 1167 563 1207 pede
589 1177 668 1206 pes,

50 1230 55 1234 -
107 1221 213 1240 mucro
247 1221 412 1248 mucrone,
447 1212 520 1242 viro
544 1212 600 1242 'vir
621 1223 671 1253 ap.

104 1257 250 1287 Macrob.
280 1259 344 1295 VI,
379 1260 409 1288 3.
438 1258 510 1287 Alia
542 1258 674 1287 laudant

105 1303 210 1333 Guell.
225 1302 324 1334 Cerda
335 1325 344 1340 ‚
363 1304 425 1340 alii,
436 1304 579 1343 inprimis
596 1306 672 1334 stat.

104 1348 205 1379 Theb.
219 1350 298 1378 VIII
308 1371 317 1386 ‚
331 1351 408 1390 398,
426 1351 490 1389 399
503 1351 596 1379 :Iam
611 1349 675 1388 cly-

100 1404 181 1433 peus
196 1394 331 1435 clypeis,
353 1395 488 1425 umbone
512 1395 676 1434 repellitur

105 1440 220 1476 umbo;
237 1442 326 1470 Ense
343 1442 458 1471 minax
474 1440 577 1477 ensis,
588 1440 674 1480 pede

102 1497 180 1527 pes,
200 1493 231 1515 et
248 1486 375 1527 cuspide
391 1487 502 1528 cuspis.

154 1532 232 1562 362.
248 1533 389 1563 Arcades
398 1556 407 1571 ,
421 1535 542 1573 equites
557 1543 597 1562 ex
610 1532 675 1562 Pal-

106 1579 212 1608 lanteo
237 1578 342 1616 ducti,
359 1586 390 1609 et
407 1590 423 1609 a
443 1579 580 1610 Pallante
594 1589 674 1618 prae-

108 1625 195 1653 missi
222 1624 309 1665 (vid.
337 1636 433 1663 supra
459 1635 568 1655 versus
589 1625 674 1661 238,

112 1669 220 1710 239),
234 1671 291 1699 alia
309 1681 349 1700 ex
367 1678 455 1711 parte
472 1671 609 1702 Rutulos
625 1670 676 1700 ad-

110 1717 173 1747 orti
205 1723 293 1745 erant
317 1716 397 1756 (nec
427 1727 508 1756 opus
535 1724 619 1754 erat,
640 1723 677 1746 ut

109 1768 203 1804 poeta
220 1769 496 1799 commemoraret,
514 1763 676 1802 quomodo

109 1808 251 1840 Tiberim
277 1806 515 1848 trajecissent),
543 1814 574 1837 et
596 1807 678 1837 duce

110 1855 249 1886 Pallante
259 1854 445 1895 pugnabant
460 1864 495 1884 ea
507 1860 594 1893 parte
607 1854 680 1883 lito·

111 1901 171 1938 ris,
185 1911 246 1941 qua
258 1907 381 1930 torrens
397 1902 432 1929 in
447 1910 531 1929 mare
544 1901 679 1936 exierat3

111 1948 217 1987 itaque
231 1947 304 1986 equi
323 1947 358 1976 in
378 1946 504 1976 lubrico
524 1952 555 1975 et
570 1956 679 1986 aspero

112 1993 182 2023 solo
210 1994 379 2022 consistere
411 2003 480 2022 nou
510 1998 656 2032 poterant
671 2000 678 2020 τ

113 2049 211 2078 quare
231 2040 270 2068 iis
292 2039 408 2068 relictis
423 2038 544 2079 pedites
557 2047 680 2079 pugna-

115 2084 208 2120 bant3
223 2095 334 2114 verum
345 2107 354 2122 ‚
371 2095 444 2114 cum
457 2084 595 2125 pedestri
603 2094 682 2124 pug-

116 2139 166 2159 nae
185 2140 296 2170 parum
323 2132 436 2160 assueti
466 2137 587 2167 essent,
610 2131 682 2160 loco

116 2175 288 2214 cedebant3
305 2187 404 2218 quum
426 2187 497 2207 ecce
516 2176 613 2207 Pallas
631 2185 684 2206 eos

722 983 875 1023 increpat.
910 983 976 1013 Cur
1005 981 1143 1013 Arcades
1171 984 1292 1024 equites

724 1036 848 1058 tantum
879 1028 1007 1058 adducti
1037 1029 1172 1066 fuerint,
1197 1040 1292 1070 supra

724 1075 920 1115 disputatum
956 1082 1002 1104 est
1035 1075 1075 1104 ad
1109 1075 1166 1106 lib.
1193 1077 1292 1113 VIII,

726 1121 803 1158 518,
819 1121 836 1150 5
845 1131 895 1160 19.
906 1120 1060 1150 notantia
1069 1131 1116 1158 se,
1130 1128 1167 1150 ut
1176 1121 1293 1163 Georg.

725 1169 760 1203 I,
784 1167 845 1195 163
868 1166 1034 1196 volventia
1059 1173 1090 1196 et
1111 1174 1158 1197 tot
1181 1168 1240 1197 alia
1258 1170 1292 1198 in

725 1213 869 1242 Marone.
880 1228 926 1234 —
939 1213 1015 1243 365.
1042 1212 1136 1242 Latio
1145 1235 1155 1249 ,
1176 1215 1294 1243 Latinis

726 1264 757 1287 et
770 1258 909 1287 Rutulis.
920 1275 965 1281 --
977 1258 1053 1288 366.
1074 1258 1296 1299 Quis—quan-

727 1302 768 1332 do
786 1302 896 1342 paullo
914 1302 1024 1332 durius
1042 1310 1159 1333 structa
1173 1306 1294 1342 oratio;

728 1347 986 1388 quandoquidem
1001 1354 1113 1378 natura
1133 1349 1196 1379 loci
1210 1359 1296 1390 aspe-

727 1404 761 1423 ra
777 1400 807 1423 et
822 1393 972 1433 impedita
989 1393 1163 1424 adduxerat
1175 1405 1245 1433 eos,
1258 1402 1296 1425 ut

727 1440 815 1479 equis
830 1439 1066 1469 descenderent.
1080 1457 1125 1464 ——-
1144 1441 1220 1478 367.
1235 1443 1295 1472 Re-

727 1485 782 1514 bus
811 1485 935 1525 egenis,
972 1485 1097 1524 dubiis,
1131 1487 1296 1527 egentibus

728 1531 868 1568 consilii,
884 1538 921 1561 ut
946 1532 1054 1572 inopia
1076 1532 1218 1562 absolute
1236 1543 1296 1574 pro

726 1578 835 1618 inopia
855 1578 989 1608 consilii.
1008 1579 1059 1608 Sic
1077 1589 1206 1618 quoque
1225 1589 1295 1619 sup.

727 1626 794 1660 VI,
820 1634 882 1663 913
908 1631 940 1654 et
962 1625 1095 1655 Homeri
1118 1622 1298 1667 ἀμηχανίη,

729 1669 865 1699 aliorum
889 1677 992 1699 autem
1024 1668 1295 1712 inopiam—368.

729 1716 921 1755 comparant
934 1716 1024 1747 Iliad.
1041 1728 1082 1758 μ,
1104 1717 1167 1755 267
1180 1738 1188 1753 ,
1210 1716 1273 1746 268
1286 1727 1296 1754 ;

731 1757 766 1798 ὃ,
788 1762 852 1790 232
865 1783 873 1798 ‚
895 1767 972 1796 240.

779 1807 856 1846 369.
886 1808 995 1837 Oratio
1028 1807 1175 1837 Pallantis
1205 1807 1299 1848 plena

732 1851 858 1882 fiduciae
894 1858 926 1881 et
956 1852 1201 1892 indignationis,
1245 1853 1299 1883 sed

733 1897 833 1938 qualis
859 1898 1009 1935 juvenem
1024 1922 1032 1936 ‚
1069 1900 1124 1938 qui
1154 1898 1299 1929 nondum

732 1945 894 1984 propriam
919 1944 1045 1974 laudem
1068 1943 1221 1982 habebat,
1247 1945 1300 1975 de·

734 2000 804 2019 cere
817 1996 950 2030 poterat.
967 1990 1099 2019 Devicta
1117 1990 1202 2020 bella
1217 2002 1300 2021 nove

734 2035 836 2066 dixit:
852 2042 888 2065 ut
903 2043 1040 2077 pugnata
1059 2036 1160 2073 bella,
1179 2035 1299 2078 depug-

734 2089 816 2112 nata.
833 2099 879 2105 -
902 2084 978 2119 371.
1006 2084 1084 2122 Quae
1101 2082 1201 2118 subit,
1229 2093 1299 2113 suc-

737 2127 838 2165 cedit,
852 2129 971 2157 oemula
990 2127 1098 2165 laudi,
1118 2138 1180 2168 qua
1200 2129 1301 2158 virtu-

737 2182 800 2204 tem
821 2181 981 2214 paternam
1006 2184 1065 2215 ego
1092 2174 1234 2205 aemulor,
1258 2191 1303 2198 -ο
