1414 2435
160 109 220 162 P.
263 105 650 176 VIRGILII
709 99 1103 160 MARONIS

440 290 829 384 COPA.

383 521 893 543 ῇ-ώὲὖ--ῂ

52 672 149 706 Com
170 670 337 717 Syflsca,
356 678 469 718 caput
489 670 605 707 Graia
624 670 799 707 redimita
818 671 975 714 mitella,

104 728 279 778 Crispum
300 728 370 765 sub
390 729 533 765 crotalo
554 729 663 767 docta
683 743 836 767 movere
855 731 970 773 latus,

54 789 168 826 Ebria
189 789 332 824 fumosa
351 788 458 825 saltat
475 789 612 825 lasciva
631 789 805 835 taberna,

107 848 167 885 Ad
186 847 356 884 cubitum
376 859 509 883 raucos
530 849 722 884 excutiens
743 849 916 884 calamos.

57 908 159 955 Quid
171 909 278 958 juvat
297 908 426 944 aestivo
447 907 632 944 defessum
650 908 806 956 pulvere
824 907 971 951 abesse,
1236 914 1247 936 5

110 972 233 1015 Quam
250 969 376 1018 potius
394 966 527 1004 bibulo
548 967 772 1004 decubuisse
793 969 901 1004 toro?

62 1031 156 1066 Sunt
173 1042 298 1078 cupae,
321 1029 472 1075 calices,
493 1028 637 1078 cyathi,
658 1041 759 1074 rosa,
781 1028 890 1074 tibia,
911 1029 1082 1074 chordae,

114 1165 140 1184 1.
158 1153 294 1192 SJ⁷isca.
315 1154 450 1195 Scaliger
469 1162 629 1195 comparat

66 1199 221 1238 Syri-<cum
252 1200 391 1229 Martiali
426 1207 456 1230 et
484 1201 629 1230 Ausonio

66 1245 202 1282 dictum,
227 1252 257 1274 et
285 1244 462 1275 Threiscum
479 1244 628 1289 Θρηΐσκεν

65 1291 151 1332 apud
169 1291 292 1321 Julium
317 1291 540 1332 Capitolinum.
559 1293 630 1322 Alia

65 1344 218 1367 memorat
242 1337 369 1368 Salmas.
397 1338 437 1367 ad
466 1349 493 1368 e.
520 1339 542 1369 l.
571 1339 632 1369 Sed

67 1383 192 1413 nullum
221 1383 402 1422 exemplum
431 1395 471 1413 ex
504 1385 632 1414 meliore

69 1439 135 1458 aevo
155 1429 281 1458 allatum
299 1429 382 1463 widh
407 1431 468 1459 nisi
489 1430 575 1470 quod
595 1441 634 1459 ex

69 1475 242 1505 Columella
255 1476 412 1504 succurn't
424 1475 480 1505 lib.
495 1478 542 1511 X,
556 1476 633 1512 418,

69 1521 127 1550 ubi
164 1520 263 1550 ficum
298 1521 433 1550 scissam
473 1521 635 1565 Liby'scam

70 1573 248 1596 constanter
260 1567 336 1596 libri
351 1573 468 1597 tonent.
486 1569 637 1598 Attamen

71 1619 101 1642 et
116 1613 162 1642 ibi
174 1612 339 1651 Libyssam
357 1614 452 1643 unice
471 1625 578 1644 verum
592 1616 637 1653 ju-

72 1658 198 1687 dicabat
216 1659 385 1689 Gesnerus.
409 1661 476 1690 Nec
494 1660 525 1690 h.
545 1661 566 1691 l.
585 1661 638 1690 ali-

74 1710 121 1733 ter
152 1703 320 1744 legendum
350 1705 486 1735 arbitror
511 1717 602 1746 quam
630 1717 636 1737 :

79 1750 166 1789 Copa
186 1749 325 1788 Syfissa,
353 1757 390 1780 ut
407 1751 566 1789 Threissa,
589 1753 639 1783 Ci-

73 1795 146 1825 lissa
167 1802 198 1825 et
219 1795 258 1825 al.
278 1795 374 1826 Nulla
388 1803 491 1826 autem
507 1799 563 1828 alia
580 1798 638 1827 hu-

73 1843 124 1879 jus
143 1849 174 1871 et
196 1852 263 1882 sqq.
289 1845 441 1872 sententia
460 1851 522 1880 est,
547 1854 640 1884 quam

75 1887 144 1918 hoec
159 1897 168 1919 ζ
181 1888 287 1917 omnia
302 1889 335 1917 iu
349 1889 478 1920 taberna
489 1891 642 1920 instructa

78 1944 142 1963 esse
156 1933 194 1963 ad
209 1933 291 1963 diem
306 1934 445 1965 hilariter
460 1943 490 1966 et
505 1938 643 1966 suaviter

80 1980 282 2020 exigendum.
299 1982 378 2010 Ecce
389 1982 453 2019 jam
472 1983 560 2012 saltat
576 1994 643 2013 cro-

81 2025 226 2063 talistria,
246 2033 276 2056 et
291 2028 334 2057 sic
352 2039 458 2068 porro.

130 2076 159 2106 4.
171 2072 364 2103 Crotalistria
373 2074 573 2105 describitur.
589 2075 645 2104 Ca-

83 2116 164 2146 lami
176 2125 251 2148 sunt
262 2122 328 2160 ipsa
344 2122 478 2158 crotala,
495 2121 527 2151 h.
541 2131 568 2151 e.
584 2123 646 2150 vir-

81 2163 180 2202 gulae,
205 2164 277 2195 alias
299 2177 403 2205 aereae,
425 2167 479 2197 sed
503 2178 589 2196 nuuc
606 2179 645 2196 ex

82 2209 236 2240 arundine
258 2213 367 2249 scissa,
392 2224 469 2254 quas
487 2213 539 2243 illa
564 2215 645 2243 iuter

681 1154 860 1184 saltandum
878 1155 1022 1184 concutit
1044 1165 1117 1184 cum
1140 1164 1251 1185 manus

682 1200 919 1241 gesticulatione
935 1209 942 1230 :
959 1211 1037 1240 qua,
1055 1200 1131 1229 dum
1148 1202 1250 1241 virgu-

682 1247 800 1283 larum,
816 1257 892 1286 quas
907 1246 1023 1275 medias
1037 1246 1142 1287 digitis
1155 1253 1251 1283 tenet,

684 1303 754 1333 pars
767 1292 898 1321 inferior
909 1303 1016 1321 versus
1029 1292 1158 1321 brachia
1169 1302 1251 1321 com-

685 1337 842 1378 ploditur‚
871 1337 918 1367 acl
945 1337 1078 1367 cubitum
1108 1345 1254 1368 excutere

690 1384 833 1413 calamos
844 1383 877 1412 h.
894 1383 915 1413 l.
931 1383 1059 1413 dicitur.

737 1430 766 1458 5.
797 1430 871 1458 Meo
904 1429 1033 1468 quidem
1066 1429 1187 1467 judicio
1200 1452 1207 1465 ,
1239 1441 1254 1458 a

689 1486 753 1515 quo
768 1475 795 1503 si
810 1475 881 1514 quis
894 1474 1071 1512 dissentiat,
1089 1485 1179 1515 aequo
1193 1477 1257 1505 ani-

690 1531 741 1550 mo
777 1520 873 1549 feram
883 1542 891 1556 ‚
920 1531 986 1550 non
1014 1522 1109 1561 Copae
1142 1521 1237 1551 verba
1248 1545 1256 1557 ‚

690 1565 777 1607 quod
806 1566 902 1607 vulgo
939 1567 1024 1596 credi
1058 1567 1150 1597 video
1163 1590 1171 1604 ‚
1203 1567 1256 1597 sed

690 1619 807 1653 poetae,
823 1619 898 1641 sunt
914 1621 922 1641 ε
945 1623 985 1642 ex
1008 1624 1140 1654 persona
1157 1620 1258 1654 poetae

691 1658 873 1697 hujusmodi
886 1658 1030 1689 hortatus
1045 1660 1084 1689 ad
1098 1660 1193 1689 vitam
1207 1670 1259 1689 ex-

690 1704 883 1734 hilarandam
898 1705 1000 1734 multo
1015 1705 1087 1745 plus
1096 1705 1259 1734 suavitatis

692 1758 722 1780 et
738 1750 932 1779 auctoritatis
949 1750 1083 1786 habent,
1107 1759 1203 1790 quam
1219 1761 1259 1780 ex

693 1807 747 1825 ore
761 1795 984 1833 meretriculae3
994 1806 1010 1826 a
1021 1796 1112 1835 cujus
1125 1806 1259 1836 persona

693 1843 841 1882 pleraque
855 1842 954 1871 aliena
970 1849 1055 1872 sunt.

745 1900 775 1925 7.
806 1888 901 1928 Cupoe
925 1889 972 1918 vel
1003 1888 1118 1928 Cnppoe
1136 1895 1210 1917 sunt
1226 1889 1260 1917 in

697 1935 774 1965 cella
787 1935 905 1963 vinaria
918 1945 989 1964 vasa
1005 1936 1133 1972 majora.
1147 1935 1190 1963 At
1203 1934 1261 1963 lec-

697 1982 790 2011 tionis
809 1981 940 2010 varietas
955 1982 1029 2010 viris
1045 1980 1145 2010 doctis
1159 1990 1263 2009 emen-

697 2027 792 2057 dandi
806 2027 984 2056 facultatem
999 2026 1115 2055 attulit.
1126 2025 1263 2067 Scaliger

697 2074 771 2114 legit
800 2083 807 2102 :
840 2074 920 2101 Sunt
946 2072 1033 2112 topia
1057 2079 1089 2102 ec
1111 2071 1233 2110 calybae
1254 2083 1263 2100 .-

698 2130 769 2160 quae
786 2119 918 2148 calicum
937 2129 1050 2159 genera
1065 2124 1150 2147 sunt.
1169 2118 1264 2147 Hein-

699 2167 762 2195 sius
787 2172 890 2195 autem
907 2174 914 2194 :
934 2167 1013 2194 Sunt
1030 2164 1108 2194 obba
1128 2171 1159 2193 et
1183 2162 1262 2192 cali-

699 2223 758 2241 605.
