1414 2435
588 69 713 100 LIBER
738 71 795 101 lx.
1247 76 1288 115 59

100 128 260 166 Miscent
279 141 318 165 se
337 127 473 173 maria,
493 135 529 164 et
546 127 663 177 nigrae
682 128 916 167 adtolluntur
932 143 1072 178 arenae3

100 190 196 224 Tum
215 188 339 226 sonitu
358 187 545 236 Prochyta
565 187 638 224 alta
656 189 801 235 tremit,
820 190 1032 241 durumque
1051 190 1175 229 cubile

1239 201 1287 235 7¹⁵

100 247 263 284 Inarime
281 247 385 284 Jovis
403 247 571 297 imperiis
590 247 738 297 inposta
753 249 936 298 Typhoeo.

155 308 227 345 Hic
243 310 346 344 Mars
365 308 594 358 armipotens
615 309 780 346 animum
795 311 970 361 viresque
987 312 1129 349 Latinis

100 368 274 414 Addidit,
294 376 331 405 et
349 369 519 406 stimulos
540 369 636 407 acris
655 369 726 407 sub
746 378 898 420 pectore
916 371 1047 417 vertit3

100 429 322 479 Inmisitque
340 429 466 479 fugam
484 430 639 467 Teucris
659 438 858 480 atrumque
878 431 1067 468 timorem.

100 489 278 538 Undique
296 490 543 535 conveniunt,
564 490 744 539 quoniam
762 490 848 528 data
867 491 976 541 copia
992 504 1146 542 pugnae,

1241 508 1288 534 720

99 549 338 598 Bellatorque
358 548 502 585 animos
522 549 614 587 deus
634 550 776 586 incidit.

100 608 309 654 Pandarus,
329 617 371 645 ut
390 608 473 646 fuso
491 621 710 659 germanum
729 621 890 659 corpore
906 610 1046 656 cernit,

101 753 133 783 h.
149 753 171 783 l.
189 751 338 789 Cerdam3
352 753 479 784 VitruV.
494 753 526 782 H
536 775 545 789 ,
560 752 592 783 6.
606 754 672 783 Ma-

102 809 212 829 ronem
227 799 393 839 exscripsit
413 798 506 828 Silius
520 800 567 829 IV
577 821 585 836 ‚
605 809 668 839 297

101 856 169 886 sqq.
185 862 232 867 --
250 845 334 882 715,
359 845 435 882 716.
453 846 557 875 Ruina
579 846 671 875 molis

102 891 201 929 facta,
220 891 323 920 vicina
343 891 433 928 loca,
456 891 575 921 insulas
594 902 672 932 quo-

102 948 182 978 que,
208 938 447 967 contremiscere
465 944 580 980 narrat.
597 940 673 968 Pro-

102 983 198 1023 chyta
237 985 459 1024 promontorio
494 984 672 1024 Campaniae

103 1031 228 1060 Miseno
243 1029 366 1068 objecta
385 1029 494 1071 (nunc
512 1029 672 1071 Procida)

104 1086 176 1105 cum
194 1075 358 1106 Pithecusa
373 1086 397 1106 s.
415 1077 540 1105 AEnaria
563 1076 672 1118 (nunc

105 1120 233 1162 Ischia)
245 1145 253 1159 ‚
279 1132 374 1162 quam
399 1122 565 1151 Inarimen
593 1122 674 1152 dixit

105 1167 263 1198 vocabulo
279 1179 320 1198 ex
332 1170 472 1198 Homero
486 1168 581 1198 ducto
592 1191 600 1205 ,
617 1169 675 1198 etsi

104 1225 268 1255 perperam
283 1216 508 1256 interpretato,
528 1215 618 1246 Iliad.
633 1213 672 1253 β,

108 1261 184 1299 783.
209 1262 254 1291 Ut
280 1267 385 1290 tamen
406 1260 505 1291 verbo
527 1261 580 1298 hjc
605 1271 672 1291 mo-

105 1315 258 1336 neamus:
279 1307 444 1354 Typhoeus
462 1307 594 1337 fulmine
614 1307 675 1337 fnit

104 1363 272 1393 percussus
292 1362 314 1381 ε·
309 1351 332 1383 ’ν
352 1344 484 1395 Αρίιωις.
491 1353 674 1401 Qnaerendi

105 1405 208 1429 autem
231 1399 338 1429 Arimi
361 1406 391 1429 et
418 1396 458 1429 τὰ
485 1402 589 1441 Αριμα
619 1396 649 1442 ὃ(
640 1410 672 1432 η

105 1446 140 1474 in
154 1444 282 1481 Cilicia,
297 1446 448 1486 quoniam
466 1447 499 1475 in
518 1456 556 1475 eo
573 1452 674 1475 tractu

106 1497 196 1521 erant
215 1491 283 1520 loca
301 1498 391 1521 terrae
413 1491 551 1522 motibus
576 1499 607 1521 et
627 1492 675 1521 in-

107 1536 226 1566 cendiis
250 1537 383 1567 occultis
410 1537 525 1567 foedata
547 1547 555 1568 ε
578 1548 673 1578 qnam

106 1583 250 1613 locorum
259 1583 372 1613 faciem
380 1590 518 1614 vetustas
526 1583 564 1613 ad
574 1594 677 1614 mons-

108 1635 232 1658 trorum
255 1636 287 1659 et
311 1630 472 1670 gigantum
496 1630 676 1660 molitiones

108 1674 225 1704 refeffe
243 1675 374 1705 solebat.
391 1676 553 1706 Translata
571 1687 619 1706 res
632 1683 677 1705 est

110 1720 148 1750 ab
171 1720 277 1760 aliquo
294 1727 386 1761 poeta
404 1721 443 1750 ad
466 1722 600 1752 insulam
628 1723 677 1752 Pi-

110 1766 270 1796 thecusam
279 1789 287 1803 ,
301 1777 372 1807 quae
385 1773 416 1796 et
428 1768 494 1807 ipsa
507 1767 677 1807 aliquando

109 1812 330 1842 subterraneos
345 1813 432 1854 ignes
453 1819 484 1842 et
504 1814 609 1843 ruinas
625 1824 678 1843 ex-

110 1865 199 1899 perta
221 1866 285 1896 est3
301 1859 400 1899 igitur
423 1869 497 1888 cum
519 1869 553 1889 re
579 1866 610 1889 et
629 1859 676 1900 ip-

112 1915 183 1934 sum
199 1915 314 1935 nomen
337 1904 515 1935 traductum
534 1907 678 1935 Inarime.

113 1950 273 1993 Prochyta
304 1951 374 1981 alta
404 1951 567 1992 epitheton
595 1962 680 1982 com-

113 2007 211 2026 mune
231 1999 375 2028 omnium
393 1997 568 2028 insularum
579 2020 587 2035 ,
607 2008 682 2039 qua-

115 2049 208 2072 tenus
231 2046 310 2074 mari
333 2046 483 2075 eminent.
503 2044 630 2082 Cubile,
647 2051 684 2074 ut

116 2088 270 2120 Pindarus
291 2093 416 2121 AEtnam
434 2087 594 2133 στρωμνὰν
618 2092 682 2131 Ty-

116 2134 203 2175 phoei
218 2136 312 2177 Pyth.
329 2139 361 2174 Ι,
379 2137 432 2173 54.
448 2138 604 2167 Homerus
616 2137 637 2167 l.
655 2147 682 2168 c.

119 2177 204 2216 εὐνὰς
217 2181 299 2213 dixit
316 2183 442 2214 Arimos
458 2190 589 2214 montes.

774 764 835 792 717
850 775 859 790 ,
894 753 979 791 718,
1014 763 1091 793 719.
1122 753 1291 783 Homerica

725 800 892 830 conversio
924 799 1061 829 fortunae
1095 800 1293 836 certaminis;

724 846 929 876 Homericum
955 856 1082 885 quoque
1111 845 1292 886 phantasma

724 899 770 921 est
793 891 874 927 hoc,
896 891 984 932 quod
1010 893 1097 921 Mars
1123 890 1292 933 ἑτεραλκέα

724 935 807 971 νίκην
848 938 916 978 ipse
957 936 1165 968 machinatur.
1206 939 1293 977 Saepe

725 985 810 1014 enim
832 983 907 1013 deos
925 985 1082 1013 Homerus
1100 982 1224 1013 inducit
1246 993 1295 1013 ro-

725 1030 788 1059 bur
811 1037 842 1060 et
863 1030 985 1059 animos
1005 1029 1222 1070 pugnantibus
1239 1030 1291 1059 ad-

725 1077 897 1116 spirantes,
917 1082 970 1105 aut
992 1076 1027 1105 in
1048 1076 1153 1116 fugam
1168 1081 1293 1105 verten-

726 1128 771 1151 tes
787 1121 948 1151 adversam
963 1122 1073 1152 aciem.
1090 1122 1141 1152 Sic
1155 1121 1246 1151 Iliad.
1261 1120 1295 1159 β,

729 1168 793 1204 446
813 1179 880 1208 sqq.
894 1168 1091 1204 Minervam3
1105 1178 1119 1196 ν
1132 1190 1140 1204 ,
1158 1173 1200 1204 44
1214 1169 1296 1208 Nep—

727 1221 859 1250 tunum;
879 1220 910 1243 et
926 1215 1030 1254 ipsum
1050 1215 1185 1244 Martem
1201 1214 1238 1243 11.
1261 1224 1273 1242 ε
1284 1237 1292 1251 ,

730 1260 794 1290 506
818 1270 924 1299 seqq.;
950 1259 1023 1297 sed,
1046 1260 1101 1300 qui
1125 1260 1210 1299 apud
1229 1261 1294 1290 Ho-

727 1316 849 1335 merum
866 1307 949 1335 iuter
962 1305 1036 1335 deos
1052 1306 1229 1345 praeliames
1244 1316 1295 1335 ne-

725 1353 865 1393 gotiosus
885 1351 962 1381 dens
988 1358 1051 1388 est,
1078 1350 1164 1391 apud
1186 1353 1293 1382 Maro·

727 1408 799 1427 nem
817 1398 852 1427 in
867 1399 1004 1427 otiosum
1019 1397 1222 1437 allegoricum
1238 1408 1295 1428 no-

727 1454 808 1473 mem
833 1443 897 1473 abit
918 1453 925 1474 :
947 1444 1089 1484 inprimis
1118 1453 1192 1473 cum
1215 1454 1315 1475 vers..

730 1500 792 1528 721
818 1489 1001 1520 bellatorem
1032 1489 1127 1521 deum
1155 1489 1297 1520 incidere

729 1536 856 1571 animis,
881 1535 913 1566 h.
943 1546 970 1566 e.
994 1536 1202 1572 alacritatem,
1236 1546 1294 1565 no-

729 1593 806 1612 vum
829 1581 928 1612 robur
950 1582 1064 1619 animi,
1091 1581 1231 1612 dixisset.
1251 1599 1297 1605 —-

731 1639 746 1666 7
757 1630 807 1659 18.
825 1627 974 1658 Stimulos
987 1627 1086 1658 vertit
1093 1639 1103 1657 .·
1112 1627 1184 1668 plus
1201 1638 1297 1668 quam

730 1674 866 1705 adhibet.
886 1684 916 1704 v.
932 1674 989 1705 lib.
1003 1675 1069 1710 VI,
1088 1684 1235 1711 101.—7
1245 1684 1296 1714 19-

731 1722 843 1751 Atrum
862 1719 1016 1750 Timorem
1038 1719 1188 1759 exemplis
1208 1719 1298 1749 illus-

730 1773 814 1796 trant
828 1765 928 1796 Cerda
941 1773 972 1795 et
986 1767 1094 1795 Burm.
1111 1764 1149 1793 ad
1168 1767 1294 1795 Petron.

731 1822 758 1842 c.
783 1813 825 1851 89
849 1822 898 1852 pr.
919 1812 984 1841 Nec
1001 1821 1076 1840 vero
1097 1810 1228 1851 epitheti
1251 1812 1299 1840 vis

731 1860 764 1887 in
773 1868 811 1887 eo
824 1856 922 1886 modo
933 1855 1102 1898 quaerenda
1111 1878 1120 1893 ‚
1134 1856 1223 1896 qnod
1235 1866 1300 1887 om—

734 1905 784 1934 nia
803 1903 900 1932 tristia
914 1909 945 1932 et
964 1903 1100 1932 infausta
1119 1909 1183 1932 atra
1198 1909 1274 1932 sunt
1290 1913 1298 1932 :

735 1950 789 1980 sed
810 1949 947 1990 pertinet
965 1949 1005 1978 ad
1022 1948 1204 1989 phantasma
1223 1950 1299 1979 Ter-

738 1997 835 2033 roris,
862 2001 899 2024 ut
925 1996 964 2025 sit
989 1995 1126 2025 tenebris
1151 2001 1182 2025 et
1206 2001 1300 2024 nocte

735 2042 927 2073 involutum.
964 2059 1010 2065 —
1042 2051 1118 2080 720.
1155 2040 1300 2081 Undique

736 2087 927 2119 conveniunt
945 2089 1048 2119 Latini
1062 2098 1097 2117 ac
1112 2087 1242 2124 Rutuli,
1257 2088 1301 2115 in-

736 2141 829 2165 venta
853 2135 1076 2175 oppotuuitate
1105 2131 1301 2174 irrumpendi

738 2184 771 2212 in
789 2188 898 2212 castra.
