1414 2435
607 59 728 90 LIBER
753 60 810 90 IX.
1267 71 1310 100 :113

111 113 286 151 Membra
305 115 377 152 deo
396 114 518 152 victus
541 127 548 149 :
570 115 680 161 felix,
701 116 731 152 si
747 124 927 166 protenus
948 116 1052 153 illum

110 176 308 224 AEquasset
326 176 430 212 nocti
448 176 599 221 ludum,
619 177 657 212 in
676 177 876 226 lucemque
897 177 1057 214 tulisset!

108 237 284 285 Iupastus
302 250 371 273 ceu
387 237 499 286 plena
518 237 576 273 leo
596 250 664 286 per
684 238 798 275 ovilia
818 237 994 283 turbans,

109 295 252 332 Suadet
272 296 372 333 enim
391 310 531 333 vesana
551 297 686 343 sames,
704 296 941 346 manditque,
961 297 1152 346 trahitque
1261 307 1308 336 340

105 355 222 391 Molle
242 368 376 404 pecus,
394 367 618 405 mutumque
637 366 759 403 metu;
781 357 907 393 fremit
927 370 993 393 ore
1012 365 1182 395 cruento.

106 417 186 451 Nec
203 415 327 451 minor
346 416 501 465 Euryali
519 415 640 452 caedes
660 430 668 450 :
686 417 862 451 incensus
882 424 919 450 et
940 416 1020 463 ipse

105 473 288 520 Perfurit;
310 488 352 511 ac
370 475 554 512 multam·
546 488 586 511 ln
605 474 731 511 medio
752 475 832 511 sine
852 475 1004 510 nomine
1020 475 1188 524 plebem,

105 503 338 584 Fadumque,
351 537 429 571 Hel
431 534 641 584 besumque
653 534 768 579 subit,
780 533 1048 583 Rhoetumque,
1060 534 1306 599 Abarimque,

104 594 279 641 Ignaros,
300 595 480 632 Rhoetum
496 596 737 645 vigilantem,
758 602 795 630 et
813 603 948 630 cuncta
966 595 1175 641 videntem3
1259 605 1307 633 3.5

105 653 181 690 Sed
200 667 377 704 magnum
396 665 566 692 metuens
586 669 625 692 se
642 663 734 705 post
753 662 902 691 matera
919 654 1097 704 tegebat:

104 715 260 750 Pectore
278 715 316 750 in
333 715 494 752 adverso
512 723 633 751 totum
653 714 715 751 cui
732 714 943 751 comminus
963 727 1090 751 ensem

104 772 284 810 Condidit
303 773 538 824 adsurgenti,
558 783 594 811 et
610 775 729 811 multa
746 781 868 810 morte
888 774 1042 822 recepit.

106 921 183 959 337.
206 920 336 951 Vinctus
357 922 517 952 Montalb.
546 929 578 952 et
605 929 676 953 tert.

103 967 254 998 Rottend.
271 967 423 998 invincem
436 979 497 999 sec.
513 969 676 1007 Rottend.,

102 1023 170 1044 non
183 1014 264 1044 male
284 1014 323 1044 de
346 1016 438 1051 vino,
462 1015 550 1055 quod
578 1015 679 1056 illigat

103 1060 256 1091 membra.
279 1060 340 1092 Sed
361 1067 467 1091 tamen
490 1062 590 1091 multo
617 1062 677 1091 deo

101 1105 205 1135 victus
228 1107 335 1137 minus
361 1107 554 1146 abhorrens,
582 1119 677 1148 quam

104 1151 244 1183 vinctus.
255 1154 294 1183 Et
308 1153 387 1183 vino
396 1153 502 1184 victus
515 1155 674 1195 frequens.

104 1199 145 1229 cf.
161 1198 199 1228 ad
214 1199 334 1230 Tibull.
352 1203 382 1236 Ι,
400 1211 438 1237 2,
457 1212 487 1231 2.
502 1202 550 1231 De
563 1211 675 1231 somno

100 1245 251 1285 probavit
274 1247 384 1276 Heius.
395 1249 520 1286 -339
533 1265 578 1270 -—
597 1249 673 1283 341.

103 1290 152 1321 Cf.
166 1291 224 1321 inf.
237 1294 286 1328 X,
304 1294 367 1330 723
383 1304 450 1333 sqq.
465 1294 673 1323 Homericum

101 1336 208 1366 locum
229 1337 319 1368 Iliad.
335 1348 372 1375 κ,
395 1339 479 1376 435,
503 1340 568 1375 486
585 1350 675 1368 orna-

101 1384 169 1412 vit:
188 1382 242 1413 sed
268 1391 435 1414 ornaverat
465 1386 675 1425 comparatio·

101 1439 173 1458 nem
185 1451 192 1465 ‚
208 1439 269 1469 qua
291 1440 374 1469 saepe
395 1438 426 1460 et
440 1432 525 1460 varie
551 1433 672 1468 utitur,

99 1476 167 1515 ipse
189 1476 346 1505 Homerus
371 1475 438 1505 aliis
459 1477 493 1505 iu
514 1476 611 1511 locis,
638 1484 675 1506 ut

99 1521 216 1562 OdySS.
231 1520 256 1558 ζ,
273 1532 353 1551 vers.
371 1523 434 1551 130
445 1533 512 1562 sqq.
529 1522 616 1553 Iliad.
632 1534 671 1564 μ,

102 1577 188 1607 299;
214 1577 249 1605 ο,
277 1568 341 1597 323
355 1590 363 1603 ,
391 1569 456 1603 324
471 1591 479 1605 ,
499 1568 584 1598 unde
602 1571 672 1599 κλο-

99 1612 174 1643 νέων
197 1613 333 1643 illustrat
346 1613 379 1644 h.
395 1614 416 1645 l.
437 1615 584 1651 turbans,
598 1625 673 1645 con-

99 1666 242 1690 sternans
263 1659 417 1699 pecudeS‚
437 1667 474 1690 ut
501 1661 669 1691 tumultue-

100 1712 154 1735 tur
163 1716 219 1745 per
229 1705 322 1735 ovile.
332 1707 456 1745 Spectat
467 1713 573 1736 autem
587 1718 672 1737 com-

99 1752 238 1792 paratio,
261 1752 318 1780 etsi
347 1752 456 1791 paullo
481 1752 610 1790 durius,
628 1753 669 1782 ad

98 1798 212 1829 Nisum
229 1807 237 1828 :
251 1798 344 1827 simili
359 1798 458 1828 modo
475 1797 599 1828 furebat
616 1800 670 1829 Ni-

99 1855 163 1875 sus.
180 1847 263 1875 Tum
274 1844 443 1882 subjicitur
459 1854 467 1874 ε
488 1845 556 1874 Nec
566 1844 672 1874 minor

100 1890 240 1930 Euryali
251 1890 366 1921 eaedes.

147 1938 225 1974 343.
242 1937 400 1977 Euryalus
422 1937 518 1973 subit,
547 1938 669 1977 impetu

101 1983 228 2014 occulto
247 1983 441 2024 aggreditur,
467 1984 585 2014 multos
603 1983 670 2013 sine

101 2029 248 2067 nomine,
277 2027 469 2072 ἀνωνύμους,
496 2030 667 2067 obscuros,

98 2075 265 2116 ignobiles.
289 2077 330 2106 cf.
345 2076 437 2107 Cerd.
455 2078 583 2107 Nomen
602 2087 668 2106 non

99 2122 195 2153 modo
209 2134 268 2163 pro
290 2123 368 2153 fama
379 2146 387 2160 ‚
403 2123 458 2153 sed
480 2130 511 2153 et
528 2134 587 2164 pro
609 2133 667 2153 no-

98 2167 219 2199 bilitate
235 2180 271 2200 ac
288 2169 449 2211 dignitate.
476 2170 561 2200 conf.
579 2171 667 2201 Serv.

733 924 772 951 In
799 921 905 952 medio
930 921 981 951 vel
1005 920 1044 951 de
1068 921 1157 958 loco,
1186 922 1237 952 vel
1265 923 1304 953 de

733 975 891 1009 tempore,
918 979 993 998 cum
1010 970 1212 1004 Burmanno3
1235 976 1306 999 ante

731 1026 774 1045 se.
789 1032 835 1040 --
847 1015 922 1050 346.
937 1015 1095 1056 fllagmmz
1110 1025 1142 1044 se
1150 1023 1226 1054 post
1239 1026 1306 1048 cra—

731 1069 800 1091 tera
813 1061 948 1102 tegebat.
964 1063 1001 1091 In
1012 1061 1072 1090 hoc
1087 1071 1163 1091 vero
1177 1072 1305 1091 omnem

731 1107 827 1137 fidem
839 1107 991 1137 excedere
1001 1107 1102 1137 videri
1115 1113 1219 1147 potest
1232 1118 1304 1146 poe·

729 1161 777 1192 ta,
797 1153 884 1194 quod
902 1161 1053 1183 craterem
1071 1160 1177 1183 narrat
1193 1150 1304 1195 ἀνδρο-

728 1199 828 1243 μγζκη,
847 1211 881 1230 ea
895 1200 1128 1241 magnitudine,
1150 1207 1187 1229 ut
1200 1199 1303 1230 homi-

727 1258 801 1276 nem
816 1246 965 1276 latentem
991 1253 1117 1287 tegeret.
1133 1247 1245 1285 Neque
1261 1246 1301 1275 ad

727 1304 795 1323 eam
811 1292 933 1322 accedit
951 1293 1095 1322 Nestoris
1111 1299 1226 1327 crater,
1244 1293 1301 1320 etsi

728 1340 769 1369 ad
785 1338 973 1368 miraculum
987 1337 1113 1379 grandis
1129 1337 1182 1366 ille
1197 1337 1302 1367 editur

727 1387 762 1414 iu
781 1385 870 1414 Iliad.
889 1387 924 1421 λ,
943 1385 1031 1421 636;
1049 1394 1153 1423 neque
1170 1383 1222 1413 ille
1235 1393 1300 1412 cra-

728 1438 794 1466 ter,
809 1441 825 1460 e
842 1440 908 1470 quo
923 1431 1158 1470 ingurgitarunt
1172 1439 1204 1458 se
1219 1429 1300 1459 Cen-

728 1477 820 1506 tauri.
841 1477 908 1506 Nee
926 1481 1029 1505 tamen
1045 1475 1199 1516 Virgilius
1215 1475 1301 1505 credi

726 1529 830 1562 potest
853 1520 984 1550 finxisse
1009 1532 1060 1558 ea,
1087 1531 1158 1561 quae
1176 1520 1213 1550 ad
1232 1532 1301 1551 sen-

726 1579 797 1598 sum
821 1567 1075 1607 uniuscujusque
1102 1566 1229 1596 obviam
1253 1578 1300 1597 rc-

725 1614 970 1654 prehensionem
983 1613 1147 1643 haberent.
1159 1615 1301 1643 Statuen-

725 1660 800 1690 duni
820 1662 925 1700 itaque
953 1666 999 1689 cst
1011 1682 1019 1697 ‚
1046 1666 1197 1689 craterem
1224 1670 1297 1689 cum

723 1707 793 1747 ipso
809 1706 907 1736 abaco
918 1729 926 1743 ‚
955 1713 1008 1735 aut
1032 1715 1154 1741 mensa,
1171 1706 1224 1734 cui
1245 1705 1298 1734 ille

722 1753 890 1792 impositus
917 1759 999 1788 erat,
1025 1762 1091 1780 esse
1118 1750 1296 1791 intelligen-

723 1798 810 1828 dum.
826 1799 900 1828 Non
918 1799 1001 1827 enim
1019 1796 1134 1836 pocula
1153 1806 1227 1825 cum
1243 1807 1296 1826 va-

722 1845 780 1880 sis,
793 1843 878 1873 unde
892 1853 926 1873 ea
940 1842 1121 1882 replentur,
1133 1842 1209 1882 ipsis
1223 1853 1296 1882 epu-

722 1890 856 1919 lantium
882 1890 997 1919 mensis
1021 1895 1110 1918 erant
1133 1889 1292 1928 apposita.

722 1935 775 1967 sed
792 1938 826 1966 in
839 1946 945 1965 mensa
958 1945 1098 1964 seorsum
1113 1933 1277 1964 adstabant
1287 1958 1295 1972 ,

723 1983 762 2012 ad
784 1992 879 2022 quam
898 1982 1035 2011 ministri
1052 1980 1166 2020 pocula
1184 1981 1293 2010 misce-

723 2029 800 2059 bant
815 2039 855 2058 ex
871 2038 984 2069 magno
1000 2027 1106 2067 aliquo
1124 2037 1209 2063 vase,
1227 2036 1293 2056 cra-

723 2082 787 2105 tere
802 2074 903 2112 dicto,
919 2074 975 2114 qui
988 2073 1147 2103 veteribus
1163 2083 1221 2113 pro
1237 2072 1292 2102 do-

721 2122 771 2152 liis
790 2128 872 2158 erat,
888 2130 1027 2161 quorum
1044 2129 1137 2149 usum
1154 2129 1212 2149 nos
1231 2119 1292 2148 fre-

721 2175 919 2209 quentamus
933 2185 978 2190 —-
993 2166 1070 2203 348.
1086 2166 1226 2196 Primum
1240 2175 1289 2205 ap.

1112 2228 1153 2265 3.
