1414 2435
628 50 751 81 LtBER
774 51 816 79 x.
1097 36 1102 38 ’
1273 57 1317 86 99

128 104 303 142 Advertit
319 104 445 144 subito
462 118 615 156 proras,
631 106 829 156 sociosque
848 116 1024 156 precatur
1045 122 1052 143 :

129 180 144 196 «
164 166 293 211 Nunc,
312 177 336 201 o
354 166 449 203 lecta
467 178 617 212 manus,
637 166 772 203 validis
788 166 995 205 incumbite
1013 167 1144 213 remis;

126 223 278 272 Tollite,
298 225 392 263 ferte
410 233 528 273 rates;
545 226 736 263 inimicam
754 226 884 263 findite
902 227 1034 264 rostris

1268 232 1315 265 295

124 281 234 319 Hanc
252 290 413 331 terram,
430 286 652 335 sulcumque
671 285 744 323 sibi
762 296 909 336 premat
925 287 1006 337 ipsa
1026 286 1164 323 carina.

122 342 310 391 Frangere
327 356 398 380 nec
415 344 481 381 tali
495 345 656 395 puppim
670 345 831 383 statione
848 358 1000 392 recuso,

121 400 291 451 Adrepta
310 404 442 441 tellure
461 405 586 442 semel.
607 421 622 437 »
644 408 739 451 Quae
759 406 846 442 talia
865 415 1065 456 postquam

120 461 266 499 Effatus
283 464 454 511 Tarcho,
472 465 565 502 socii
583 477 811 516 consurgere
832 467 967 512 tonsis,

119 521 414 572 Spumantisque
435 533 533 562 rates
551 525 650 562 arvis
668 525 808 563 inferre
827 526 989 573 Latinis,

1265 531 1312 555 300

119 581 251 617 Donec
269 591 393 619 rostra
411 591 538 622 tenent
555 585 714 631 siccum,
734 594 771 622 et
790 586 920 623 sedere
940 585 1078 622 earinae

119 640 260 676 Omnes
277 640 450 679 innocuae
469 657 476 679 :
497 643 563 680 sed
581 656 657 680 non
675 645 816 694 puppis
834 653 917 690 tua,
935 644 1096 681 Tarcho.

118 702 292 750 Namque
310 702 452 739 inflicta
469 703 594 749 vadis,
615 703 728 740 dorso
749 705 839 740 dum
857 703 997 754 pendet
1014 704 1164 752 iniquo,

117 761 266 809 Anceps
287 769 494 798 sustentata
514 761 597 807 diu,
617 762 830 812 fluctusque
850 763 998 812 fatigat,

117 818 306 865 Solvitur,
327 827 440 869 atque
458 820 561 858 viros
579 821 712 859 mediis
729 821 887 871 exponit
905 821 945 858 in
960 820 1090 867 undis;

115 970 155 989 ne
178 958 217 989 de
242 961 322 989 mari
347 959 476 1000 quidem
501 967 685 1000 tempestate

114 1012 203 1035 moto
219 1016 227 1036 :
251 1005 306 1035 sed
330 1006 370 1035 de
390 1006 571 1047 provolutis
591 1007 685 1036 latius

115 1053 211 1081 maris
227 1051 378 1081 fluctibus
388 1075 397 1089 ,
415 1053 472 1092 qui
485 1053 511 1081 si
528 1052 636 1082 locum
649 1053 684 1082 li—

114 1098 193 1126 toris
207 1097 296 1127 molli
313 1098 396 1127 clivo
409 1105 620 1138 assurgentem
636 1109 684 1128 ac-

115 1143 274 1182 ceperint,
288 1153 325 1173 eo
338 1144 498 1183 explicant
510 1154 560 1181 se,
577 1151 608 1173 et
621 1144 683 1174 late

114 1188 300 1225 exundant,
324 1188 465 1230 adeoque
481 1199 620 1219 crescere
634 1191 683 1219 vi-

111 1233 181 1262 deri
195 1241 329 1274 possunt
345 1244 353 1265 :
369 1242 481 1265 aeseum
500 1241 605 1264 autem
621 1246 682 1275 pro

111 1279 211 1309 fluctu
222 1301 231 1316 ‚
247 1287 285 1309 ut
305 1287 413 1320 poeta,
430 1279 522 1310 dixit.
537 1297 584 1303 —-
601 1282 679 1320 295.

114 1325 230 1355 Tollite
237 1324 329 1366 force
344 1325 488 1357 Waddel.
507 1326 678 1358 AnimadV.

111 1372 182 1402 crit.
199 1383 231 1412 p.
253 1372 316 1409 35,
339 1382 515 1413 perperam.
542 1373 575 1402 Si
602 1383 678 1404 con-

107 1419 240 1455 jecturae
259 1417 426 1459 indulgere
444 1418 575 1456 vellem,
599 1418 680 1449 dice-

108 1474 176 1493 rem
198 1475 249 1493 me
270 1464 381 1502 malle,
407 1464 542 1500 Pellite,
569 1464 675 1506 ferte,

107 1517 194 1539 rates
202 1521 216 1546 ;
237 1510 272 1541 h.
299 1511 462 1552 impellite.
487 1510 548 1541 Sed
562 1510 671 1551 ferre,

105 1555 233 1593 tollere,
254 1556 293 1587 ad
313 1563 438 1587 motum
461 1558 550 1586 navis
573 1567 677 1587 remo-

107 1612 178 1631 rum
194 1603 337 1644 impulsu
347 1604 471 1642 jactatae
492 1610 523 1633 et
546 1603 676 1634 elevatae

105 1654 247 1687 spectare
276 1655 394 1689 potest.
426 1649 561 1680 Fundice
590 1652 673 1681 Ven.

105 1692 240 1723 scindite
265 1694 387 1726 Zulich.
412 1696 562 1725 Heinsius
588 1697 672 1734 conj.

96 1738 258 1781 figite.—-
268 1739 401 1776 Tollite,
420 1740 553 1771 attollite
568 1751 672 1772 remos

105 1792 182 1825 puta
193 1785 317 1828 3serte,
336 1786 504 1828 impellite,
520 1787 601 1827 agite
618 1798 673 1817 na-

104 1842 196 1869 vem3
222 1842 297 1862 mox
319 1843 350 1864 v.
373 1834 438 1863 300
464 1832 582 1874 inferre
599 1833 673 1862 lito-

103 1878 141 1909 ri.
167 1881 252 1910 Hinc
276 1879 439 1910 Claudian.
464 1879 503 1909 de
524 1880 559 1909 B.
585 1877 670 1909 Gild.

105 1929 168 1964 491
207 1925 372 1966 Quassacis
402 1926 493 1967 cupio·
526 1925 672 1955 tellurem

92 1969 199 2012 figere
221 1971 339 2003 rostris.
358 1990 405 1997 ·—
433 1983 510 2013 299.
539 1972 673 2002 Consur-

99 2026 177 2057 gere
198 2018 312 2053 remis,
340 2019 426 2050 conf.
450 2030 520 2060 sup.
542 2029 574 2048 V.
605 2023 670 2058 294

102 2069 134 2093 et
149 2065 227 2096 208.
243 2065 333 2096 Alibi
347 2065 510 2108 insurgere
527 2065 632 2095 remis.

150 2110 227 2142 301.
240 2111 364 2143 Siccam
379 2112 418 2142 de
433 2112 543 2149 litore,
558 2118 594 2141 ut
609 2111 667 2141 Ge.

100 2157 137 2194 1,
159 2157 222 2189 363
240 2159 280 2188 In
300 2159 382 2190 sicco
403 2158 518 2190 ludunt
530 2156 665 2200 ficlicoe,

1261 828 1310 852 305

736 967 770 990 et
797 961 976 997 Homerus,
1004 957 1108 1002 ξερὸν,
1136 956 1224 1000 ξηρὸν
1246 968 1305 998 pro

737 1004 845 1048 χέρσον
856 1028 865 1043 ,
882 1005 998 1046 Odyss.
1020 1017 1032 1035 ε
1045 1027 1053 1042 ,
1070 1015 1150 1035 vers.
1170 1011 1247 1041 402.
1261 1020 1308 1027 ·—-

737 1052 847 1082 Sidere
869 1058 940 1081 tert.
960 1051 1111 1082 Rottend.
1125 1073 1133 1088 ,
1149 1051 1238 1091 quod
1253 1061 1306 1080 ve-

735 1108 808 1127 rum
835 1097 983 1134 videtur3
1007 1098 1116 1127 saltem
1138 1097 1307 1138 proprium

735 1143 794 1172 hac
820 1143 856 1173 in
883 1154 928 1173 re.
954 1154 985 1173 v,
1009 1145 1119 1174 Heius.
1136 1142 1231 1173 Adde
1246 1144 1306 1172 Ta-

733 1190 787 1218 cit.
809 1190 895 1219 Ann.
915 1190 967 1224 11,
988 1189 1008 1218 6
1024 1189 1175 1229 quoedam
1190 1189 1306 1228 planae

733 1233 853 1264 carinis
870 1241 904 1263 uc
918 1233 987 1264 sine
999 1245 1090 1264 noxa
1107 1235 1305 1265 siderent.—

735 1281 810 1310 302.
835 1281 1006 1315 Innocuoe,
1021 1281 1145 1317 illaesae3
1163 1281 1303 1320 passive,

703 1327 715 1335 '
733 1336 774 1355 ex
789 1332 955 1366 poetarum
969 1327 1184 1356 more—303
1196 1347 1205 1362 ,
1224 1326 1302 1361 304.

734 1373 837 1401 Dorso
855 1371 976 1412 iniquo.
991 1373 1074 1402 Bene
1093 1373 1138 1401 sic
1154 1373 1301 1403 Servius:

733 1431 749 1442 α
766 1417 895 1447 dorsum
912 1425 957 1447 est
973 1418 1083 1447 durior
1096 1428 1188 1448 arena
1204 1414 1299 1459 (622),

732 1474 803 1504 quae
822 1464 1034 1494 remeantibus
1054 1463 1207 1494 fluctibus
1234 1464 1302 1503 ple-

731 1520 868 1550 rumque
886 1510 1036 1540 densatur
1057 1517 1089 1540 et
1111 1512 1147 1540 in
1167 1509 1301 1540 modum

730 1557 798 1585 saxi
823 1555 1018 1594 indurescit,
1046 1556 1133 1597 quod
1155 1566 1171 1586 a
1195 1556 1300 1585 nautis

722 1602 875 1642 pulvinus
887 1610 1030 1633 vocatur.
1043 1618 1058 1629 n
1070 1604 1207 1632 Dorsum
1227 1602 1298 1638 tale,

730 1646 862 1690 ῥαχίαν,
882 1649 917 1678 in
937 1649 1044 1679 medio
1059 1650 1139 1679 mari
1161 1659 1233 1689 sup.
1244 1650 1297 1678 ΙΕ-

726 1694 812 1725 neid.
829 1696 845 1724 Ι
855 1717 864 1732 ,
884 1706 897 1724 1
908 1705 946 1725 10
962 1695 1110 1725 vidimus.
1124 1695 1272 1734 Iniquum
1283 1716 1292 1731 ,

726 1742 861 1770 noxium
872 1763 881 1778 ‚
898 1742 1084 1777 exitiosum;
1105 1741 1154 1769 uti
1170 1740 1242 1779 quis
1261 1739 1296 1769 in

726 1786 830 1816 locum
864 1786 1006 1826 iniquum
1033 1785 1189 1815 adductus
1215 1785 1295 1815 dici-

726 1838 789 1862 tur.
806 1832 933 1862 Pendet
952 1841 1072 1872 anceps
1093 1836 1291 1868 sustentata,

725 1887 874 1918 suspensa
892 1888 924 1907 se
940 1877 1049 1913 librat,
1073 1878 1168 1918 agitat
1179 1899 1188 1912 ‚
1210 1887 1294 1917 quo·

725 1924 810 1953 niam
842 1924 966 1954 sulcum
991 1922 1118 1952 nullum
1139 1922 1208 1952 solo
1235 1923 1294 1953 im-

724 1971 856 2010 pressit,
878 1980 937 1999 nec
959 1967 1083 1998 firmata
1107 1969 1211 1998 carina
1233 1975 1292 1998 sta-

725 2015 820 2046 bilem
836 2016 930 2045 habet
942 2014 1058 2045 sedem.
1073 2014 1159 2045 conf.
1170 2015 1294 2046 Lucan.

724 2063 770 2092 IX
783 2085 791 2100 ,
809 2063 871 2100 337
884 2084 893 2098 ,
907 2068 938 2091 et
954 2068 1057 2091 totum
1071 2061 1190 2091 locum.
1206 2061 1291 2091 Faci-

719 2109 904 2151 gatfluctus
927 2108 1031 2145 navis,
1054 2106 1133 2137 dum
1151 2106 1290 2137 allaben-

721 2162 767 2186 tes
786 2164 822 2185 ac
842 2153 1023 2185 recedentes
1045 2164 1098 2185 eos
1116 2154 1197 2196 agit,
1219 2163 1291 2197 ver-
