1414 2435
92 98 131 133 7s
586 95 781 124 AENEmos

85 153 298 189 Conamur?
319 152 410 186 nos?
429 163 475 186 an
494 149 651 187 miseros
671 151 736 199 qui
754 152 872 186 Troas
891 151 1046 187 Achivis

87 210 261 261 Objccit?
284 212 377 254 Quae
395 222 526 246 caussa
543 209 614 246 fuit
635 222 862 259 consurgere
882 209 921 246 in
939 223 1042 247 arma
1253 225 1285 249 90

91 273 359 319 Europamque
379 270 602 318 Asiamque,
623 277 660 306 et
680 269 821 306 foedera
836 270 982 306 solvere
1003 270 1128 306 furto?

89 333 152 365 Me
173 329 268 365 duce
286 328 501 366 Dardanius
521 331 696 378 Spartam
715 329 946 379 expugnavit
966 330 1134 366 adulter?

90 392 167 425 Aut
187 401 256 437 ego
278 388 351 424 tela
370 387 476 433 dedi,
497 388 623 425 fovive
644 387 829 437 Cupidine
848 388 968 425 bella?

89 450 186 483 Tum
205 447 333 484 decuit
351 448 530 484 metuisse
552 447 626 484 tuis
647 461 655 482 :
676 461 777 484 nunc
794 461 878 485 sera
896 448 1059 496 querelis

91 506 204 543 Haud
220 506 330 555 justis
351 506 541 556 adsurgis,
560 514 598 542 et
616 506 730 542 inrita
743 503 1012 556 jurgia‘jactas.
1031 523 1046 537 υ
1257 513 1287 544 95

144 565 300 603 Talibus
321 565 456 603 orabat
475 569 496 603 J
501 578 593 611 uno,
614 565 816 614 cunctique
836 565 1047 601 fremebant
1081 599 1084 601 Α

92 626 277 662 Coelicolae
296 625 457 663 adsensu
476 626 603 671 var103
624 639 694 662 ceu
713 625 865 662 flamina
880 625 1020 674 prima,

93 689 222 732 Quum
243 685 429 735 deprensa
444 686 610 723 fremunt
627 685 749 732 silvis,
769 695 806 722 et
823 698 921 722 caeca
939 685 1112 721 volutant

88 822 132 850 sic
152 827 263 849 manet
285 821 355 850 alta
379 827 482 850 mente
502 828 657 860 repostum

88 865 247 896 Iudicium
264 865 408 901 Par-idas,
426 874 600 907 spreta-que
615 866 659 895 in-

85 911 171 951 juria
185 911 317 952 formae.
339 929 385 934 —
410 914 537 941 Vertere
547 912 658 953 fittzdo

86 967 146 997 pro
170 957 310 996 vulgari,
335 957 478 987 funditus
506 965 657 987 evertere.

86 1003 292 1045 Resjluxus,
310 1013 367 1033 seu
388 1014 444 1043 per
462 1014 494 1032 se
515 1002 658 1032 infirmas

86 1050 300 1086 Trojanorum
322 1050 357 1078 in
378 1050 466 1079 Latio
484 1059 533 1078 res
558 1049 658 1089 desig-

85 1101 158 1130 nat,
188 1105 243 1124 seu
254 1117 262 1130 ‚
293 1094 380 1135 quod
410 1102 516 1125 tamen
546 1095 657 1125 eodem

85 1139 182 1175 redit,
193 1150 309 1169 ornans
319 1147 365 1169 est
374 1141 539 1180 epitheton
550 1151 557 1171 :
572 1151 656 1177 uam,

85 1185 175 1225 quod
198 1187 371 1223 evertitur,
396 1197 490 1216 omne
514 1185 656 1215 infirma-

84 1237 153 1260 tum
167 1238 199 1260 et
216 1231 438 1261 labefactatum
454 1242 519 1261 esse
534 1242 658 1261 neccsse

85 1284 141 1306 est.
161 1294 206 1299 —
223 1277 276 1316 89.
296 1278 350 1306 Aa
371 1277 397 1306 is
419 1277 498 1318 qui:
516 1277 657 1307 absolute

85 1322 205 1352 dictum
228 1333 235 1352 :
255 1322 310 1351 sed
326 1323 600 1363 interpretandum
619 1323 658 1352 de

84 1370 227 1404 Venere,
245 1378 316 1408 quae
334 1368 409 1398 belli
427 1369 558 1407 Trojani
581 1379 657 1398 auc-

85 1422 134 1444 tor
151 1414 226 1450 fuit,
245 1414 365 1444 Helena
382 1422 478 1456 rapta.
499 1416 581 1445 IWon
595 1421 656 1444 sta-

84 1461 141 1490 tim
156 1459 237 1489 redit
250 1459 288 1489 ad
302 1461 468 1500 proprium
485 1470 493 1490 ;
510 1472 582 1500 qnae
590 1459 659 1502 finc

83 1516 198 1534 caussa
217 1512 277 1535 etc.
300 1523 346 1528 -—-
366 1516 420 1545 91.
442 1507 576 1536 Foedera
597 1507 657 1535 sol-

83 1561 153 1580 vere
185 1558 271 1586 ut·co,
303 1558 339 1580 ut
361 1551 554 1588 solveretur,
579 1550 655 1581 diri-

82 1603 234 1632 meretur,
248 1607 326 1636 pax,
340 1604 468 1637 pacatus
481 1604 595 1632 status,
612 1598 656 1626 iu-

83 1649 131 1672 ter
145 1642 300 1680 Trojauos
314 1649 344 1671 et
358 1643 502 1680 Graecos,
520 1642 654 1672 abducta

82 1687 191 1717 furtim
210 1688 338 1718 Helena.
359 1689 487 1718 Furtum
506 1699 565 1729 pro
584 1699 655 1729 rap-

82 1739 129 1763 tu.
157 1733 291 1763 Foedera
315 1733 353 1763 cle
378 1734 516 1774 hospitio
541 1735 654 1775 accipit

81 1779 148 1809 Jul.
164 1779 249 1816 Sub„
269 1779 323 1809 sed
337 1779 464 1810 obstant
480 1780 532 1810 illa
549 1790 556 1810 :
577 1790 653 1810 con-

80 1835 209 1865 surgere
243 1825 275 1854 in
304 1836 397 1854 arma
428 1827 654 1866 Europamque

81 1870 269 1911 Asiamque.
288 1888 335 1895 —-
354 1882 408 1911 9²·
435 1873 653 1902 Comminisci—

81 1923 132 1945 tur
160 1916 316 1946 obsessam
341 1927 356 1946 a
377 1916 486 1948 Paride
510 1920 651 1958 Spartam

78 1963 206 1991 Servius
218 1972 224 1992 :
236 1973 399 2003 perperam
410 1974 417 1999 ;
429 1964 516 2004 gravi
525 1971 555 1993 et
566 1964 650 1995 odio-

79 2017 111 2036 sa
126 2017 203 2037 voce
219 2019 272 2038 usa
282 2016 327 2038 cst
337 2008 394 2038 dea
404 2009 598 2051 expugnavit
611 2010 648 2039 ad

78 2053 142 2081 vim
160 2060 189 2082 et
208 2055 403 2084 atrocitatem
420 2062 527 2096 raptus
545 2055 645 2085 decla-

78 2097 206 2128 randam
216 2121 223 2135 ‚
240 2101 327 2139 quasi
344 2100 404 2130 hoc
422 2101 506 2131 idem
521 2108 599 2132 esset
609 2112 643 2132 ac

76 2143 195 2174 bellum
214 2146 338 2176 inferro.
355 2163 399 2169 —
410 2158 429 2187 9
440 2153 464 2183 2.
486 2147 574 2177 Idem
591 2158 643 2178 co-

74 2189 124 2220 lor
135 2191 285 2221 orationis
300 2201 306 2222 ;
326 2193 402 2222 Tum
416 2193 529 2229 decuit,
546 2205 643 2235 quum

712 827 836 861 sceptra
845 820 945 850 dabas
957 830 1028 860 sup.
1041 821 1100 856 IV,
1113 819 1191 858 596,
1205 819 1280 859 597.

759 877 931 906 97—117.
955 867 993 895 Iu
1014 866 1075 896 hoc
1100 866 1282 895 animorum

712 918 788 942 aestu
812 913 940 952 Jupiter
967 911 1093 942 tandem
1121 910 1282 943 decernit.

711 965 743 989 et
757 958 928 998 profitetur
950 968 983 987 se
1003 957 1088 987 fatali
1112 967 1220 986 rerum
1235 967 1284 986 or-

711 1003 779 1033 diui
805 1004 910 1032 omnia
943 1004 1171 1044 permissurum
1198 1012 1282 1034 esse-

711 1049 772 1079 alio
789 1049 886 1079 modo
898 1071 905 1084 ‚
923 1059 1018 1089 quam
1034 1051 1069 1079 in
1082 1049 1260 1079 Homericis
1274 1069 1282 1083 ‚

710 1096 746 1124 in
759 1095 877 1135 quibus
891 1095 944 1124 ille
959 1095 1048 1125 Iliad.
1063 1095 1078 1123 θ
1090 1117 1098 1131 ,
1113 1105 1163 1134 pr.
1177 1104 1194 1123 a
1207 1103 1286 1134 prae-

710 1141 760 1170 liis
788 1148 819 1170 et
844 1141 983 1170 consiliis
1009 1141 1174 1179 utriusque
1192 1149 1283 1169 exer-

710 1187 792 1216 citus
822 1197 854 1215 se
887 1186 1044 1216 abstinere
1070 1185 1163 1224 jubet
1188 1185 1285 1220 deos;

711 1242 788 1262 mox
803 1239 906 1262 tamen
919 1232 1046 1262 eosdem
1057 1254 1066 1268 ‚
1082 1230 1190 1261 fraude
1207 1231 1284 1262 Jovi

710 1278 791 1308 facta
802 1301 811 1314 ,
829 1279 944 1318 przeliis
961 1279 1110 1308 interesse
1129 1277 1283 1307 videmus.

711 1325 814 1353 Etiam
834 1323 960 1353 diverso
984 1323 1080 1353 modo
1099 1333 1134 1352 ac
1154 1323 1284 1353 meliore

710 1369 814 1399 studia
841 1369 973 1399 deorum
1001 1376 1033 1399 et
1056 1368 1222 1400 discordiae
1249 1369 1283 1398 in

711 1414 844 1446 AEneide
860 1415 1050 1455 procedunt,
1067 1426 1102 1445 ac
1116 1414 1214 1445 finem
1227 1415 1283 1444 ha-

711 1460 806 1497 bent,
825 1471 921 1500 quam
944 1463 979 1491 in
1001 1461 1092 1491 Iliad.
1117 1471 1157 1501 φ,
1176 1470 1282 1502 pugna

709 1507 793 1536 iuter
814 1507 899 1546 ipsos
925 1506 1001 1536 deos
1019 1505 1099 1536 saeta
1111 1529 1119 1543 ‚
1139 1506 1229 1536 nullo
1244 1505 1281 1535 ad

708 1552 810 1592 ipsam
831 1553 988 1581 actionem
1013 1553 1135 1592 epicam
1162 1562 1224 1581 usu
1248 1562 1283 1581 ac

710 1597 829 1626 fructu.
847 1597 898 1626 Ad
914 1599 1182 1637 comparationem
1201 1597 1283 1628 hane

710 1643 750 1673 cf.
769 1643 885 1684 Georg.
903 1645 936 1680 1,
958 1643 1159 1683 356-359,
1181 1650 1212 1673 at
1233 1654 1283 1674 ex-

708 1690 908 1718 ornationem
934 1691 1179 1730 comparationis
1209 1690 1283 1720 Mil-

709 1741 802 1764 tonus
829 1734 918 1764 dabit
942 1735 1060 1766 Parad.
1087 1738 1163 1765 Lost
1183 1736 1233 1771 11,
1250 1747 1281 1767 v.

711 1781 776 1816 284
801 1791 868 1821 sqq.
886 1799 932 1804 —·
951 1782 1005 1822 98.
1032 1783 1187 1822 Depressa
1210 1791 1283 1820 pre-

708 1834 800 1856 munt
813 1827 967 1864 Parthas„
982 1834 1012 1857 et
1025 1827 1173 1868 depressa
1187 1827 1279 1857 etiam

706 1872 893 1903 emendabat
917 1873 1096 1903 Markland.
1126 1872 1164 1902 ad
1189 1874 1277 1903 Statii

704 1919 780 1949 silv.
797 1929 828 1959 p.
849 1929 891 1948 ’.ιο
902 1941 911 1955 ,
929 1927 964 1950 nt
979 1919 1126 1958 depressa
1134 1918 1277 1959 firmen-

703 1965 762 2000 sit,
795 1964 907 1994 humili
947 1972 977 1994 et
1011 1964 1158 2005 depresso
1194 1975 1274 1995 sono

703 2019 918 2045 murmurare,
941 2017 976 2039 nt
999 2020 1048 2051 ap.
1075 2012 1199 2041 Lucret.
1218 2012 1273 2049 tv,

703 2055 722 2084 5
727 2060 768 2094 49
786 2056 889 2095 Quum
906 2055 979 2084 tuba
998 2055 1144 2096 depresso
1163 2056 1274 2098 gravi-

697 2108 745 2131 ter
756 2101 810 2130 sub
825 2111 982 2132 murmure
992 2102 1099 2144 ningit.
1113 2104 1177 2133 Nec
1186 2114 1272 2143 sper-

697 2146 799 2177 nenda
812 2146 879 2177 haic
893 2155 958 2177 crat
973 2148 1160 2179 emendatio.
1182 2148 1270 2179 Idem

697 2203 736 2224 ne
752 2192 991 2234 bissa-mebant
1010 2202 1039 2225 et
1054 2194 1205 2236 fremunt
1220 2205 1266 2226 os-
