1414 2435
581 78 704 110 LIBER
730 79 804 110 XII.

95 141 282 186 Exitium,
302 139 334 177 si
351 137 551 188 quisquam
571 135 700 181 adeat3
723 144 916 187 terretque
938 141 1149 189 trementis,

94 205 322 242 Excisurum
339 199 477 238 urbem
493 198 688 243 minitans,
708 207 744 242 et
763 198 913 236 saucius
934 201 1057 238 instat.

95 264 274 313 Quinque
291 259 396 298 orbis
416 259 570 310 explent
586 271 719 304 cursu,
738 258 973 309 totidemque
990 270 1168 299 retexunt

95 327 182 362 Huc
197 323 288 360 illuc
309 324 456 371 :neque
474 321 574 358 enim
592 319 693 356 levia
713 328 779 356 aut
795 319 943 358 ludicra
960 330 1145 371 petuntur

1234 84 1298 123 289

1252 393 1299 427 765

93 384 270 430 Praemia3
291 383 358 421 sed
374 382 497 420 Turni
515 382 562 419 de
578 381 658 419 vita
677 390 715 418 et
731 382 913 432 sanguine
931 391 1088 420 certant.

145 448 261 483 Forte
281 458 387 483 sacer
405 447 537 481 Fauno
556 442 656 480 foliis
674 443 836 480 oleaster
856 445 993 481 amaris

94 506 166 545 Hic
187 514 361 551 steterat,
381 505 506 542 nautis
526 503 617 540 olim
635 502 854 539 venerabile
873 503 1016 553 lignum
1028 533 1038 550 ‚

96 566 246 602 Servati
263 579 311 601 ex
330 565 443 602 undis
459 563 527 599 ubi
547 563 664 613 figere
683 562 783 599 dona
801 562 973 600 solebant

93 626 276 664 Laurenti
293 625 402 670 divo,
422 633 459 660 et
475 633 584 660 votas
603 624 835 673 suspendere
853 626 980 662 vestis.

94 686 169 725 Sed
186 686 344 736 stirpem
360 683 500 721 Teucri
518 682 623 720 nullo
643 682 861 720 discrimine
880 697 1031 721 sacrum
1250 705 1297 728 770

92 746 351 790 sustulerant,
371 756 471 794 puro
490 752 533 780 ut
550 750 705 792 possent
722 755 952 779 concurrere
971 756 1116 794 campo.

93 806 165 843 Hic
182 806 290 843 hasta
308 807 436 841 AEneae
455 802 580 840 stabat
600 816 609 837 ε
628 802 705 838 huc
723 802 875 852 inpetus
892 803 995 840 illam

91 867 310 908 Detulerat‚
329 865 444 902 fixam
462 872 500 901 et
518 863 620 900 lenta
640 863 681 899 in
698 861 827 899 radice
848 862 1012 900 tenebat.

89 926 289 973 Incubuit,
307 924 507 975 voluitque
526 937 643 961 manu
662 924 875 961 convellere
893 924 1037 962 ferrum

90 987 346 1034 Dardanides,
364 987 517 1036 teloque
536 985 662 1035 sequi,
678 997 792 1034 quem
810 985 1002 1036 prendere
1021 999 1136 1024 cursu
1245 1000 1293 1032 775

91 1152 289 1185 pugnarum,
305 1152 362 1172 seu
381 1140 582 1180 duellorum,
601 1143 666 1172 sin-

92 1191 250 1232 gularium
266 1188 415 1219 ludibriis
433 1189 569 1230 cogitare
590 1187 622 1219 h.
642 1189 665 1220 l.

90 1239 279 1278 interpretes
288 1246 355 1266 non
365 1235 601 1274 debebant.—7
608 1235 663 1267 63.

90 1285 252 1315 Reeexunt
264 1282 433 1323 eleganter,
443 1289 603 1322 repetunt,
614 1293 663 1312 re-

89 1337 234 1361 currunt.
254 1330 341 1359 conf.
358 1339 429 1369 sup.
445 1328 502 1359 lib.
518 1330 560 1365 V,
578 1329 642 1359 583
653 1351 662 1366 ‚

91 1378 167 1412 584.
180 1395 229 1400 -
241 1377 306 1415 764
319 1399 327 1413 ,
346 1376 422 1413 765.
440 1377 500 1405 Hic
515 1375 663 1406 transfert

87 1425 275 1454 Homericos
291 1423 473 1453 notissimos
492 1432 602 1451 versus
620 1422 658 1453 11.

87 1483 128 1511 χ,
162 1470 354 1501 158-161.
379 1468 476 1499 Levia
497 1475 555 1498 aut
577 1468 659 1498 ludi-

85 1528 141 1547 cra
158 1529 168 1546 :
184 1518 252 1548 scil.
269 1516 374 1557 qualia
393 1522 483 1545 erant
502 1516 536 1544 in
556 1522 656 1545 certa-

83 1564 225 1595 minibus
239 1574 274 1594 ac
286 1561 372 1592 ludis
387 1572 444 1591 seu
459 1558 657 1602 στεφανῦαις

83 1622 138 1641 seu
146 1607 364 1653 χρηματὶτσιις.
377 1608 469 1649 (Hoc
479 1614 557 1645 erat,
567 1607 656 1648 quod

83 1657 211 1687 volebat
222 1657 395 1694 Mejerotto
410 1665 442 1695 p.
460 1653 538 1695 47.)

132 1703 210 1740 766.
227 1701 332 1732 Fauni
349 1700 425 1730 Ald.
451 1700 524 1731 edd.
546 1701 621 1731 inde
637 1712 654 1731 a

82 1750 203 1791 prima,
225 1758 299 1778 cum
324 1746 511 1787 sequacibus
531 1746 654 1787 (usque

82 1796 121 1826 ad
129 1794 317 1828 Commelin.
328 1817 336 1829 ‚
347 1803 420 1833 quae
432 1792 613 1833 discessit),
624 1800 655 1824 et

82 1844 126 1873 sic
137 1843 228 1874 Serv.
239 1840 349 1870 laudat
362 1838 402 1869 ad
417 1850 448 1869 v.
462 1849 528 1879 779
539 1861 547 1874 ‚
565 1839 654 1880 quod

81 1890 209 1930 praefert
228 1898 302 1917 cum
321 1885 420 1918 Cerda
434 1884 599 1916 Schrader.
615 1885 654 1915 ad

80 1937 240 1966 Musaeum
267 1945 338 1975 pag.
382 1933 446 1963 330
459 1955 467 1969 ‚
499 1938 650 1971 tanquam

82 1983 290 2023 exquisitiu53
308 1979 363 2010 sed
392 1979 482 2009 aliter
504 1978 650 2016 codices;

82 2035 113 2058 et
141 2027 292 2069 impedita
319 2025 359 2056 fit
385 2020 536 2065 junctura
564 2035 656 2055 sacer

83 2073 294 2115 Faunijbliis.
303 2073 465 2113 Foliisque
475 2083 523 2113 pr.
536 2071 652 2102 Hamb.

81 2120 210 2150 —Vim
233 2121 390 2160 poeticam
422 2119 550 2150 Maroni
577 2129 652 2159 pro-

80 2167 183 2207 priam
205 2167 241 2196 in
262 2166 396 2197 oleastro
421 2165 483 2196 hoc
508 2164 654 2195 ornando

82 2221 230 2254 agnosce:
241 2212 430 2253 simpliciter
442 2211 653 2243 declarandus

270 2266 335 2301 IV.

720 1150 787 1173 erat
810 1143 921 1182 loeus,
941 1154 1006 1185 quo
1031 1144 1120 1174 hasta
1142 1144 1292 1178 haerebat.

719 1190 858 1220 Videtur
871 1201 906 1221 ea
921 1198 986 1220 sata
1001 1193 1091 1231 quasi
1105 1202 1169 1221 esse
1185 1203 1225 1222 ex
1241 1203 1293 1223 ca-

718 1235 833 1278 prifico
847 1239 979 1268 Homeri
994 1237 1083 1269 Iliad.
1099 1249 1120 1278 χ
1130 1261 1139 1275 ,
1161 1240 1234 1275 145.
1251 1240 1291 1271 cf.

719 1283 753 1322 ζ,
771 1285 905 1322 433ςλ,
924 1284 1164 1326 167.Lignum,
1184 1285 1290 1317 arhor.

716 1349 763 1354 —
775 1343 790 1370 7
799 1342 851 1369 70.
867 1331 967 1361 Nullo
981 1330 1183 1367 discrimine,
1197 1331 1291 1363 adeo-

715 1389 778 1419 que
796 1377 888 1408 nullo
904 1384 1050 1418 respectu
1064 1377 1185 1416 habito,
1200 1379 1290 1419 quod

714 1435 802 1455 sacra
827 1431 892 1454 erat
911 1424 1016 1455 arbor.
1027 1441 1074 1447 —
1092 1435 1168 1463 771.
1202 1427 1288 1456 Puro

712 1482 838 1512 campo,
851 1481 964 1508 vacuo,
973 1481 1041 1501 non
1053 1471 1219 1512 impedito.
1237 1473 1289 1503 Sic

711 1518 768 1548 Gr.
783 1516 918 1560 καθαρὸς
934 1519 1051 1559 χῶρος,
1066 1525 1103 1548 nt
1119 1518 1157 1549 11.
1175 1515 1212 1559 ψ,
1231 1518 1287 1550 61.

711 1565 830 1594 Passim
847 1575 916 1594 mos
936 1564 1092 1605 loquendi
1109 1565 1287 1595 illustratus

711 1621 726 1640 a
740 1611 816 1640 viris
830 1610 947 1648 doctis,
957 1622 989 1641 v,
1001 1621 1030 1641 c.
1045 1610 1084 1640 ad
1096 1611 1192 1642 Ovid.
1202 1613 1286 1643 Fast.

709 1658 778 1694 111,
797 1658 928 1687 582.—
940 1668 1018 1696 772-
1034 1658 1138 1688 Hasta
1156 1658 1280 1694 stabat,

709 1714 748 1733 ex
756 1705 842 1742 jactu
856 1715 949 1744 sup.7
959 1714 973 1733 1
983 1714 996 1734 1
1004 1715 1080 1741 .—7
1088 1715 1103 1742 7
1111 1705 1141 1734 3.
1149 1706 1189 1733 In
1199 1706 1282 1734 ven.

709 1757 745 1779 ut
760 1750 861 1780 lenta.
877 1752 961 1780 Tum
976 1749 1070 1790 Bigot
1081 1749 1202 1791 :fixum
1218 1749 1283 1779 len·

708 1803 743 1825 ta
757 1795 876 1825 radice.
889 1797 989 1825 Porro
999 1818 1008 1831 ‚
1018 1795 1114 1835 idque
1127 1796 1222 1826 unice
1232 1807 1283 1826 ve·

708 1852 799 1877 rum,
827 1842 955 1871 Servius
980 1840 1135 1882 jungebat
1149 1841 1279 1884 :fitam

708 1895 740 1916 et
753 1888 842 1917 lenta
859 1886 969 1916 radice
981 1887 1123 1923 tenebat,
1142 1898 1209 1918 non
1220 1911 1228 1925 ‚
1243 1895 1281 1919 ut

707 1934 803 1975 vulgo
822 1934 942 1963 factum
953 1956 961 1969 ,
978 1933 1276 1977 Detuleratfixam,

707 1987 739 2009 ec
751 1980 772 2010 I.
790 1981 848 2010 Ge.
870 1979 1034 2010 Fabricius
1053 1981 1216 2010 Donatum
1233 1981 1280 2012 le-

707 2037 779 2067 gere
798 2029 842 2056 ait
866 2036 873 2056 :
903 2026 1073 2056 Detulerac
1097 2027 1226 2057 mollem
1248 2035 1282 2058 et

708 2073 797 2102 lenta
813 2084 838 2104 r.
859 2072 957 2113 Quod
979 2081 1092 2103 verum
1120 2083 1188 2104 non
1208 2081 1256 2105 est
1269 2084 1280 2106 :

709 2130 781 2148 nam
810 2121 956 2150 Donatus
983 2120 1103 2149 lentam
1134 2120 1278 2151 radicem

708 2166 847 2206 explicat
871 2165 1010 2196 mollem.
1029 2182 1078 2190 —-
1096 2172 1161 2204 774
1173 2189 1182 2204 ,
1201 2168 1277 2205 775.

709 2212 825 2243 Eadem
841 2213 876 2242 in
896 2212 984 2244 hasta
998 2213 1133 2244 Achillis
1153 2213 1280 2245 conveb-

1067 2265 1113 2301 25
