1414 2435
588 87 711 118 LIBER
734 87 794 117 XI.

1226 86 1287 115 153

94 145 381 193 Perfossumque
400 143 513 190 locis,
534 143 785 192 clypeumque
805 155 852 179 ex
872 155 945 179 aere
963 141 1121 180 sinistrae
1257 159 1286 174 ιο

96 205 285 255 Subligat‚
302 211 414 253 atque
431 216 557 240 ensem
579 203 676 240 collo
695 203 890 252 suspendit
910 202 1109 239 eburnum.

96 268 194 302 Tum
213 264 352 309 socios,
371 275 534 312 namque
554 262 673 299 omnis
694 275 781 299 eum
799 262 936 312 stipata
955 261 1106 311 tegebat

97 324 228 362 Turba
244 324 402 369 ducum,
422 323 475 360 sic
492 322 676 372 incipiens
695 322 872 359 hortatur
891 322 1038 358 ovantis
1056 336 1066 357 z

97 402 113 418 «ι.
131 384 299 420 Maxima
317 395 376 420 res
396 382 548 428 effecta,
565 382 656 429 viri3
677 382 790 418 timor
810 381 931 418 omnis
951 380 1100 427 abesto,

98 443 212 488 Quod
231 450 420 491 superest;
438 441 518 477 haec
537 449 623 477 simt
640 441 779 490 spolia,
799 450 836 478 et
855 440 902 477 de
921 453 1010 489 rege
1029 438 1195 489 superbo
1258 448 1286 471 15

97 501 276 538 Primitiae
283 515 294 547 ;
313 499 563 549 manibusque
581 499 673 536 meis
691 499 901 536 Mezentius
920 499 983 535 hic
1004 506 1070 535 est.

98 562 208 597 Nunc
226 559 299 596 iter
318 560 365 596 ad
385 572 512 609 regem
526 558 636 595 nobis
651 571 855 608 murosque
872 558 1040 595 Latinos.

99 622 215 655 Arma
231 627 379 668 parate,
398 617 530 655 animis
548 626 584 655 et
603 631 668 667 spe
688 617 903 667 praesumite
921 616 1080 662 bellum;

99 680 156 715 Ne
176 690 252 726 qua
265 690 372 714 mora
389 678 559 727 ignaros,
579 676 647 714 ubi
666 677 831 726 primum
849 676 987 712 vellere
1006 675 1111 724 signa

100 737 312 773 Adnue1·int
330 737 486 786 Superi,
504 735 719 785 pubemque
736 735 897 771 educere
917 734 1066 780 castris,
1256 752 1287 768 20

100 796 291 847 Inpediat,
312 795 482 847 segnisve
501 804 606 835 metu
624 793 809 833 sententia
825 792 958 832 tardet.

100 957 145 980 tas
161 960 231 990 sup.
255 952 306 986 X,
328 950 392 979 882
415 960 484 990 sqq.
510 949 567 980 Bis
585 960 667 986 sex,-

99 996 215 1027 Statius
234 995 353 1025 ibidem
366 995 576 1036 perfossaque
593 997 667 1025 vol-

101 1053 176 1072 nere
190 1042 297 1071 crebro
312 1043 425 1071 Arma.
441 1041 494 1071 Ad
506 1041 667 1070 fastidium

101 1095 285 1130 argutantur
307 1089 475 1126 Interpret.
495 1087 582 1116 Illata
603 1086 668 1116 fue-

100 1144 134 1163 re
157 1134 288 1164 vulnera
313 1143 370 1173 per
396 1138 494 1161 totam
516 1142 667 1172 pugnam.

103 1179 167 1209 vid.
183 1189 278 1219 supra
295 1181 346 1217 X,
367 1179 450 1218 691,
466 1178 531 1219 692
544 1200 553 1216 ,
582 1178 667 1217 715,

104 1235 120 1263 7
130 1236 143 1255 1
150 1225 182 1255 6.

153 1276 211 1308 14,
231 1271 283 1301 15.
304 1270 430 1300 Mutavi
452 1269 505 1299 hic
527 1269 670 1300 Heinsia-

101 1327 151 1347 nae
160 1316 352 1347 recensionis
364 1317 670 1355 interpunctionem,

101 1373 172 1404 quae
195 1362 356 1392 manifeste
378 1362 564 1392 senteutiam
580 1361 670 1389 vitia-

102 1409 157 1438 bat
179 1419 187 1439 :
209 1408 362 1438 Maxima
384 1418 433 1437 res
452 1406 571 1448 effecta
594 1405 670 1436 viri.

105 1454 214 1485 Timor
236 1453 338 1483 omnis
360 1453 478 1483 abesto.
506 1452 600 1493 Quod
621 1463 671 1482 su-

96 1507 205 1541 perest
224 1511 234 1529 .·
253 1498 321 1529 Izoec
337 1506 411 1528 sune
429 1505 490 1529 etc.
508 1501 576 1528 Imo
595 1509 670 1529 vero

99 1545 260 1587 jungenda
277 1554 284 1575 :
305 1545 402 1575 timor
416 1544 520 1574 omnis
541 1544 667 1581 abesto,

102 1591 191 1632 quod
204 1592 239 1621 id
261 1592 386 1628 attinet,
405 1590 493 1631 quod
512 1598 668 1630 superest,

102 1633 214 1679 (κατὰ)
243 1637 278 1667 τὸ
309 1636 414 1666 λεῖπον
442 1637 496 1666 τοῦ
520 1634 669 1678 πολέμου.

103 1685 184 1722 Quae
199 1687 377 1722 sequuntur
393 1691 400 1711 :
421 1680 488 1710 koec
511 1689 585 1711 sunt
601 1692 671 1722 spo-

103 1728 164 1764 lia,
188 1727 349 1757 illustrant
363 1727 416 1756 illa
432 1736 440 1757 z
457 1727 604 1757 maxima
623 1738 672 1757 res

103 1773 231 1815 effecta.
251 1789 297 1795 —-
312 1772 428 1803 Similis
445 1773 546 1802 oratio
562 1772 673 1802 Achil-

100 1821 142 1850 lis
156 1820 239 1850 victo
254 1820 391 1849 Hectore
405 1816 492 1848 Iliad.
504 1828 536 1857 χ,
553 1819 613 1857 391
628 1834 673 1842 —-

106 1868 189 1907 394,
209 1865 267 1895 ubi
282 1858 432 1907 Ηρσίμεθα
451 1862 536 1906 μέγα
560 1859 667 1900 κῦδος,

105 1912 194 1953 quod
211 1909 263 1941 hic
289 1911 436 1940 maxima
459 1920 508 1939 res
533 1908 668 1950 effecta,

103 1958 207 1999 simpl.
224 1968 284 1998 pro
298 1967 410 1998 magna
423 1967 472 1986 res
484 1961 617 1996 peracta.
626 1973 673 1978 -

109 2004 161 2034 16.
187 2002 344 2033 Primitiae
364 2013 408 2033 sc.
434 2002 483 2032 vel
508 2002 598 2038 belli,
622 2001 674 2031 vel

105 2050 298 2090 spoliorum,
312 2046 353 2079 τὰ
367 2045 525 2091 ἀκροθίνια.
536 2058 543 2079 :
555 2054 673 2088 utpoe-

106 2095 168 2125 tice
189 2096 351 2125 ornaverit
371 2106 439 2125 rem
454 2101 485 2124 et
499 2095 627 2134 propria
641 2100 672 2123 et

106 2142 261 2181 exquisita
274 2151 363 2172 voce.
381 2143 431 2171 De
443 2150 517 2182 rege
529 2139 670 2180 superbo,

105 2187 280 2225 Mezentio,
299 2197 366 2217 nou
381 2189 511 2224 Turno,
536 2193 572 2217 ut
585 2188 672 2217 Serv.

720 958 752 982 et
767 951 830 981 alii.
845 969 892 974 -—
905 950 1116 991 Mam'busque
1132 951 1210 982 meis
1223 953 1288 982 Me-

720 997 842 1027 zentius
856 997 906 1027 hic
931 1003 978 1027 esc
998 1009 1009 1026 .·
1031 1004 1062 1027 et
1079 1008 1148 1027 mea
1171 999 1289 1027 virtute

721 1043 761 1072 de
775 1044 936 1073 Mezentio
948 1043 1028 1073 nihil
1041 1050 1182 1083 superest
1194 1041 1289 1084 quain

720 1088 781 1118 hoc
808 1095 965 1129 tropaeum
975 1111 984 1126 ,
1011 1089 1079 1118 haec
1109 1090 1176 1127 ejus
1205 1098 1289 1118 arma

720 1140 837 1163 trunco
850 1135 1006 1175 imposita.
1015 1135 1148 1164 Dictum
1156 1135 1290 1171 acutius,

720 1186 798 1219 puta
818 1189 892 1209 cum
913 1187 1020 1221 gestu,
1039 1173 1125 1215 οὗτος
1145 1179 1256 1215 ἐκεῖνος
1275 1179 1290 1210 ὁ

721 1223 896 1261 Μεζέντιος.
912 1242 960 1248 -—-
981 1227 1033 1256 18.
1059 1227 1162 1255 Arma
1171 1233 1291 1266 parate

722 1269 848 1301 animis.
872 1272 941 1301 Aut
963 1270 1130 1312 hypallage
1154 1278 1216 1308 est,
1242 1272 1292 1302 in-

724 1317 794 1356 quit
816 1317 959 1353 Servius,
984 1327 1044 1356 pro
1066 1316 1164 1346 armis
1175 1324 1294 1357 parate

723 1361 867 1398 animos,
886 1368 941 1391 aut
962 1369 1046 1392 certe
1071 1369 1118 1391 est
1141 1362 1293 1392 mutanda

725 1407 903 1445 distinctio,
918 1413 956 1436 ut
968 1408 1007 1437 sit
1019 1417 1026 1438 :
1043 1409 1146 1437 Arma
1155 1415 1273 1447 parate
1282 1419 1293 1437 :

724 1453 842 1483 animis
857 1461 890 1484 et
902 1464 957 1493 spe
963 1453 1149 1493 praesumite
1163 1453 1292 1485 bellum.

724 1500 831 1539 Atque
855 1500 918 1529 hoc
940 1499 1056 1539 probat
1079 1501 1200 1537 Burm.,
1225 1510 1293 1530 non

725 1546 809 1574 enim
824 1547 898 1575 satis
909 1545 1068 1586 eleganter
1080 1545 1144 1575 dici
1153 1568 1162 1583 ,
1177 1544 1295 1575 animis

719 1600 842 1631 parare
853 1601 946 1621 arma.
956 1590 1086 1621 Tantilli
1095 1598 1162 1621 erat
1174 1590 1292 1628 videre,

725 1646 819 1666 arma
831 1646 896 1666 esse
909 1646 969 1676 pro
980 1647 1088 1677 pugna
1101 1636 1203 1668 dicta:
1216 1647 1294 1678 pug-

725 1692 798 1711 nam
817 1688 923 1711 autem
946 1692 1055 1722 parare
1078 1684 1203 1719 animo,
1229 1693 1294 1712 esse

726 1728 914 1767 exquisitius
932 1727 1071 1765 dictum,
1090 1738 1185 1768 qnam
1207 1727 1294 1767 quod

725 1773 868 1802 sollenne
891 1779 952 1809 est,
976 1783 1086 1813 parare
1109 1774 1231 1803 animos
1255 1773 1295 1802 ad.

725 1827 982 1858 pugnam.—19.
999 1817 1059 1847 Ubi
1065 1817 1206 1858 primum
1225 1819 1296 1848 vel-

727 1863 792 1892 lere
828 1862 921 1904 signa
960 1863 1145 1893 Annuerint
1172 1864 1293 1905 Superi.

727 1908 833 1938 Verba
850 1911 1012 1939 Romana:
1029 1916 1060 1939 et
1078 1911 1177 1950 captis
1198 1921 1295 1952 augu-

726 1955 780 1984 riis
796 1954 829 1983 id
841 1952 911 1983 fieri
923 1954 1051 1984 solitum
1066 1965 1074 1985 :
1090 1955 1145 1985 sed
1156 1956 1209 1985 hic
1221 1966 1295 1996 poe-

727 2007 757 2029 ta
771 2006 901 2031 ornatus
917 2011 1024 2030 caussa
1039 2007 1162 2030 tantum
1174 2003 1295 2041 posuis-

726 2056 758 2075 se
777 2044 877 2076 videri
898 2045 1014 2077 debet:
1034 2048 1246 2088 cumprimum
1260 2047 1294 2077 li-

727 2093 811 2123 cebit
824 2101 934 2132 agmen
947 2091 1074 2124 ducere.
1083 2109 1130 2116 —-
1146 2103 1199 2124 21,
1216 2094 1294 2123 Sen-

727 2139 842 2173 tentia,
858 2147 967 2168 sensus
980 2139 1092 2176 animi,
1105 2138 1219 2180 segnis,
1235 2149 1295 2179 pro

726 2185 873 2227 segnitie,
896 2185 1115 2223 cunctatione3
1138 2184 1224 2227 quod
1240 2183 1294 2215 ad-
