1414 2435
603 72 723 103 CIRIS.
1196 72 1237 100 38
1246 72 1260 101 3

70 136 156 180 Qua
175 145 314 169 curvus
336 139 452 168 terras
472 129 713 178 amplectitur
731 128 1015 176 Hellespontus;

68 193 139 230 Illa
158 206 228 242 ego
244 205 345 237 sum,
364 191 508 237 Minos,
527 197 675 227 sacrato
694 188 834 225 foedere
854 189 992 238 conjux

69 253 181 289 Dicta
200 251 271 288 tibi
290 265 299 287 :
321 259 446 287 tamen
466 250 567 295 haec,
586 256 622 285 et
640 249 671 285 si
689 262 765 285 non
785 248 946 297 adcipis,
965 247 1084 285 audis.
1215 257 1263 285 415

69 311 252 348 Vinctane
270 318 347 346 tam
367 310 494 359 magni
512 307 672 345 tranabo
693 307 851 357 gurgitis
871 306 1016 344 undas?

69 371 205 407 Vincta
223 379 279 408 tot
299 370 466 407 assiduas
484 367 661 419 pendebo
682 381 729 404 ex
749 367 882 404 ordine
899 368 1026 405 luces?

68 431 156 467 Non
174 429 349 478 equidem
367 442 426 466 me
447 430 519 465 alio
537 441 692 479 possum
711 428 939 465 contendere
959 428 1110 478 dignam

71 489 266 538 Supplicio
288 504 296 525 ε
315 489 419 538 quod
438 489 491 525 sic
508 490 670 538 patriam
691 500 875 537 carosque
894 491 1052 524 Penates

69 548 253 585 Hostibus
273 548 471 598 inmitique
491 547 620 585 addixi
638 548 770 598 ignara
789 556 963 596 tyranno.
1216 558 1265 583 *520

72 611 217 645 Verum
237 617 316 646 esto
337 622 345 642 :
364 608 465 655 haec,
482 609 627 655 Minos,
647 609 731 645 illos
751 609 932 645 scelerata
950 607 1101 657 putavi,

71 667 113 704 Si
130 677 260 706 nostra
276 677 362 705 ante
383 668 518 718 aliquis
534 668 713 705 nudasset
734 668 876 704 foedera
894 680 1021 713 casus,

69 730 271 774 Facturos‚
289 740 452 777 quorum
473 727 632 777 direptis
650 727 837 764 moenibus
857 726 982 773 urbis,

71 789 105 824 O
126 801 196 837 ego
216 788 398 833 crudelis,
418 788 568 824 flamma
587 786 747 823 delubra
765 787 886 836 petivi
906 801 913 822 :

69 850 123 884 Te
141 860 234 884 vero
254 849 416 893 victore,
437 846 544 896 prius
563 847 623 883 vel
643 845 767 883 sidera
788 859 921 883 cursus
1218 855 1266 884 4²5

72 909 268 944 Mutatura
285 919 391 953 suos,
411 919 525 956 quam
546 913 582 942 te
598 905 693 942 mihi
712 906 800 942 talia
819 913 938 956 captae

71 967 276 1002 Facturum
293 966 411 1003 metui
432 981 440 1002 :
457 966 535 1015 jam
546 967 624 1015 jam
643 967 762 1003 scelus
783 966 909 1002 omnia
927 965 1055 1003 vincit.

70 1025 160 1061 Ten'
180 1037 250 1074 ego
269 1026 352 1074 plus
370 1024 494 1074 patrio
514 1024 629 1061 dilexi
648 1024 797 1074 perdita
816 1025 960 1074 regno?

69 1083 161 1119 Ten’
177 1086 271 1133 ego?
288 1097 357 1120 1160
375 1084 533 1130 mirum,
549 1085 659 1121 vultu
677 1084 836 1134 decepta
853 1084 980 1134 puella

69 1145 123 1181 Ut
138 1143 236 1189 vidi,
256 1152 298 1180 ut
318 1145 430 1194 perii!
451 1154 493 1181 ut
512 1157 572 1181 me
591 1145 710 1182 malus
731 1144 886 1181 abstulit
902 1146 1026 1180 error!
1215 1151 1263 1179 430

69 1206 156 1240 Non
176 1203 351 1252 equidem
371 1218 418 1240 ex
436 1204 510 1241 isto
529 1206 680 1254 speravi
699 1217 860 1254 corpore
879 1217 988 1254 posse

70 1264 160 1299 Tale
179 1263 318 1299 malum
334 1264 436 1300 nasci
454 1278 462 1299 ε
483 1263 623 1309 forma,
640 1266 700 1301 vel
720 1265 843 1300 sidere
860 1264 978 1300 fallor.

71 1323 158 1357 Non
177 1335 236 1358 me
254 1321 397 1358 deliciis
416 1323 609 1359 conmovit
627 1324 731 1372 regia
750 1323 874 1367 dives,

73 1382 222 1419 Coralio
240 1381 378 1431 fragili,
395 1395 438 1419 ac
457 1382 597 1419 electro
616 1383 835 1427 lacrimos03

72 1445 136 1478 Me
155 1454 231 1478 non
247 1441 423 1478 florentes
443 1442 577 1491 aequali
596 1453 756 1491 corpore
773 1441 978 1490 Nymphae;
1215 1450 1263 1479 4³⁵

71 1503 158 1537 Non
177 1508 298 1537 metus
315 1500 505 1537 incensam
522 1500 647 1556 Rotuit
666 1501 829 1537 retinere
849 1499 1017 1536 deorum.

73 1559 210 1596 Omnia
226 1559 318 1596 *deit
334 1571 440 1596 amor
458 1574 466 1595 :
488 1558 580 1608 quid
597 1559 698 1595 enim
715 1572 792 1596 non
813 1559 983 1595 vinceret
999 1557 1081 1594 ille?

123 1717 205 1748 414,
225 1711 302 1746 415.
318 1711 384 1740 Illa
401 1722 462 1753 ego
478 1722 562 1748 sum,
581 1712 643 1742 Mi-
696 1713 794 1749 VIII,
814 1712 875 1741 108
891 1721 960 1751 sqq.
977 1711 1044 1749 ejus
1060 1721 1114 1741 ore
1127 1710 1267 1751 profert,

77 1767 150 1793 nos,
162 1764 290 1786 sacrato
294 1755 420 1797 foedere
435 1756 554 1797 conjux
572 1758 643 1788 Dic·
696 1765 734 1788 ut
752 1758 925 1797 intelligas,
944 1758 979 1786 in
992 1756 1056 1787 hoc
1074 1757 1195 1797 ingenii
1214 1757 1265 1786 lu-

76 1811 111 1833 ta
133 1803 198 1833 tibi.
222 1805 291 1833 Aut
313 1802 502 1833 exciderunt
526 1804 643 1841 multa,
698 1814 786 1840 sum,
820 1804 855 1832 in
884 1808 994 1833 nostro
1025 1809 1117 1843 poeta
1149 1801 1267 1832 doloris

76 1856 131 1880 aut
150 1860 219 1879 non
240 1851 313 1878 satis
334 1850 517 1888 praestruxit
541 1859 646 1879 narra·
699 1849 902 1879 acerbitatem
917 1859 958 1879 ex
972 1854 1094 1878 naturae
1111 1849 1251 1878 veritate.

78 1897 196 1926 tionem
209 1903 311 1936 poeta.
327 1895 571 1936 Intelligendum
587 1896 647 1925 sci·
748 1896 826 1931 433.
852 1897 925 1926 Nou
945 1906 996 1925 me
1017 1894 1185 1925 commovit
1205 1905 1216 1924 :
1230 1900 1268 1924 ut

75 1941 150 1972 licet
163 1949 226 1978 est,
242 1941 315 1972 dato
330 1941 444 1982 capillo
459 1942 594 1983 Scyllam
608 1940 646 1970 fi·
699 1941 890 1972 absterrerer
919 1952 937 1971 a
966 1941 1131 1982 prodenda
1157 1941 1267 1981 patria.

78 1986 150 2017 dem
162 1989 298 2018 aMinoe
313 1989 505 2017 matrimonii
516 1988 648 2029 jungen-
699 1990 854 2028 Loquitur
884 1989 969 2018 enim
997 1987 1036 2017 de
1068 1987 1137 2017 Nisi
1171 1987 1269 2027 patris

80 2032 114 2062 di
128 2035 291 2074 accepisse.
309 2034 361 2065 Ad
379 2035 558 2074 pactionem
575 2045 647 2064 ean-
700 2035 800 2074 regia,
816 2041 854 2064 .et
878 2034 916 2064 de
940 2034 1047 2070 bonis,
1073 2032 1191 2072 quibus
1215 2031 1270 2062 illa

80 2078 153 2108 dem
171 2087 247 2110 sunt
258 2079 389 2121 foedera
413 2080 573 2111 referenda
600 2091 646 2111 vs.
701 2080 804 2110 adhuc
822 2090 876 2110 usa
893 2086 969 2110 erat.
985 2095 1030 2102 —-
1049 2079 1125 2114 435.
1143 2079 1268 2120 AEqua-

83 2131 160 2160 422.
185 2127 333 2157 Ceterum
360 2137 433 2157 cum
463 2127 512 2157 his
537 2127 649 2168 Scyllae
703 2126 727 2156 Ii
740 2136 888 2166 corpore,
917 2133 1006 2156 aetate
1029 2125 1177 2165 aequales,
1197 2122 1271 2166 ὄμτῖ·

83 2171 219 2212 querelis
231 2172 270 2203 cf.
286 2183 336 2204 eas
346 2197 354 2212 ,
372 2183 448 2215 quas
461 2173 556 2205 Ovid.
569 2174 648 2205 Met.
702 2175 784 2208 λικες
799 2170 907 2214 κόραι,
926 2178 963 2202 111
976 2172 1114 2212 Scaliger
1125 2171 1270 2202 illustrat.
