1414 2435
579 61 702 92 LIBER
727 61 785 91 XI.

1221 72 1280 102 191

35 159 42 166 ‚
88 119 316 170 Tiburtique
333 132 465 157 manus
485 132 494 154 ε
519 118 625 155 ducis
644 126 682 154 et
701 125 743 154 tu
761 117 918 167 concipe
938 131 1078 155 curam.
1100 134 1116 151 »

91 181 154 218 Sic
176 182 246 226 ait,
267 189 304 217 et
323 179 480 229 paribus
499 182 720 229 Messapum
736 178 776 215 in
794 179 923 228 praelia
941 179 1050 217 dictis

1235 187 1284 212 520

89 243 294 287 Hortatur,
315 239 513 289 sociosque
531 239 666 285 duce53
687 248 723 276 et
742 239 867 289 pergit
885 239 923 275 in
943 240 1102 277 hostem.

142 304 207 338 Est
225 313 343 337 curvo
361 300 532 337 anfractu
550 300 684 347 valles,
703 299 950 337 adcommoda
968 300 1094 337 fraudi

89 364 368 410 Armorumque
388 360 501 406 dolis,
523 373 637 410 quam
656 359 781 397 densis
800 359 1001 397 frondibus
1022 369 1145 397 atrum

89 423 209 471 Urget
227 421 419 471 utrimque
438 421 554 467 latus;
575 420 698 458 tenuis
718 434 795 471 quo
814 421 947 458 semita
965 420 1086 466 ducit,

89 485 343 531 Angustaeque
360 482 488 519 ferunt
507 482 633 520 fauces
653 482 854 532 aditusque
873 482 1038 531 maligni.

1235 490 1284 514 525

88 543 195 577 Hanc
215 554 329 590 super
348 541 388 577 in
408 542 570 592 speculis
591 553 815 591 summoque
834 541 873 578 in
892 541 1035 578 vertice
1055 540 1192 578 montis

90 709 161 728 rum
183 709 262 728 voce
285 709 345 739 pro
370 698 504 729 insidiis.
519 716 566 721 —-
584 699 661 738 519.

93 745 214 774 Tiburti
238 755 370 780 manus,
399 746 500 785 copiae
520 744 663 775 Tiburti-

90 801 139 821 nae
149 813 158 827 ‚
173 800 190 819 a
207 790 353 821 Tiburno
366 790 463 820 heroe
474 812 482 828 ,
500 800 536 819 ac
555 790 663 820 condi-

89 844 158 866 tore
188 836 357 877 designatae
374 859 382 874 ‚
413 835 563 866 fratribus
594 837 662 874 ejus

90 882 202 913 Catillo
227 889 259 912 et
285 884 366 913 Cora
392 882 547 920 ducibus;
567 893 661 922 supra

88 930 169 966 VII,
187 929 254 967 670
274 939 342 969 sqq.
360 928 523 959 Adversus
545 929 663 968 equita-

88 982 159 1004 tum
174 977 300 1011 AEneae,
321 976 356 1005 in
381 986 446 1016 quo
470 981 583 1005 turmae
598 975 660 1005 Ar-

89 1021 180 1051 cades
196 1021 236 1052 ab
248 1021 398 1052 Evandro
420 1023 522 1051 missae
532 1044 541 1059 ,
560 1023 658 1059 VIII,

92 1068 156 1097 518
181 1075 213 1098 et
236 1068 480 1109 Etruscae(lib.
504 1070 554 1105 X,
577 1068 663 1105 238,

92 1113 180 1155 239)
199 1120 289 1144 erant
299 1135 308 1150 ‚
322 1125 380 1154 per
394 1114 558 1154 planitiem
584 1124 663 1143 cam—

50 1178 57 1185 ·
89 1170 204 1200 porum
221 1159 421 1190 incedentem
430 1161 568 1190 mittitur
579 1161 664 1191 Mes-

88 1216 192 1246 sapus,
205 1207 261 1246 qui
276 1216 363 1236 nunc
377 1217 446 1236 non
458 1216 529 1236 suas
544 1207 662 1247 copias,

88 1251 143 1282 sed
156 1253 280 1282 Latinas
295 1259 326 1282 et
344 1252 529 1283 Tiburtinas
544 1259 663 1282 turmas

88 1305 248 1338 equestres
269 1297 378 1335 ducit,
404 1305 436 1328 et
457 1309 531 1328 cum
551 1309 589 1329 eo
605 1299 663 1329 Ca-

87 1344 184 1374 milla.
209 1362 256 1367 —-
283 1346 348 1375 522
373 1355 441 1385 sqq.
471 1344 662 1374 Insidiarum

87 1390 177 1420 locus
196 1398 227 1420 et
246 1392 328 1421 ratio
345 1390 531 1428 hujusmodi
555 1391 661 1420 animo

87 1437 350 1476 repraesentanda.
365 1437 425 1466 Via
447 1437 661 1475 Trojanorum

88 1483 204 1524 agmini
218 1481 356 1523 pedestri
367 1504 375 1519 ‚
390 1481 477 1522 quod
490 1485 602 1513 AEneas
616 1483 662 1523 ip-

87 1539 121 1558 se
132 1528 270 1559 ducebat
283 1528 295 1570 (
306 1528 391 1558 conf.
407 1528 446 1557 ad
460 1534 499 1564 44
508 1529 538 1566 5,
554 1530 620 1565 446
630 1528 659 1570 ),

88 1582 154 1605 erat
171 1574 312 1605 facienda
334 1585 392 1616 per
415 1576 573 1605 montium
586 1576 662 1616 juga

88 1628 120 1650 et
132 1621 230 1651 saltus
246 1631 254 1652 ε
271 1622 307 1652 in
316 1621 366 1651 his
380 1627 447 1651 erat
460 1621 580 1660 vallis,
597 1632 662 1651 cur-

89 1677 124 1696 νο
140 1666 308 1707 anfractu,
326 1668 456 1698 sinuoso
469 1667 557 1698 flexu
567 1690 576 1706 ,
590 1678 662 1708 quae

90 1724 130 1742 ex
146 1711 274 1742 adversa
294 1713 436 1742 venienti
450 1715 558 1744 AEneae
572 1721 661 1754 parte

90 1761 124 1788 in
139 1758 256 1788 clivum
275 1758 475 1799 assurgebat3
491 1760 582 1799 isque
595 1767 661 1790 erat

90 1805 213 1846 agmine
232 1804 427 1847 superandus
442 1814 450 1835 :
467 1804 507 1834 ab
526 1811 662 1846 utraque

88 1851 180 1881 vallis
210 1857 299 1892 parte
329 1850 426 1881 silvae.
458 1852 522 1881 Has
545 1851 662 1881 insedit

90 1899 219 1928 Turnus
240 1907 248 1928 :
266 1898 443 1937 equitatum
459 1904 565 1926 antem
578 1899 662 1927 Mes-

90 1953 165 1984 sapo
179 1951 210 1974 et
223 1943 351 1976 Camilla
375 1943 455 1973 duce
478 1944 661 1984 praemittit,

90 1996 126 2020 ut
145 2000 257 2020 manus
273 2000 347 2020 cum
367 1991 528 2031 praemisso
549 1990 589 2020 ab
613 1991 663 2020 ΙΕ-

92 2045 151 2066 nea
165 2037 371 2067 Etruscorum
393 2037 536 2078 equitatu
557 2046 663 2066 conse-

90 2088 159 2120 rat,
182 2084 238 2123 qui
265 2094 322 2124 per
350 2093 535 2124 camporum
562 2082 663 2124 plani-

91 2128 166 2157 tiem
183 2129 351 2160 incedebat
361 2152 370 2168 ,
385 2128 575 2161 Tarchontis
590 2129 664 2159 duc-

92 2180 137 2204 tu.
162 2174 223 2205 Hic
240 2185 346 2218 pugna
371 2176 525 2217 equestris
548 2174 601 2215 fit,
630 2176 665 2205 in

716 710 777 739 qua
789 721 798 736 ‚
824 699 954 730 Camilla
975 709 1071 735 caesa,
1094 699 1214 739 equites
1234 700 1287 728 La-

715 746 775 774 tini
806 745 934 785 fugiunt
956 744 995 774 ad
1021 745 1145 775 urbem.
1168 744 1288 774 Audita

716 790 856 820 Camillae
869 789 954 820 caede
969 791 1191 830 equitatusque
1203 790 1274 831 fuga
1284 813 1291 827 ‚

715 838 862 874 Turnus,
879 837 1013 866 consilio
1030 836 1218 866 insidiarum
1233 837 1287 866 ab·

713 882 797 920 jecto
806 905 814 920 ‚
825 893 865 912 ex
874 882 1007 912 saltibus
1016 882 1149 912 obsessis
1161 883 1195 912 in
1208 893 1287 912 eam-

714 938 792 968 pum
806 928 951 969 procedit
961 952 969 966 ,
986 936 1023 959 ut
1037 929 1144 970 fugam
1162 930 1289 959 Latino-

714 985 788 1005 rum
804 976 948 1015 equitum
965 977 1055 1005 sistat
1065 998 1073 1013 ,
1093 975 1268 1016 urbemque
1279 996 1289 1011 ‚

714 1031 755 1050 ne
769 1023 874 1062 primo
889 1023 1023 1051 incursu
1037 1023 1196 1062 capiatur,
1213 1032 1290 1062 prae-

717 1067 799 1098 sidio
822 1067 938 1098 firmet.
964 1070 1039 1108 Quo
1071 1069 1152 1098 facto
1176 1070 1288 1097 AEneas

716 1113 830 1144 liberas
848 1114 945 1144 saltus
963 1115 1120 1154 angustias
1142 1121 1286 1154 superat;

716 1170 747 1190 v.
758 1160 815 1190 inf.
826 1171 857 1190 v.
870 1166 937 1200 904
950 1171 1018 1200 sqq.
1029 1161 1230 1200 Assequutus
1242 1165 1300 1190 est'

715 1205 775 1236 hac
789 1207 968 1236 oeconomia
984 1213 1078 1246 poeta
1091 1207 1151 1236 hoc
1163 1229 1171 1244 ‚
1186 1213 1223 1236 ut
1235 1206 1294 1238 ab<

715 1252 857 1282 sentibus
870 1255 966 1282 AEnea
979 1258 1011 1282 et
1027 1254 1138 1283 Tumo
1157 1253 1223 1292 geri
1239 1257 1298 1282 res,

715 1304 821 1338 posset
843 1299 961 1328 virtute
988 1298 1128 1328 Camillae
1152 1305 1184 1328 et
1210 1294 1297 1330 Tar-j-

715 1343 850 1374 chontis.

764 1390 842 1420 523.
857 1390 900 1419 D.
908 1388 1023 1431 frond.
1038 1397 1143 1419 artum
1153 1391 1285 1420 Excurs.

715 1436 900 1473 Burmann„
932 1447 998 1466 nou
1034 1436 1154 1466 infelici
1184 1436 1284 1477 lapsu.

714 1498 760 1505 -—
789 1483 892 1521 Quam
896 1505 954 1513 .....
978 1490 1100 1519 atrum,
1127 1483 1188 1513 hoc
1221 1489 1285 1521 est,

714 1528 792 1558 silva
808 1527 902 1558 densa
913 1552 921 1567 ‚
936 1539 993 1569 per
1006 1539 1100 1569 quam
1112 1551 1120 1566 ‚
1136 1539 1214 1569 qua,
1235 1539 1286 1558 an-

715 1581 804 1616 gusta
819 1575 930 1605 semita
945 1581 1001 1605 est.
1011 1593 1058 1598 —
1072 1576 1149 1611 524.
1166 1577 1288 1605 Utrum-

716 1631 778 1662 que
792 1620 935 1653 Parthas.
955 1628 985 1651 et
1005 1621 1102 1652 Goth.
1124 1628 1196 1652 tert.
1216 1623 1285 1662 Quo

715 1668 826 1698 Heius.
852 1677 869 1697 e
895 1669 958 1698 suis
990 1668 1219 1698 vetustioribus
1256 1675 1287 1697 et

715 1715 798 1744 Pier.
810 1735 818 1751 ,
831 1714 923 1744 etiam
938 1715 1067 1745 Servius
1083 1725 1142 1754 pro
1155 1714 1285 1753 vulgato

714 1770 779 1799 qua
789 1782 798 1794 ,
821 1759 908 1800 quod
928 1766 1032 1789 tamen
1047 1760 1149 1789 multo
1165 1769 1287 1789 accom-

714 1804 896 1836 modatius:
916 1807 1026 1837 Servio
1047 1815 1176 1846 quoque
1197 1807 1284 1846 agni-

714 1857 793 1881 tum.
825 1852 929 1891 Quam
955 1851 1005 1881 ed.
1029 1852 1122 1882 Junt.
1139 1868 1186 1874 -
1207 1851 1284 1882 525.

714 1896 830 1926 Aditus
853 1896 1006 1938 maligni,
1043 1899 1187 1939 angusfi,
1222 1899 1288 1927 exi-

715 1943 789 1983 gui3
819 1953 904 1981 non,
937 1943 1086 1981 obscuri,
1113 1950 1150 1973 ut
1177 1946 1284 1981 Serv.;

715 1999 788 2019 nam
820 1989 877 2020 lib.
905 1992 952 2020 VI
963 2012 972 2027 ‚
1001 2000 1067 2029 27⁰
1101 1989 1284 2028 adjunctum

716 2042 761 2065 est
772 2057 781 2071 ‚
800 2035 859 2065 lux
868 2047 881 2072 ;
903 2036 958 2065 sub
977 2036 1046 2066 luce
1064 2036 1223 2078 maligna.
1237 2053 1285 2060 ———

718 2082 796 2112 526.
818 2083 856 2111 In
880 2082 1035 2123 spec-ullu
1051 2083 1087 2112 in
1108 2082 1198 2113 collis
1219 2094 1284 2113 ver-

717 2128 796 2166 tice,
811 2135 849 2159 nt
866 2127 992 2159 σκοπιαί.
1009 2131 1084 2160 Erat
1104 2130 1131 2160 is
1150 2129 1263 2170 planus
1274 2152 1282 2165 ‚

718 2174 857 2217 adeoque
872 2176 959 2206 omni
974 2187 1014 2206 ex
1032 2183 1119 2217 parte
1133 2182 1285 2217 opportu‹
