1414 2435
603 68 724 99 LIBER
749 69 807 98 XI.
1241 70 1303 98 213

109 128 316 165 Carbaseos
336 127 440 163 fulvo
457 124 498 161 in
517 124 661 161 nodum
682 125 897 174 conlegerat
915 138 1028 171 auro,
1256 135 1304 167 756

107 187 233 223 Pictus
253 200 322 223 acu
341 185 484 222 tunicas
510 193 547 220 et
565 183 730 220 barbara
752 184 915 234 tegmina
935 197 1100 222 crurum.

109 249 220 283 Hunc
239 246 366 295 u‘rgo,
386 245 464 282 sive
481 253 523 280 ut
543 244 690 294 templis
710 244 921 294 praefigeret
942 257 1044 281 arma

108 306 240 352 Troia,
257 305 407 355 captivo
427 304 507 341 sive
527 312 569 340 ut
588 317 626 341 se
648 305 764 340 ferret
783 305 822 340 in
843 317 955 349 auro,

107 365 306 410 Venatrix,
327 377 445 401 unum
462 377 508 400 ex
528 364 630 400 omni
651 364 855 400 certamine
875 376 1011 413 pugnae
1256 375 1303 405 78⁰

107 427 213 461 Caeca
233 424 481 474 sequebatur3
499 433 696 472 totumque
713 423 865 459 incauta
885 436 953 472 per
973 435 1105 473 agmen

106 486 284 522 Femineo
303 485 441 534 praedae
458 495 494 521 et
513 484 721 533 spoliorum
744 482 901 520 ardebat
922 496 1049 520 amore
1067 496 1075 517 :

107 545 240 580 Telum
260 558 306 580 ex
323 543 466 580 insidiis
485 556 603 592 quum
622 542 773 580 tandem
796 551 966 593 tempore
983 552 1094 592 capto

108 603 297 648 eoncitat,
319 613 355 640 et
375 616 532 652 superos
554 606 700 639 Arruns
719 602 771 639 sic
791 615 884 638 voce
903 611 1082 652 precatur
1102 617 1111 638 ε

110 680 123 694 «
146 665 299 699 Summe
321 662 452 709 deum,
473 663 591 700 sancti
611 671 737 700 custos
758 662 923 699 Soractis
943 661 1101 711 Apollo,
1255 670 1301 702 725

110 723 231 767 Quem
250 721 362 771 primi
382 722 557 768 colimus,
575 722 637 758 cui
657 722 790 772 pineus
810 720 924 757 ardor
943 733 1079 757 acervo

108 846 139 868 et
152 840 291 868 sonitum
305 838 386 877 edat,
398 846 483 870 mota
497 839 674 882 chlamyde,

106 885 236 914 intextae
260 885 379 915 faciunt
404 886 528 916 laminae
555 897 673 924 aureae;

105 930 304 971 jungendum
317 933 402 962 enim
419 942 426 962 :
441 932 527 962 sinus
542 944 676 974 crepan-

108 984 154 1006 tes
181 977 250 1006 ιιΙνο
267 988 356 1008 auro.
376 979 427 1009 Sic
439 990 510 1020 sup.
526 981 594 1018 VI,
610 980 675 1009 206

108 1022 283 1062 crepitabat
297 1024 428 1054 bractea
444 1026 513 1055 auri
530 1035 537 1055 ε
554 1032 584 1055 et
602 1026 676 1056 hinc

108 1069 220 1098 similia
243 1069 328 1109 apud
354 1072 488 1101 Statium
504 1073 552 1100 VI
575 1072 675 1103 Theb.

110 1115 170 1151 62;
185 1115 266 1151 VII,
283 1116 347 1144 682
360 1138 368 1153 ,
387 1117 445 1145 ubi
464 1117 548 1146 conf.
571 1118 676 1149 Barth.

108 1161 258 1191 Occurrit
272 1160 334 1190 hoc
348 1168 482 1191 texturae
495 1173 593 1204 genus
609 1174 678 1204 pas-

108 1206 167 1235 sim
197 1205 282 1246 apud
312 1213 431 1237 veteres
443 1229 451 1244 ,
475 1215 512 1237 ut
545 1208 678 1239 bracteae

108 1261 232 1287 aureae,
257 1261 291 1281 ac
317 1252 449 1282 lamellae
477 1254 603 1283 insertae
633 1265 679 1284 es-

108 1304 177 1326 sent
191 1298 379 1327 staminibus
396 1309 469 1328 cum
487 1299 676 1331 subtemine.

109 1342 236 1372 Nodum
256 1345 289 1372 iu
304 1355 349 1373 vs.
368 1345 432 1383 776
453 1344 491 1374 de
513 1343 612 1374 fibula
628 1356 677 1376 ac—

110 1389 213 1429 cipere
229 1391 373 1430 cogimur
383 1413 391 1428 ,
415 1391 533 1431 quippe
545 1392 579 1420 in
593 1392 677 1422 chla-

109 1434 215 1475 myde.
237 1435 378 1465 Tandem
404 1438 537 1467 interior
564 1438 676 1474 vestis,

108 1491 164 1510 seu
183 1482 289 1510 tunica
308 1492 386 1512 vers.
405 1494 466 1521 777
492 1489 558 1512 erat
581 1494 676 1523 opere

108 1526 248 1567 Phrygio
267 1538 276 1564 ;
306 1528 391 1558 conf.
419 1539 490 1569 sup.
519 1529 576 1559 lib.
608 1531 676 1567 111,

111 1572 196 1609 483,
217 1573 294 1608 484.
310 1573 363 1603 Ad
385 1574 561 1615 Phrygium
581 1576 677 1604 amic-

110 1624 196 1653 tum‚
213 1619 314 1658 qualis
330 1620 366 1649 in
378 1622 473 1661 signis
492 1628 523 1650 et
541 1621 608 1651 aliis
622 1632 674 1651 ve-

110 1669 213 1691 terum
236 1665 386 1703 operibus
409 1668 566 1703 occurrit,
582 1668 676 1696 etiam

110 1708 309 1737 referendum
332 1716 401 1746 est,
428 1712 517 1750 quod
538 1712 577 1741 de
603 1722 674 1742 cru-

109 1764 182 1783 wm
197 1754 421 1794 integumentis
435 1757 579 1796 sequitur
589 1755 600 1795 (
610 1767 676 1787 non

109 1798 148 1828 ad
175 1799 314 1830 colorem
335 1811 483 1830 croceum
495 1823 503 1837 ,
522 1808 558 1830 ut
577 1802 677 1832 Cerda

109 1845 184 1876 facit
210 1852 282 1885 post
312 1846 480 1887 Servium)
502 1857 509 1877 :
532 1854 563 1876 et
588 1853 678 1877 erant

109 1891 246 1922 barbara
265 1891 278 1932 (
296 1892 328 1922 h.
348 1893 482 1933 Phrygia
501 1893 512 1933 )
533 1893 677 1933 tegmina

109 1948 244 1969 crurum.
273 1940 320 1968 Ita
343 1939 426 1968 enim
453 1941 553 1979 Atys,
572 1939 675 1976 Paris,

111 1983 329 2025 Ganymedes,
360 1985 462 2021 Galli,
492 1985 677 2014 braccarum

111 2039 222 2069 genere
236 2030 340 2060 induti
359 2041 423 2060 esse
437 2031 540 2061 solent
559 2031 676 2060 femora

112 2082 142 2104 et
168 2085 268 2106 crura.
292 2078 376 2106 Bene
399 2076 503 2107 autem
523 2078 649 2108 Servius
669 2086 675 2106 :

113 2135 128 2145 κ
152 2122 231 2151 Sane
249 2132 409 2153 armorum
423 2123 519 2164 longa
540 2123 678 2163 descrip-

114 2166 157 2196 tio
176 2177 214 2197 eo
227 2175 363 2208 spectat,
381 2175 417 2198 ut
437 2170 472 2199 in
497 2180 606 2200 eorum
625 2179 679 2200 cu-

729 839 894 881 piditatem
916 839 1029 869 merito
1051 837 1180 870 Camilla
1199 838 1304 868 videa-

730 893 784 915 tur
796 896 860 915 esse
874 896 1034 915 succensa.
1050 899 1065 911 υ
1081 885 1226 922 Scilicet,
1245 886 1302 914 etsi

730 932 830 962 virilis
858 933 955 961 animi
981 932 1113 968 femina,
1147 938 1251 960 tamen
1285 941 1301 960 a

733 979 822 1007 cultu
850 985 881 1007 et
902 985 1016 1008 ornatu
1042 979 1190 1007 intactam
1212 987 1300 1006 men-

731 1031 793 1054 tem
810 1034 877 1053 non
898 1024 1021 1054 habuit.
1038 1024 1122 1053 Hinc
1138 1033 1219 1052 vers.
1236 1022 1298 1059 782

721 1069 870 1112 femineo
895 1070 1028 1105 ardore,
1052 1069 1229 1109 impatienti
1241 1090 1249 1105 ,
1264 1075 1301 1097 ut

731 1117 867 1146 Servius.
894 1117 945 1146 Sic
960 1117 1044 1153 VII,
1065 1116 1129 1151 345
1142 1113 1300 1155 seminece

731 1172 815 1191 curae
830 1172 958 1202 zraeque.

780 1218 795 1244 7
804 1208 856 1237 85.
867 1209 914 1236 De
928 1210 1054 1238 Soracte
1067 1214 1175 1237 monte
1188 1205 1200 1247 (
1212 1208 1301 1237 Ellen-

731 1259 762 1282 te
775 1252 811 1281 di
826 1254 857 1282 S.
884 1252 1051 1292 Silvestre)
1078 1254 1143 1293 agri
1166 1253 1299 1288 Falisci,

732 1305 762 1327 et
782 1300 958 1337 Hirporum
979 1298 1124 1335 familiis,
1157 1308 1228 1338 quae
1256 1299 1300 1327 A-

730 1344 860 1384 pollinis
888 1354 974 1373 sacra
1000 1345 1033 1372 in
1061 1354 1099 1373 eo
1126 1343 1299 1379 curabant,

730 1400 826 1429 super
859 1389 1036 1419 ambustam
1067 1390 1147 1430 ligni
1183 1395 1301 1418 struem

731 1435 926 1465 ambulantes
941 1457 949 1471 ‚
983 1435 1046 1465 loc.
1085 1435 1173 1465 class.
1207 1434 1301 1465 Plinii

729 1481 786 1511 lib.
807 1483 891 1518 VII,
917 1491 934 1510 2
947 1503 955 1518 ,
980 1488 1012 1510 et
1036 1481 1164 1511 Salmas.
1185 1482 1299 1510 Exere.

731 1527 812 1557 Plin.
835 1538 867 1567 p.
892 1527 945 1566 59.
965 1526 1099 1557 Eosdem
1121 1528 1237 1566 Hirpos
1256 1533 1301 1556 at·-

730 1573 801 1614 tigit
815 1573 872 1603 lib.
888 1575 969 1610 VII,
987 1573 1069 1612 696,
1085 1573 1148 1613 Qui
1163 1572 1301 1602 Soractis

729 1618 848 1648 habene
859 1630 957 1649 arces.
973 1620 1117 1649 Imitator
1129 1619 1225 1656 hujus
1236 1618 1300 1647 loci

729 1665 822 1695 Silius
834 1665 891 1694 lib.
902 1667 943 1701 V,
964 1665 1026 1702 175
1043 1676 1111 1704 sqq.
1125 1667 1254 1695 Sacrum
1268 1663 1301 1692 id

729 1711 763 1739 in
777 1710 852 1740 luco
867 1711 1010 1740 Feroniae
1031 1709 1101 1739 fieri
1119 1711 1235 1750 legitur
1249 1719 1297 1748 ap.

729 1756 832 1786 strab.
852 1756 909 1785 lib.
925 1758 972 1792 V,
992 1766 1062 1796 pag.
1089 1755 1154 1790 364
1180 1756 1220 1784 Α.
1239 1756 1299 1783 Ρο-

730 1802 791 1829 tuit
804 1801 921 1830 scilicet
939 1801 1000 1829 sub
1023 1807 1130 1829 monte
1152 1802 1279 1830 Soracte
1291 1822 1298 1835 ‚

731 1845 876 1885 Apollini
899 1855 1002 1883 sacro,
1031 1846 1122 1875 lucus
1142 1845 1196 1875 ille
1222 1855 1297 1875 esse.

731 1890 827 1930 Quod
865 1897 967 1920 autem
1004 1891 1123 1931 Apollo
1162 1901 1301 1920 summus

731 1936 808 1965 deus
831 1936 1023 1976 appellatur,
1044 1937 1105 1967 alio
1126 1936 1222 1967 modo
1242 1935 1298 1974 fit,

731 1992 766 2011 ac
793 1982 818 2011 si
840 1984 968 2022 Jupiter
993 1989 1039 2012 est
1062 1993 1201 2012 summus
1225 1981 1300 2012 deo-

730 2040 798 2058 rum
803 2039 814 2063 ;
828 2036 874 2058 est
889 2029 1074 2069 simpliciter
1089 2039 1172 2058 uuus
1185 2039 1226 2060 ex
1239 2027 1299 2058 diis

731 2075 876 2111 summis,
897 2076 1028 2115 magnis,
1042 2091 1088 2098 —-
1104 2075 1180 2112 786.
1200 2074 1303 2105 Primi

731 2122 890 2162 praecipue
917 2121 1000 2150 inter
1034 2128 1154 2151 ceteros
1170 2143 1179 2159 ,
1213 2121 1300 2162 quod

732 2168 848 2209 vulg03
874 2167 1031 2208 inprimis.
1062 2168 1215 2199 Acervum
1241 2178 1300 2208 pro
