1414 2435
336 78 555 110 EXCURSUS
580 77 595 105 1
619 76 679 105 AD
705 76 869 106 LIBRUM
893 76 951 106 XI.
1190 78 1251 108 321

60 139 134 168 Not.
153 136 193 166 ad
207 137 395 178 Apollodor.
410 147 441 176 p.
465 146 527 175 129
542 134 647 176 sqq.),
665 144 737 164 cum
752 135 845 164 sociis
859 134 1068 164 Doriensibus
1080 157 1088 172 ,
1105 145 1187 175 quos
1203 137 1255 167 ad—

58 191 207 229 duxerat,
223 191 259 220 in
277 191 382 220 sinum
400 189 601 220 Adriaticum
621 196 764 226 evectus,
780 189 815 218 iu
830 190 1020 219 Daunorum
1039 188 1158 220 finibus
1177 202 1253 222 con-

57 246 159 283 sedit,
185 253 215 275 et
231 245 337 275 Dauni
353 245 434 286 regis
456 243 522 274 filia
541 245 575 274 in
595 245 834 274 matrimonium
850 243 943 274 ducta
956 244 1068 274 urbem
1086 246 1252 285 condidit,

57 301 109 330 cui
132 300 171 329 ab
191 300 286 339 Argis
313 299 543 340 Peloponnesi,
567 299 685 339 quibus
706 300 932 339 imperaverat,
959 305 990 328 et
1017 310 1154 340 quorum
1174 303 1253 332 anti-

57 363 157 394 quum
172 363 290 383 nomen
307 343 408 396 Ᾰργος
426 350 531 383 ἵππιον
549 352 609 382 fuit
623 375 632 390 ,
650 352 710 383 hoc
724 353 829 392 ipsum
843 362 960 382 nomen
977 354 1082 394 Argos
1100 353 1252 395 Hippiam

54 407 241 447 imposuisse
259 407 377 445 sertui-3
395 407 482 448 quod
506 415 615 448 postea
633 409 667 437 in
683 406 917 448 Argyrippum,
936 406 1126 448 tandemque
1144 410 1179 438 in
1192 410 1253 439 Ar-

53 472 110 501 pos
123 469 321 492 contractum
336 473 401 492 esse
415 463 513 493 aiunt.
528 464 605 492 Haec
620 469 667 492 est
684 461 850 491 Diomedis
865 461 934 490 urbs
949 461 1005 492 lib.
1021 463 1100 492 VIII
1111 485 1119 500 ,
1135 474 1153 503 9
1163 475 1171 501 ς
1183 465 1231 494 XI
1242 487 1251 501 ‚

57 516 139 553 226,
155 523 187 546 et
202 516 307 546 AEcoli
319 516 404 556 Arpi
425 516 481 546 h'b.
506 518 556 553 X,
579 516 620 546 28
633 539 641 554 ,
659 523 689 545 et
704 516 761 546 lib.
778 517 843 553 XI,
862 516 926 551 246
939 538 947 554 ,
969 522 1032 555 247
1061 517 1123 546 Ille
1145 517 1250 546 urbem

53 571 248 612 Argyripam
263 570 382 611 pacriae
404 570 594 612 cognomine
608 570 714 611 gentis
731 570 842 600 Victor
857 570 1005 612 Gargani
1027 571 1187 601 condebat
1199 573 1251 601 Ia·

47 623 142 665 pygis
156 624 248 654 arvis.
269 624 353 654 conf.
372 626 459 655 Serv.
479 624 518 654 ad
536 625 631 662 VIII,
649 635 690 664 93
710 624 837 655 Cluver.
853 624 922 654 Ital.
944 632 1008 656 ant.
1026 635 1058 665 p.
1080 626 1167 656 1215
1181 637 1250 666 sqq.

53 680 161 708 Postea
177 679 308 708 aliarum
321 689 450 719 quoque
465 679 596 708 urbium
612 678 788 719 primordia
805 679 844 708 ad
856 679 1045 709 Diomedem
1063 680 1172 710 referri
1189 691 1251 710 coe-

53 741 127 771 pere
143 741 150 761 :
168 739 205 762 ut
217 732 397 770 Brundisii,
414 732 497 772 apud
510 733 630 763 Justin.
642 734 717 769 XII,
736 742 754 761 2
768 755 776 770 ,
793 733 850 762 etsi
863 732 913 761 alii
929 732 1052 772 (strab.
1063 735 1126 770 VI,
1137 744 1168 773 p.
1186 735 1249 769 432

52 783 102 825 A)
117 785 319 815 Cretensibus
341 785 424 815 hanc
445 785 557 815 urbem
579 785 846 822 vindicant3tum
868 786 1041 815 Beneventi
1057 792 1088 816 et
1104 788 1251 827 AEquitu-

51 839 104 868 tici
122 847 130 868 :
147 840 234 870 Serv.
249 839 291 868 ad
309 841 380 869 AEu.
396 840 491 876 VIII,
508 849 540 879 9.
554 840 728 869 Venusiam
739 861 747 877 ,
769 839 961 876 Canusium,
978 840 1178 881 Garganum,
1197 841 1252 870 Be-

51 897 239 929 neventum,
256 891 433 922 Venafrum
448 891 533 921 idem
549 891 590 921 ad
607 894 672 930 XI,
685 892 750 928 246
767 900 938 930 memorat,
952 894 1124 934 Sipuntum
1139 893 1251 923 Strabo

50 945 111 982 VI,
133 955 164 985 p.
192 946 259 981 435
281 947 316 976 Β.
337 947 437 976 Fuere
466 947 559 975 etiam
579 945 648 975 :111ae
670 953 783 983 terrae,
803 956 879 986 quas
901 946 1011 976 adiisse
1036 953 1182 975 narratus
1205 953 1250 975 est

50 998 220 1028 Diomedes
237 1008 244 1028 :
263 1009 322 1029 nec
337 998 434 1028 modo
446 1000 482 1028 in
494 999 572 1028 locis
590 999 702 1028 vicinis
714 1021 722 1035 ,
736 1006 772 1028 ut
783 1000 920 1029 insulam
935 1002 1105 1041 Corcyram
1119 1000 1248 1041 (fragm.

50 1051 209 1082 Heraclid.
230 1052 269 1081 de
285 1053 365 1092 Rep.
386 1063 417 1092 p.
447 1050 527 1091 28),
548 1061 660 1080 verum
678 1052 712 1080 in
730 1052 863 1093 Libyam
884 1052 1040 1082 adductus
1059 1052 1119 1082 fuit
1135 1063 1150 1082 a
1165 1053 1250 1083 Juba

50 1105 243 1147 Libycorum
259 1107 307 1135 III
321 1105 502 1146 (Plutarch.
519 1105 661 1136 Parallcl.
677 1116 710 1146 p.
732 1106 770 1136 31
781 1116 794 1135 1
808 1106 873 1148 D).
890 1108 939 1136 De
959 1106 1123 1136 Diomedis
1145 1114 1247 1137 autem

50 1160 212 1190 erroribus
225 1161 356 1190 omnino
373 1159 522 1197 videndi3
538 1159 650 1191 Strabo
670 1161 735 1198 VI,
748 1170 818 1201 pag.
837 1161 901 1196 434
912 1183 921 1198 ‚
939 1160 1004 1196 435
1016 1182 1025 1199 ,
1044 1161 1130 1199 436;
1147 1163 1249 1202 Lym«

51 1215 155 1255 phron
169 1227 199 1245 v.
218 1215 398 1255 592—632
410 1237 419 1252 ‚
436 1221 467 1244 et
481 1225 521 1244 ex
537 1225 574 1245 eo
590 1214 695 1246 Schol.
712 1215 802 1246 Iliad.
821 1225 833 1245 ε
847 1237 856 1253 ,
876 1222 953 1252 421.

97 1270 253 1309 objacent
273 1270 360 1300 litori
380 1269 527 1311 Apuliae,
544 1276 654 1300 contra
670 1276 813 1300 montem
832 1270 1033 1312 Garganum,
1052 1273 1108 1313 qui
1124 1274 1158 1302 in
1173 1283 1246 1313 pro-

50 1325 246 1354 montorium
269 1323 310 1353 ad
333 1333 418 1353 mare
433 1323 611 1364 procurrit,
628 1323 740 1353 insulae
764 1334 900 1354 numero
925 1331 1006 1362 tres;
1027 1335 1126 1366 quum
1144 1331 1250 1355 tamen

49 1379 140 1407 tertia
156 1387 267 1407 saxosa
279 1379 332 1415 sit,
347 1377 419 1407 duae
432 1383 558 1408 tantum
573 1379 738 1408 numerari
750 1378 854 1407 solent
865 1389 872 1415 3
883 1389 1019 1419 quarum
1036 1389 1132 1408 uuam
1147 1385 1247 1408 vetus-

51 1439 96 1460 tas
118 1429 253 1460 insulam
281 1429 492 1459 Diomedeam
517 1430 686 1470 appellavit
705 1430 870 1470 (occurrit
885 1431 948 1468 jam
967 1430 1051 1471 apud
1072 1432 1249 1471 Scymnum

51 1485 165 1515 Chium
183 1495 214 1514 v.
234 1485 299 1520 430
311 1506 319 1521 ,
344 1485 407 1520 431
421 1506 429 1521 ‚
453 1485 529 1519 432.
551 1485 636 1514 Duas
652 1484 764 1515 Strabo
787 1492 961 1522 memorat,
978 1484 1106 1514 alteram
1128 1485 1247 1515 habita-

50 1547 112 1569 tam
122 1562 130 1577 ,
148 1538 275 1568 alteram
289 1537 442 1568 desertam
453 1561 462 1576 ,
477 1538 599 1569 ljb.·?V1
611 1561 619 1576 ‚
634 1549 666 1579 p.
692 1538 758 1574 435
773 1539 803 1568 Α
815 1537 826 1578 )
840 1550 849 1576 3
865 1549 954 1568 nunc
966 1539 1052 1568 Isola
1065 1538 1101 1568 di
1115 1539 1248 1568 Tremiti

49 1601 114 1631 est,
126 1604 143 1623 a
163 1600 254 1623 terrae
272 1593 432 1630 motibus,
450 1603 589 1633 quorum
607 1593 739 1633 vestigia
759 1592 857 1622 multa
882 1594 916 1622 in
947 1603 984 1623 eo
1005 1600 1187 1624 occurrunt.
1209 1595 1246 1624 In

49 1648 107 1677 hac
121 1647 291 1677 Diomedes
303 1647 470 1676 hominum
487 1648 674 1688 conspectui
686 1646 863 1677 subductus
877 1658 912 1676 ac
925 1658 985 1688 pro
998 1647 1059 1677 deo
1071 1648 1175 1678 cultus
1188 1649 1247 1678 fer-

51 1709 120 1738 tur,
137 1707 345 1730 monumento
358 1711 485 1740 quoque
503 1711 538 1730 ac
555 1701 692 1731 delubro
705 1701 745 1731 ad
757 1702 908 1731 seriorem
922 1708 1044 1731 aetatem
1059 1708 1221 1742 prestante
1234 1713 1242 1731 :

48 1755 193 1786 videatur
206 1754 287 1784 Plin.
303 1753 360 1783 lib.
378 1755 427 1783 111
443 1761 524 1785 extr.
542 1756 592 1791 X,
609 1760 651 1790 44
664 1778 672 1792 ‚
689 1767 713 1785 s.
737 1756 791 1785 61.
812 1758 900 1785 Inter
914 1754 990 1784 deos
1005 1762 1166 1794 receptum
1181 1756 1244 1793 jam

49 1808 203 1841 Pindarus
218 1808 405 1837 memoravit
419 1808 511 1837 Nem.
526 1808 576 1843 X,
592 1817 643 1837 12.
657 1809 766 1837 Socios
781 1814 886 1836 autem
896 1808 931 1836 in
944 1818 1016 1836 aves
1028 1813 1165 1836 mutatos
1177 1808 1244 1838 vul-

49 1870 119 1904 gata
133 1863 205 1893 satis
224 1861 329 1891 fabula
348 1860 420 1890 tulit
438 1870 445 1890 :
463 1860 581 1901 quibus
594 1859 670 1890 hinc
683 1861 786 1890 avium
808 1860 1057 1890 Dlomedearum
1073 1871 1200 1892 nomen.
1211 1873 1251 1895 v.,

47 1918 191 1958 inprimis
200 1915 294 1948 Ovid.
311 1917 390 1945 Met.
406 1916 504 1951 XIV,
523 1915 584 1952 457
603 1925 671 1955 sqq.
687 1921 719 1944 et
731 1922 839 1945 noster
852 1921 943 1955 poeta
957 1916 1005 1944 XI
1017 1937 1025 1952 ,
1039 1925 1078 1953 27
1089 1921 1241 1953 1—274:

50 1973 146 2002 Nunc
161 1971 256 2001 etiam
271 1969 415 2000 horribili
431 1968 504 1999 visu
514 1975 668 2009 portenta
682 1976 871 2010 sequuntur,
891 1971 935 1998 Ec
957 1968 1034 1998 socii
1055 1968 1167 1998 amissi
1183 1980 1242 2010 pe-

48 2026 164 2056 tierunt
175 2025 294 2056 aechera
301 2024 421 2066 pennis
431 2048 441 2062 ‚
458 2024 714 2065 Flmm’nibusque
727 2031 898 2065 vagantur
911 2034 1032 2054 aves....
1054 2032 1085 2054 ec
1100 2025 1243 2065 scopulos

47 2080 232 2119 lacrymosis
246 2081 376 2111 ‘vocibus
398 2079 539 2120 implent.
557 2081 673 2109 Ortum
697 2078 810 2109 fabulae
829 2078 950 2108 dedisse
972 2078 1097 2108 videtur
1120 2085 1243 2111 certum

48 2137 155 2166 avium
172 2146 270 2176 genus
281 2158 289 2173 ‚
309 2137 392 2166 circa
404 2135 471 2166 haec
494 2136 563 2166 loca
579 2135 663 2173 sola,
678 2141 713 2164 ut
727 2134 858 2171 volunt,
883 2134 941 2163 visi
957 2133 1085 2164 solitum
1096 2155 1105 2171 ,
1122 2132 1160 2163 de
1175 2143 1240 2173 quo

46 2189 136 2220 loeus
148 2188 235 2220 class.
254 2189 335 2221 Pliu.
351 2193 402 2227 X,
415 2195 457 2225 44
469 2212 478 2227 ,
498 2200 522 2220 s.
541 2190 580 2220 61
594 2212 602 2227 ,
620 2195 649 2219 et
664 2194 775 2219 auctor
795 2187 833 2218 de
850 2187 966 2218 Mirab.
985 2186 1132 2218 Ausculr.
1150 2197 1177 2217 c.
1197 2186 1240 2215 80
