1414 2435
160 70 224 106 374
530 67 565 96 P.
590 65 774 96 VIRGILII
797 67 994 98 MARONIS

156 129 233 163 Vos
253 137 276 160 ο
296 123 441 160 crudeli
460 124 625 161 fatorum
643 125 743 174 lege,
764 125 898 174 puellae

159 184 382 231 Dauliades,
402 185 574 231 crudele,
594 185 699 222 venit
717 185 911 222 carissima
931 186 1043 224 vobis
1309 206 1357 221 200

160 250 347 295 Cognatos
367 257 507 294 augens
525 257 633 294 reges
653 257 930 295 numerumque
949 260 1107 284 suorum

162 307 275 352 Ciris,
297 313 334 343 et
350 304 431 354 ipse
450 312 577 354 pater3
597 316 683 351 vos,
704 316 727 340 o
743 304 1002 354 pulcherrima
1020 307 1211 357 quondam

161 371 349 418 Corpora,
370 365 548 403 caeruleas
568 364 786 415 praevertite
805 365 845 401 in
864 366 1008 403 aethera
1027 368 1169 415 nubes,

161 434 248 476 Qua
265 441 387 464 novus
408 427 456 463 ad
472 438 654 476 superum
674 424 781 462 sedes
801 425 1018 473 Calcheius,
1038 436 1076 464 et
1092 441 1168 478 qua

159 489 331 529 Candida
348 498 544 525 concessos
564 486 769 523 adscendat
787 487 886 524 Ciris
903 486 1081 525 honores.
1314 501 1362 525 20⁵

212 555 372 599 Jamque
392 547 488 584 adeo
508 546 609 583 dulci
630 546 828 584 devinctus
847 546 993 584 lumina
1007 560 1142 586 somno

159 612 273 649 Nisus
292 615 391 653 erat3
410 605 646 655 vigilumque
664 606 800 654 procul
819 607 992 644 custodia
1012 609 1147 658 primis

160 668 350 708 Excubias
370 665 518 703 foribus
536 664 664 702 studio
675 664 846 714 jactabat
865 666 969 703 inani
986 681 995 703 τ

163 734 291 777 Quum
310 726 440 763 furtim
456 724 572 762 tacito
593 724 824 762 descendens
843 726 969 775 Scylla
985 726 1103 765 cubili

163 787 332 828 Auribus
352 784 514 822 adrectis
532 791 721 819 nocturna
739 784 888 822 silentia
908 794 1046 835 tentat;
1312 804 1364 821 -210

162 855 210 889 Et
230 847 367 899 pressis
384 855 537 882 tenuem
556 843 783 893 singultibus
803 857 892 881 aera
910 855 1049 894 captat.

163 915 260 949 Tum
280 919 459 957 suspensa
477 905 606 941 levans
627 903 753 953 digitis
772 904 932 955 vestigia
951 906 1083 955 primis

164 969 388 1021 Egreditur,
409 966 588 1014 ferroque
607 977 740 1001 manus
762 975 904 1002 armata
922 966 1069 1005 bidenti

166 1029 301 1068 Evolat
318 1041 325 1063 :
348 1033 385 1063 at
405 1025 539 1062 demtae
560 1023 687 1060 subita
705 1024 744 1060 in
763 1024 965 1062 formidine
984 1027 1096 1065 vires.

169 1089 355 1128 Caeruleas
375 1099 442 1124 sua
462 1085 563 1121 furta
581 1084 687 1133 prius
708 1092 867 1121 testatur
887 1086 934 1122 ad
952 1086 1130 1125 umbras:
1319 1100 1366 1123 ,ιε

166 1153 281 1194 Nam,
302 1161 378 1197 qua
397 1160 435 1184 se
455 1145 501 1183 ad
520 1145 686 1194 patrium
707 1144 885 1183 tendebat
903 1147 1038 1184 semita
1053 1148 1183 1194 limen,

167 1208 365 1246 Vestibulo
386 1208 424 1243 in
441 1205 597 1242 thalami
617 1205 773 1255 paulum
792 1216 1026 1255 remoratur3
1047 1216 1085 1246 et
1103 1210 1221 1247 altum

169 1268 335 1319 Suspicit
355 1266 401 1303 ad
421 1266 512 1303 culti
530 1265 702 1302 nutantia
721 1265 846 1303 sidera
865 1266 1017 1313 mundi,

167 1333 252 1367 Non
271 1328 429 1377 adccpta
451 1326 524 1376 piis
544 1326 768 1375 promittens
784 1339 942 1365 munera
963 1328 1070 1366 divis.

222 1392 346 1435 Quam
363 1386 474 1424 simul
491 1385 630 1435 Ogygii
649 1386 834 1424 Phoenicis
854 1387 930 1424 filia
948 1390 1081 1426 Carme
1322 1407 1370 1423 ,ιο

169 1453 334 1499 Surgere
351 1447 466 1485 sensit
487 1459 597 1490 anus,
618 1446 783 1483 sonitum
803 1460 890 1484 nam
910 1448 1051 1486 fecerat
1069 1449 1125 1486 illi

169 1513 387 1546 Marmorco
406 1514 543 1544 aeratus
560 1505 722 1543 stridens
741 1506 780 1542 in
800 1508 928 1544 limine
948 1508 1081 1555 cardo,

171 1568 343 1618 Conripit
363 1566 553 1616 extemplo
577 1566 710 1603 fessam
729 1566 911 1616 languore
934 1567 1098 1617 puellam
1117 1582 1125 1603 :

171 1647 186 1664 ι
206 1632 252 1667 Et
273 1629 400 1673 simul,
422 1640 444 1664 o
464 1626 574 1664 nobis
593 1640 741 1663 sacrum
761 1636 893 1677 caput,
915 1627 1056 1677 inquit,
1076 1627 1242 1666 alumna!

221 1783 298 1802 202.
314 1773 382 1801 Vos
394 1793 401 1807 ,
419 1770 591 1801 Philomela
607 1777 638 1800 et
652 1771 743 1800 Proc-
798 1769 952 1800 excubias
978 1769 1088 1811 agebat
1109 1779 1117 1801 :
1141 1769 1197 1800 sed
1226 1776 1369 1812 respectu

174 1829 213 1848 ue
230 1820 263 1848 iu
282 1829 355 1848 aves
372 1824 517 1853 mutatae,
533 1816 694 1854 advolate,
711 1818 743 1846 in
797 1816 927 1857 Scyllae,
947 1827 1018 1857 quae
1035 1827 1088 1847 eos
1101 1816 1220 1847 fefellit.

173 1875 342 1895 occursum
365 1856 562 1906 (prmiercite
587 1863 682 1893 nubes
711 1863 743 1893 ιἰι
847 1873 924 1894 212.
941 1863 1037 1894 ovid.
1060 1864 1141 1894 Fast.
1156 1864 1189 1899 1,
1208 1862 1274 1898 425
1293 1862 1368 1892 Sur·
1412 1857 1414 1869 “

174 1911 291 1941 affere
301 1910 325 1951 ),
345 1922 406 1951 qun
420 1921 523 1940 novus
537 1910 699 1940 haliaecms
715 1918 745 1940 ct
795 1909 845 1952 git
868 1920 1003 1944 amans,
1031 1909 1240 1949 animamque
1258 1915 1369 1939 tenens
1412 1926 1414 1931 ·

175 1960 247 1987 ciris
264 1959 296 1987 in
313 1969 385 1987 aves
405 1964 435 1987 ct
450 1958 510 1998 ipsi
533 1958 645 1987 mutati
669 1968 743 1987 ero·
799 1955 936 1997 vestigia
965 1955 1076 1990 urtim,
1095 1956 1250 1995 Suspenso
1259 1954 1370 1996 degitis
1412 1955 1414 1958 “

172 2004 294 2035 labunt.
790 2003 861 2044 sert
869 2002 1026 2032 taciturna
1037 2000 1153 2043 gradu.
1163 2003 1243 2031 Mox
1242 2001 1368 2042 sermm
1412 2004 1414 2011 ’

223 2051 288 2080 206
312 2061 380 2091 sqq.
405 2050 470 2090 Qui
495 2050 638 2090 sequitur
656 2049 746 2080 locus
799 2049 910 2079 bidens
924 2047 1064 2089 intellige
1083 2047 1235 2079 forficem.

177 2106 291 2137 niagno
309 2104 400 2137 poeta
425 2096 540 2138 diguus
565 2096 665 2127 videri
689 2107 745 2137 po·
848 2095 925 2126 223.
951 2093 1085 2134 Corripit
1106 2095 1217 2125 Carme
1234 2104 1318 2131 eam,
1334 2101 1369 2124 ut
1412 2111 1414 2115 ι

176 2148 244 2171 test.
799 2142 949 2172 sustineat
959 2140 1372 2181 lnpsurmn.Ceterumcom-

225 2189 300 2218 anst.
332 2188 440 2219 Studio
463 2189 610 2230 jactabat
632 2189 743 2225 immi,
800 2188 903 2230 parari
926 2198 998 2218 cum
1021 2199 1108 2229 seqq.
1133 2194 1237 2230 potest
1261 2185 1370 2219 Ovidii
