1414 2435
119 111 130 129 z
143 110 154 129 1
162 110 180 129 2
618 98 811 130 AENEIDOS

113 156 381 204 Victoremque
402 154 524 192 ferant
541 154 741 192 morientia
759 155 902 193 lumina
920 157 1052 193 Turni.
1075 173 1089 189 u

115 214 247 252 Audiit
265 213 416 251 Alcides
430 214 628 264 juvenem,
649 227 902 266 magnumque
918 215 989 253 sub
1009 216 1086 252 imo

115 274 238 311 Corde
257 273 395 323 premit
412 274 612 324 gemitum,
632 274 881 326 lacrimasque
900 275 1036 314 effudit
1053 275 1193 314 inanes.

1259 284 1308 313 46⁵

113 336 209 370 Tum
227 333 377 383 genitor
392 343 523 371 natum
541 334 650 370 dictis
670 334 821 372 adfatur
840 335 968 372 amicis
989 350 998 372 ε

113 414 128 428 «
150 397 232 432 Stat
251 407 318 432 sua
338 395 476 444 cuique
494 394 592 441 dies;
614 393 732 431 breve
750 404 787 432 et
806 394 1061 445 inreparabile
1080 404 1229 446 tempus

112 455 299 492 Omnibus
319 463 374 492 est
392 454 499 501 vitae;
517 454 583 491 sed
600 455 738 491 famam
757 455 961 492 extendere
979 455 1105 503 factis,

110 519 193 554 Hoc
213 515 364 552 virtutis
383 527 490 564 opus.
509 515 632 565 Trojae
652 514 724 551 sub
743 514 931 552 moenibus
949 516 1032 553 altis

111 579 183 613 Tot
202 576 305 626 gnati
322 575 493 612 cecidere
513 574 644 620 deum3
665 575 758 624 quin
777 575 915 612 occidit
934 589 1011 613 una
1259 588 1308 617 ἀπ’»
1326 612 1332 619 ,

112 635 328 686 Sarpedon,
349 647 432 672 mea
450 635 650 685 progenies
671 648 678 669 :
701 634 815 670 etiam
833 647 901 671 sua
920 637 1091 671 Turnum

111 699 201 732 Fata
220 702 377 740 vocant,
397 702 592 743 metasque
614 693 693 730 dati
712 694 886 743 pervenit
906 693 954 730 ad
973 695 1055 731 aevi.
1075 711 1089 726 »

114 754 176 792 Sic
196 754 267 802 ait,
288 762 401 803 atque
421 753 551 790 oculos
571 753 802 790 Rutulorum
822 753 944 803 rejicit
964 754 1075 791 arvis.

113 940 156 946 —-
174 922 250 958 465.
267 920 418 964 Effimdit
434 919 578 962 plerique
598 920 679 951 Pier.

111 977 143 999 et
156 970 279 1005 Heius„
293 975 324 998 et
332 969 399 1008 ipse
412 967 529 997 Medic.
541 977 575 996 ac
585 969 680 998 Rom.

111 1017 231 1046 Totum
260 1012 496 1044 hemistichium
519 1013 558 1043 ab
581 1013 681 1042 aliena

112 1071 209 1091 manu
239 1060 361 1090 venisse
387 1059 524 1089 arbitror
548 1068 556 1089 :
580 1069 681 1099 quum

112 1114 144 1136 et
170 1108 309 1137 otiosum
337 1107 395 1142 sit,
426 1112 457 1135 et
487 1115 564 1135 vero
589 1106 682 1134 etiam

112 1153 280 1183 molestum
295 1162 303 1183 :
319 1152 376 1192 qui
394 1151 472 1181 deus
496 1151 592 1181 corde
616 1162 684 1191 pre-

112 1200 172 1229 mit
187 1199 341 1240 gemitum
354 1220 362 1235 ,
377 1204 413 1227 ut
428 1196 512 1226 idem
527 1196 580 1226 ille
594 1197 685 1226 lacri-

114 1255 178 1274 mas
210 1243 341 1281 fundat,
366 1242 539 1273 absurdum
566 1249 612 1272 est
623 1265 631 1279 ,
658 1244 685 1273 si

113 1290 193 1331 quid
212 1289 316 1320 video.
331 1306 378 1312 ——
398 1289 464 1324 465
487 1299 554 1328 sqq.
573 1289 684 1318 Varia-

113 1337 160 1366 vit
179 1343 209 1366 et
228 1336 354 1366 ornavit
375 1336 468 1365 Maro
488 1344 543 1370 ea,
559 1344 630 1375 quae
649 1335 684 1364 in

113 1381 304 1423 Sarpedonis
319 1388 421 1411 morte
437 1382 595 1411 Homerus
608 1390 686 1421 prae-

115 1428 198 1458 clare
210 1434 439 1458 memoraverat
453 1426 543 1457 Iliad.
558 1437 600 1464 π,
618 1428 681 1462 431

114 1475 228 1512 —462
240 1498 248 1510 ,
271 1481 302 1504 et
325 1475 359 1504 in
378 1475 516 1504 Hectore
535 1473 626 1503 Iliad.
643 1484 684 1512 χ,

119 1522 181 1550 168
198 1531 266 1560 sqq.
278 1521 369 1550 Alios
385 1521 558 1549 imitatores
570 1520 685 1559 passim

114 1569 208 1597 Maro
222 1566 346 1596 habuit.
363 1567 472 1596 Unum
488 1564 595 1594 laudat
609 1566 686 1594 Bur-

114 1623 222 1642 mann.
235 1612 380 1642 Flaccum
393 1611 449 1641 lib.
462 1612 521 1647 lv,
541 1622 553 1640 1
565 1617 602 1646 ῐ4
617 1621 685 1651 sqq.

116 1677 162 1682 —
181 1659 258 1696 467.
280 1659 368 1693 Scae,
397 1664 461 1695 est,
488 1667 546 1686 sua
574 1656 687 1697 cuique

114 1706 201 1740 dies,
235 1703 270 1734 τὸ
300 1702 447 1747 μόρσιμεν
479 1699 563 1746 ἦμαρ
599 1703 684 1743 apud

114 1754 302 1782 Homerum.
324 1751 482 1781 Sententia
503 1756 607 1779 autem
624 1760 685 1780 vss.

116 1799 179 1836 467
194 1821 203 1835 ,
225 1797 290 1833 468
303 1819 311 1834 ,
331 1798 395 1837 469
419 1807 460 1826 ex
479 1798 620 1826 Homero
640 1797 687 1826 iu-

114 1845 233 1874 haererc
250 1843 360 1873 debuit
378 1850 480 1884 poetae
497 1843 603 1872 animo
622 1842 684 1874 Od.

115 1903 152 1927 τ,
172 1891 236 1920 328
253 1908 299 1913 ——
314 1891 378 1925 334
393 1912 401 1926 ‚
421 1889 475 1919 sed
495 1889 597 1919 multo
619 1899 686 1919 sua-

79 1935 86 1938 *
115 1939 186 1966 vius
206 1947 240 1967 ea
259 1936 379 1966 reddita
402 1936 507 1966 verbis
531 1937 686 1965 numeris·

115 1994 187 2023 quc.
203 1985 286 2012 Tum
303 1983 399 2023 petita
417 1989 462 2011 est
476 1983 630 2011 sententia
647 1993 687 2012 ex

115 2030 229 2058 intimo
247 2030 342 2058 animi
362 2027 495 2058 humaui
513 2038 607 2058 seusu
625 2037 633 2058 :
653 2029 686 2057 in

117 2081 199 2104 tanta
230 2075 302 2103 vitae
330 2075 482 2103 brt-vitate
506 2074 554 2103 sui
578 2074 686 2103 saltem

116 2121 296 2149 memoriam
314 2127 384 2159 post
399 2127 531 2149 mortem
549 2120 688 2161 aliquan·

115 2166 170 2195 diu
202 2177 363 2205 supere-sse
391 2167 573 2195 mortalium
605 2166 687 2205 qnis-

116 2223 177 2253 que
208 2218 336 2252 exoptat
365 2212 448 2240 intr-r
479 2222 552 2241 snos
564 2234 571 2246 ,
604 2212 687 2241 inu-r

737 921 873 959 amicos,
900 922 985 952 inter
1009 921 1196 962 populare53
1220 922 1307 953 factis

735 975 840 997 autem
877 968 1034 1008 praeclaris
1066 978 1100 998 ac
1132 968 1308 999 virtutibus

736 1015 994 1054 generosissimus
1012 1015 1146 1054 quisque
1167 1021 1198 1045 et
1214 1015 1307 1045 latius

736 1060 934 1101 ampliusque
950 1067 981 1090 et
1004 1059 1123 1089 diutius
1141 1067 1172 1090 et
1189 1061 1225 1089 in
1238 1071 1306 1101 per-

735 1113 885 1146 petuum,
911 1106 995 1136 idem
1026 1107 1179 1146 consequi
1207 1108 1304 1147 cupit.

737 1152 950 1192 Irreparabile
963 1152 996 1182 h.
1007 1152 1028 1181 l.
1039 1151 1128 1192 quod
1141 1155 1306 1190 renovari,

736 1198 861 1234 iterari,
878 1199 1000 1237 nequit.
1024 1215 1064 1220 -
1081 1198 1146 1238 469
1162 1209 1230 1239 sqq.
1247 1200 1308 1230 Co-

738 1243 788 1273 lor
803 1254 843 1273 ex
859 1245 954 1273 Hom.
971 1245 1006 1273 in
1019 1245 1184 1274 sententiis
1199 1245 1307 1285 paullo

737 1289 868 1319 diversis
892 1289 954 1320 od.
981 1301 1024 1333 γ,
1052 1290 1114 1320 108
1134 1301 1221 1331 seqq.
1241 1293 1308 1322 Alii

738 1342 923 1376 comparant
946 1346 987 1365 ex
1006 1336 1043 1366 11.
1062 1346 1099 1373 σ,
1122 1346 1182 1375 117
1196 1359 1204 1374 ‚
1224 1339 1307 1375 118,

743 1393 756 1412 1
768 1381 968 1422 x9‚Achillis
984 1381 1091 1413 verba.
1107 1399 1154 1406 —
1171 1389 1210 1420 47
1221 1393 1248 1414 1.
1266 1385 1308 1415 Ec

733 1428 805 1470 jam
821 1429 930 1458 Heius.
947 1429 1071 1458 invexit
1092 1439 1110 1459 e
1130 1429 1262 1460 Mentel.
1278 1437 1309 1460 et

739 1475 807 1504 aliis
838 1473 1034 1505 melioribus.
1057 1475 1118 1506 Sed
1145 1475 1179 1504 in
1203 1475 1253 1504 his
1278 1482 1309 1506 et

739 1519 895 1551 similibus
915 1519 1063 1549 codicum
1085 1522 1142 1550 vix
1163 1520 1228 1550 ulla
1244 1531 1308 1551 esse

739 1572 844 1607 potest
860 1566 1030 1595 auctoritas
1045 1574 1053 1595 :
1079 1572 1110 1595 et
1126 1566 1228 1597 multo
1250 1577 1309 1597 ma-

740 1613 786 1653 gis
803 1618 1051 1641 consentancum
1064 1614 1309 1653 argumentatio-

739 1659 774 1688 ni
796 1668 803 1688 :
833 1658 929 1688 ceiam
954 1659 1104 1688 Turnum.
1133 1659 1311 1690 Intercessit

740 1715 869 1746 quoque
901 1705 1037 1744 spatium
1071 1705 1201 1745 aliquod
1228 1706 1311 1736 iuter

740 1752 842 1782 Turni
855 1760 963 1780 necem
977 1757 1008 1780 et
1022 1761 1160 1791 praeseus
1176 1758 1311 1792 tempus.

741 1798 869 1828 Servius
888 1807 896 1828 :
921 1797 1034 1833 multi,
1056 1798 1118 1834 ait,
1143 1797 1241 1827 etiam
1270 1798 1312 1828 le-

741 1850 840 1884 gunt,
866 1850 903 1873 ut
921 1843 961 1872 sit
980 1853 1062 1874 ecce.
1080 1860 1128 1866 —
1148 1844 1225 1881 473.
1255 1845 1312 1873 Re-

736 1889 808 1930 sicit
821 1890 911 1929 quasi
924 1896 1010 1919 retro
1025 1890 1120 1928 jacit3
1133 1887 1228 1919 πάλιν
1244 1890 1309 1932 τρέ-

739 1945 796 1966 πεν
826 1934 895 1966 ὄσσε
919 1933 1056 1976 φαεινὼ,
1077 1945 1136 1976 pro
1158 1935 1281 1976 vulgari
1300 1947 1307 1967 ε

741 1987 929 2021 retorquet,
948 1981 1079 2018 avertit3
1108 1988 1268 2022 tamqnam
1292 1994 1309 2013 a

740 2026 922 2067 spectaculo
939 2027 1064 2065 ingrato
1075 2049 1083 2063 ‚
1100 2027 1187 2067 quod
1209 2029 1309 2069 impe-

741 2072 808 2102 dire
825 2083 883 2102 nec.
899 2072 968 2101 vult
978 2094 987 2108 ‚
1001 2082 1059 2103 nec
1071 2079 1186 2114 potest,
1201 2075 1310 2105 Gram-

740 2120 925 2149 maticorum
940 2120 1070 2159 argutia
1082 2129 1178 2160 super
1192 2131 1310 2158 caussa,

741 2175 799 2195 cur
815 2165 860 2194 dii
877 2164 1002 2194 vultum
1019 2172 1161 2195 avertant
1173 2189 1181 2202 ‚
1198 2167 1310 2198 alienae

741 2218 826 2241 nunt.
848 2210 907 2241 tuf.
932 2213 1002 2241 AEu.
1030 2213 1111 2249 xli,
1139 2213 1195 2243 151
1223 2214 1311 2245 Juno
