1414 2435
208 93 265 146 P.
311 89 667 145 VIRGILII
717 90 1083 145 MARONIS

431 237 861 330 CULEX

332 433 437 485 AD
494 432 955 487 OCTAVIUM.

47 590 121 602 §xv-m.
125 592 162 602 ππ
166 591 200 602 ιὶ
206 592 781 606 ιιννινιΜιΜΜΜνυ-ιἉΑ-Μι
785 595 1004 606 ”vv-‚mm
1008 594 1184 605 vnn-“stv-
1188 595 1222 604 νι
1226 595 1245 605 ν

421 708 877 744 ARGUMENTUM.

96 825 221 853 PAsToR
242 833 367 864 gregem
386 832 478 851 mane
496 822 531 851 in
551 832 665 863 pascua
689 822 840 853 eductum
863 822 923 853 sub
940 823 1082 853 medium
1106 822 1190 852 diem
1209 822 1247 852 ad

49 877 169 907 fontem
182 878 217 907 in
237 887 312 918 agro
324 875 478 906 Thebano
497 876 555 905 sub
573 875 753 907 Cithaerone
776 876 883 918 (conf.
901 876 940 906 ad
957 888 987 908 v,
1011 876 1098 918 108)
1114 887 1246 918 compu-

49 932 146 968 lerat,
160 932 217 971 qui
234 937 299 961 erat
319 932 354 961 in
369 930 449 961 valle
470 930 584 960 silvosa
603 940 611 961 ε
631 931 698 971 ipse
718 933 810 970 juxta
835 931 955 961 fontem
971 931 1122 961 recubuit
1140 937 1171 960 et
1187 930 1247 961 ob-

49 984 258 1014 dormivit—
285 985 356 1015 160.
376 986 457 1014 Ecce
478 994 610 1025 magnus
625 995 772 1024 serpens,
795 995 835 1014 ex
852 985 1034 1025 hydrornm
1058 994 1188 1025 genere,
1213 985 1248 1013 in

48 1037 223 1078 locis,quae
238 1039 322 1067 circa
338 1038 459 1067 fontem
477 1044 567 1067 erant
577 1059 586 1073 ‚
602 1037 764 1077 paludosis
775 1060 784 1074 ‚
801 1044 912 1067 aestum
929 1037 1033 1067 levare
1046 1037 1174 1073 solitus,
1190 1035 1246 1065 ad.-

51 1090 206 1129 volvitur,
229 1098 260 1121 et
281 1092 401 1132 pastori
422 1092 521 1121 iratus
542 1091 686 1121 imminet
709 1109 756 1114 —
774 1092 857 1128 1803
881 1102 980 1131 quum
1002 1091 1083 1121 forte
1100 1091 1247 1126 fortuna,

49 1145 166 1176 Culicis
184 1145 292 1174 aculeo
310 1146 344 1174 in
361 1144 445 1174 oculi
459 1144 575 1186 angulo
593 1142 710 1182 infixo,
730 1144 972 1185 expergefactus
988 1155 1028 1174 ex
1044 1155 1158 1175 somno
1176 1154 1246 1185 pas-

46 1207 98 1229 tor
112 1209 208 1228 mauu
224 1198 265 1228 ad
276 1199 394 1228 vulnus
409 1198 510 1229 delata
527 1199 677 1229 miserum
694 1199 837 1230 Culicem
853 1200 963 1228 attritu
978 1200 1154 1236 interimit,
1166 1199 1247 1240 vigi-

47 1253 188 1283 lantibus
203 1258 307 1283 autem
320 1253 418 1284 oculis
431 1254 628 1294 prospiciens
642 1260 821 1294 serpentem
833 1253 895 1282 sibi
911 1253 1084 1283 minantem
1101 1253 1248 1293 adspicit.

49 1308 160 1347 Itaque
179 1307 301 1344 exsilit,
315 1314 346 1337 et
363 1314 489 1348 arrepto
505 1314 620 1337 trunco
637 1313 814 1348 serpentem
832 1306 973 1336 trucidat
988 1324 1034 1330 —
1050 1317 1126 1337 200.
1146 1307 1250 1336 Nocte

49 1366 199 1400 sequente
212 1359 330 1390 Culicis
345 1360 458 1389 umbra
479 1361 597 1401 pastori
619 1371 651 1390 se
672 1371 728 1401 per
750 1370 898 1390 somnum
916 1359 1025 1397 offert,
1049 1360 1249 1400 graviterque

48 1423 122 1442 cum
145 1423 184 1442 eo
207 1412 402 1453 expostulat,
419 1413 506 1453 quod
521 1424 570 1450 se,
587 1415 643 1453 qui
666 1415 695 1443 ei
719 1414 828 1443 salutis
852 1419 965 1442 auctor
990 1412 1118 1448 fuisset,
1135 1422 1247 1441 manus

50 1466 169 1497 afflictu
189 1467 254 1496 vita
278 1467 431 1507 privasset
450 1484 496 1490 -
518 1468 595 1497 230.
614 1469 698 1497 Tum
721 1467 854 1507 exponit
873 1477 993 1496 errores
1011 1477 1083 1496 suos
1104 1477 1161 1507 per
1177 1466 1247 1496 loca

48 1521 163 1557 infera,
178 1520 252 1550 sede
267 1527 352 1550 certa
372 1519 518 1551 nondum
535 1522 688 1563 qssignata
703 1536 750 1543 ———
770 1520 847 1550 383.
872 1522 980 1550 Pastor
999 1519 1097 1550 altero
1124 1520 1193 1556 die,
1211 1527 1248 1549 ut

49 1573 153 1604 Culici
168 1571 312 1603 officium
326 1573 536 1614 persolveret,
555 1574 716 1603 tumulum
729 1573 757 1602 ei
771 1574 907 1602 exstruit
921 1573 1015 1604 variis
1031 1573 1164 1604 floribus
1180 1573 1246 1602 fru-

50 1627 228 1666 ticibusque
247 1629 406 1657 consitum
418 1651 426 1664 ,
443 1635 475 1658 et
487 1626 582 1658 titulo
601 1634 750 1658 ornatum
762 1645 809 1651 —-
825 1627 864 1658 ad
879 1626 988 1658 finem.

100 1842 288 1886 Lusnms,
309 1839 463 1883 Octavi,
486 1838 617 1887 gracili
636 1838 853 1875 modulante
871 1837 1024 1884 Thalia3

49 1902 192 1948 Atque,
212 1906 255 1934 ut
273 1897 458 1942 araneoli,
478 1906 629 1933 tenuem
649 1896 892 1934 formavimus
911 1909 1051 1934 orsum.

51 1958 224 1995 Lusimus
242 1973 250 1995 :
270 1959 350 1995 haec
371 1965 528 2007 propter
547 1957 687 1995 Culicis
706 1957 780 1994 sint
799 1957 966 1994 carmina
985 1957 1095 1994 dicta.

106 2091 132 2110 t.
157 2081 279 2112 Gracili
298 2081 414 2112 Thalia
429 2092 524 2123 prava
546 2082 615 2111 imi-
670 2083 713 2112 At
736 2083 951 2122 comparatio,
974 2081 1013 2111 ab
1039 2091 1159 2112 araueae
1179 2089 1244 2113 tex-

53 2127 170 2156 tatione
187 2127 307 2158 dictum
321 2139 362 2158 ex
376 2129 431 2159 illo
447 2128 614 2169 Eclogael,
670 2135 772 2158 turam
799 2128 950 2159 ordientis
981 2134 1097 2159 conatu
1125 2130 1219 2169 petita
1234 2152 1242 2166 ‚

50 2171 166 2212 gracili
196 2184 314 2209 avena,
345 2174 435 2205 tenm'
465 2174 614 2205 carmine.
671 2176 784 2206 suavis.
