1414 2435
233 82 298 134 P.
341 77 741 135 VIRGILII
781 74 1190 133 MARONIS

424 250 991 338 AENEIDOS

234 463 503 530 LIBER
538 462 1171 531 DUODECIMUS.

100 642 158 653 ww
162 643 1249 655 mmxumsmmmmmwkummsmmmmwv
1253 643 1311 654 us«

478 768 936 805 ARGUMENTUM.

150 893 330 931 Arrmns,
349 892 477 923 duobus
499 890 639 923 adversis
664 893 797 934 praeliis,
814 892 1001 922 Latinorum
1020 891 1159 929 viribus,
1181 892 1308 921 animis-

104 959 166 988 que
180 959 291 979 eorum
313 948 437 986 fractis,
457 949 602 985 Turnus,
625 948 684 977 ubi
702 958 830 978 omnem
846 957 934 987 spem
949 957 1036 976 suam
1051 947 1086 976 in
1105 956 1136 975 se
1156 946 1245 975 sitam
1262 946 1308 974 vi-

105 1001 178 1040 det,
195 1003 312 1033 frustra
333 1002 536 1033 dissuadente
557 1003 689 1040 Latino,
709 1003 879 1044 reginaque
898 1001 1008 1031 multis
1030 1011 1103 1031 eum
1128 1009 1202 1030 cum
1218 999 1310 1029 lacri-

104 1057 164 1086 mis
176 1058 392 1097 nequicquam
408 1059 566 1087 retinente
577 1080 585 1094 ‚
600 1057 753 1098 singulari
767 1057 938 1086 certamine
953 1066 1027 1085 cum
1042 1058 1139 1086 AEnea
1158 1053 1310 1084 dimicare

105 1112 232 1148 statuit3
257 1111 388 1151 ejusque
412 1113 459 1141 rei
478 1113 607 1141 AEneam
629 1121 686 1151 per
711 1110 880 1151 quemdam
902 1121 942 1140 ex
964 1111 1044 1147 suis,
1063 1109 1230 1140 Idmonem
1249 1119 1307 1138 no-

104 1166 190 1195 mine
201 1188 208 1202 ‚
226 1165 300 1195 facit
316 1167 484 1196 certiorem
498 1183 545 1190 --
563 1166 638 1196 106.
652 1167 779 1207 Accipit
797 1165 1016 1196 conditionem
1039 1167 1168 1202 AEneas,
1191 1163 1307 1194 sollen-

104 1219 202 1259 m'que
217 1221 380 1262 utrimque
395 1228 592 1251 sacramento
605 1220 708 1251 foedus
727 1221 868 1250 sancitur
882 1237 930 1244 -—
946 1231 963 1250 2
974 1220 1023 1250 15.
1040 1219 1077 1249 Id
1094 1221 1112 1250 J
1116 1219 1232 1250 unonis
1247 1218 1307 1247 im-

105 1272 201 1313 pulsu
230 1275 353 1310 134—
375 1276 438 1305 160
462 1285 478 1305 a
497 1277 637 1306 Juturna
662 1275 829 1317 Nympha,
856 1275 961 1304 Turni
988 1284 1114 1311 sorore,
1138 1275 1174 1304 in
1200 1272 1308 1302 falsam

105 1327 258 1358 Camertis
276 1330 447 1371 imaginem
462 1340 632 1368 conversa,
653 1330 862 1371 perturbatur
876 1346 923 1351 —-
941 1330 1005 1364 243
1018 1340 1026 1366 3
1041 1330 1226 1369 pn'musque
1240 1336 1308 1356 om-

105 1381 197 1412 nium
213 1385 404 1415 Tolumnius
420 1395 538 1427 augur,
559 1385 637 1415 falso
659 1386 794 1427 augurio
819 1391 936 1414 certam
957 1385 1021 1413 suis
1040 1384 1208 1414 victoriam
1232 1392 1307 1423 pro-

105 1436 252 1475 mittens,
267 1449 370 1468 unum
386 1450 426 1469 ex
443 1439 577 1481 Gylippi
593 1438 667 1469 filiis
682 1439 770 1469 hasta
785 1439 901 1477 trajicit
919 1456 966 1461 ——
985 1438 1062 1476 276.
1083 1439 1158 1478 Quo
1174 1436 1259 1466 facto
1273 1435 1308 1464 iu

104 1492 290 1523 conflictum
315 1504 481 1524 armorum
504 1502 638 1535 utraque
662 1505 734 1535 pars
759 1495 826 1524 ruit
850 1511 895 1516 —-
925 1495 1003 1524 310.
1029 1495 1141 1523 AEneas
1160 1501 1307 1532 quoque,

100 1546 178 1577 dum
197 1548 297 1579 subiti
319 1549 480 1579 tumultus
505 1559 646 1580 caussam
670 1551 820 1590 ignoraus
836 1560 911 1579 suos
927 1559 1079 1579 revocare
1098 1553 1251 1584 conatur,
1268 1545 1308 1575 ab

101 1603 224 1632 incerto
243 1610 373 1634 auctore
389 1605 500 1646 sagitta
518 1604 722 1642 vulneratus,
736 1603 847 1644 praelio
861 1603 1015 1633 excedere
1031 1604 1158 1644 cogitur
1172 1619 1219 1626 *-
1231 1602 1307 1631 323.

101 1655 172 1694 Qua
187 1666 221 1685 re
244 1657 404 1687 intellecta
423 1660 570 1696 Turnus,
595 1668 742 1700 maguam
761 1657 822 1688 sibi
842 1659 888 1688 rei
904 1658 986 1687 bene
1005 1657 1151 1699 gerendae
1170 1656 1308 1686 occasio-

102 1717 175 1738 nem
193 1709 334 1740 oblatam
349 1718 453 1749 ratus,
468 1713 631 1753 ingentem
645 1713 787 1743 hostium
801 1719 936 1754 stragem
951 1712 1072 1742 edit—
1083 1712 1160 1742 383.
1176 1711 1309 1741 Interim

101 1765 215 1793 Venus
223 1753 401 1805 :decerpto
420 1775 461 1794 ex
479 1765 536 1795 Ida
553 1767 696 1797 Cretensi
716 1767 879 1796 dictamno
897 1766 1013 1803 herba,
1030 1766 1098 1796 filio
1122 1776 1181 1795 suo
1205 1764 1310 1794 mede-

103 1825 157 1848 tur
168 1836 216 1840 —
230 1824 307 1859 429.
324 1819 461 1850 Refectis
481 1819 606 1849 viribus
622 1822 751 1857 AEneas,
769 1821 946 1850 Ascanium
959 1820 1068 1860 paucis
1087 1829 1145 1848 suo
1161 1818 1310 1859 exemplo

103 1872 142 1902 ad
158 1873 311 1903 virtutem
326 1873 529 1910 cohortatus,
547 1873 613 1902 suis
629 1873 750 1903 auxilio
767 1875 923 1910 occurrit,
943 1875 1155 1914 Turnumque
1167 1874 1314 1903 nomina-

103 1929 162 1958 tim
183 1928 221 1958 ad
236 1939 378 1969 pugnam
395 1928 540 1969 deposcit
553 1945 598 1950 ——-
618 1928 695 1964 445.
712 1929 835 1957 Verum
851 1939 953 1968 quum
975 1930 1105 1958 Turnus
1120 1928 1170 1956 sni
1186 1929 1311 1969 copiam

104 1993 171 2014 non
186 1983 321 2022 faceret3
342 1985 482 2014 Juturna
502 1985 604 2021 enim,
622 1993 711 2024 quae,
732 1993 869 2013 excusso
884 1984 1021 2013 Metisco
1038 1983 1162 2024 auriga,
1180 1987 1311 2012 currum

105 2037 172 2075 ejus
187 2036 430 2076 moderabatur,
445 2039 481 2068 in
497 2038 652 2068 diversam
676 2047 800 2077 semper
814 2043 935 2077 partem
960 2036 1098 2066 habenas
1121 2035 1292 2067 deflectens
1302 2054 1311 2070 5

106 2090 256 2131 congredi
269 2102 322 2122 eos
336 2103 404 2123 non
417 2093 598 2133 patiebatur
612 2109 658 2115 —-
676 2091 740 2127 485
752 2114 759 2128 ,
780 2090 865 2120 caede
879 2091 1056 2121 multorum
1070 2090 1151 2120 facta
1162 2107 1209 2113 —-
1227 2090 1291 2121 553
1303 2111 1311 2125 ‚

107 2146 328 2186 oppugnandae
343 2147 434 2177 urbis
449 2148 622 2178 consilium
637 2147 737 2188 capit,
757 2146 947 2187 admotoque
964 2146 1003 2176 ad
1019 2146 1134 2176 moenia
1151 2147 1310 2180 exercitu,

113 2198 147 2226 in
162 2201 398 2240 propugnacula
420 2202 630 2243 proximaque
655 2199 789 2232 aedificia
812 2201 918 2242 ignem
942 2200 1071 2239 conjicit
1094 2216 1140 2222 --
1164 2200 1241 2239 592.
1262 2199 1311 2228 Ibi
