1414 2435
174 88 238 125 273

676 79 874 110 AENEIDOS

171 143 335 182 Palantis
353 139 526 190 sequitur
544 149 707 190 paucos,
721 137 800 188 jam
819 136 993 188 segnior,
1011 145 1125 187 atque

1328 146 1378 172 615

172 211 192 245 J
195 220 255 244 am
276 205 400 243 minus
420 212 535 253 atque
553 201 678 239 minus
696 212 874 238 successu
888 201 998 237 laetus
1015 210 1215 249 equorum.

172 266 319 305 Adtulit
337 265 440 302 hunc
459 263 515 301 illi
533 262 642 300 caecis
661 260 877 298 terroribus
896 273 990 297 aura

171 327 414 365 Conmixtum
434 323 658 369 clamorem,
679 321 927 371 adrectasque
943 319 1095 370 impulit
1115 320 1218 356 auris

172 387 347 424 Confusae
366 397 481 423 sonus
499 383 608 421 urbis
624 391 662 420 et
676 381 881 416 inlaetabile
897 391 1084 415 murmur.

172 467 185 482 «
207 449 281 486 Hei
300 448 411 484 mihi!
429 445 522 493 quid
543 448 648 477 tanto
667 438 874 476 turbantur
892 439 1031 476 moenia
1047 440 1181 477 luctu?

1325 450 1375 474 620

170 509 313 555 Quisve
331 506 410 543 ruit
428 511 556 541 tantus
575 501 727 538 diversa
745 500 889 537 clamor
908 498 958 536 ab
976 498 1098 536 urbe?
1114 515 1131 533 2»

170 569 231 606 Sic
248 568 318 614 ait,
340 565 590 613 adductisque
611 574 740 599 amens
759 560 932 598 subsistit
950 560 1111 599 habenis
1127 576 1136 598 :

170 633 294 678 Atque
313 626 423 672 huic,
444 625 483 661 in
501 623 637 661 faciem
655 634 766 660 soror
785 630 829 659 ut
847 635 1033 660 conversa
1051 621 1203 659 Metisci

170 689 342 738 Aurigae,
362 698 595 736 currumque
615 692 652 722 et
670 696 789 734 equos
809 692 847 721 et
865 684 950 722 lora
967 683 1145 735 regebat,

169 748 326 786 Talibus
345 746 514 784 occurrit
533 746 644 783 dictis
665 760 674 782 ε
696 763 713 781 «
733 748 834 792 Hac,
855 748 1003 794 Turne,
1024 757 1231 796 sequamur

1328 753 1377 778 625

167 808 421 858 Trojugenas,
441 817 518 854 qua
532 804 657 855 prima
674 805 777 841 viam
794 805 958 842 victoria
977 805 1128 855 pandit3

171 873 266 907 Sunt
286 868 368 914 alii,
388 865 455 916 qui
472 873 572 902 tecta
586 878 702 902 manu
721 864 927 902 defendere
946 866 1104 915 possint.

170 928 319 979 Ingruit
338 929 475 964 AEneas
493 926 618 971 Italis,
639 934 676 961 et
692 925 824 974 praelia
843 925 994 972 miscet3

171 994 216 1028 Et
231 1002 302 1026 nos
322 1001 422 1026 saeva
440 1000 556 1024 manu
575 985 770 1022 mittamus
790 985 927 1022 funera
945 987 1115 1022 Teucris.

168 1053 247 1088 Nec
268 1061 427 1086 numero
446 1046 624 1094 inferior,
645 1057 784 1097 pugnae
802 1058 873 1082 nec
892 1045 1041 1083 honore
1058 1044 1224 1082 recedes.
1244 1062 1257 1076 υ

168 1115 320 1149 Turnus
341 1109 389 1146 ad
408 1109 490 1146 haec
508 1123 517 1145 :

1328 1054 1378 1078 630

168 1193 182 1207 ι(
204 1175 239 1210 Ο
259 1183 387 1218 soror,
406 1177 443 1208 et
463 1168 609 1207 dudum
629 1168 813 1219 adgnovi,
834 1181 954 1218 quum
973 1167 1098 1218 prima
1115 1180 1185 1218 per
1207 1176 1327 1205 artem

167 1331 253 1372 quod
268 1333 417 1362 Turnum
433 1331 452 1361 J
457 1336 576 1359 utun-na
589 1328 630 1359 ad
644 1336 746 1360 extre-

166 1390 234 1409 mos
262 1377 392 1408 ordines
417 1376 595 1407 deduxerat
619 1385 626 1407 :
649 1386 745 1417 supra

169 1426 234 1460 483
257 1435 325 1465 sqq.
340 1441 387 1447 ——-
402 1423 481 1454 616.
504 1423 620 1454 Tristis
636 1429 668 1454 et
684 1423 746 1453 sol-

168 1474 274 1502 licitus
299 1481 442 1501 suecessu
462 1481 634 1511 equorum,
665 1480 747 1510 quos

169 1518 292 1548 viribus
306 1528 343 1547 ac
358 1528 454 1548 cursu
471 1515 606 1547 deficere
620 1516 748 1547 tandem

170 1565 310 1595 videbat.
323 1566 407 1605 Ergo
421 1574 582 1593 successus
592 1563 626 1594 h.
643 1563 669 1593 l.
681 1573 748 1593 non

172 1618 216 1640 est
233 1611 386 1646 fortunae,
402 1610 458 1639 sed
473 1620 640 1651 processus
651 1632 659 1644 ‚
675 1620 748 1649 pro-

173 1667 285 1687 cursus
298 1667 455 1697 equorum
466 1677 474 1693 ‚
492 1656 584 1693 cujus
598 1656 748 1685 velocitas

173 1704 288 1734 sensim
321 1704 502 1743 sensimque
536 1702 747 1733 imminueba-

176 1758 237 1780 tur.
254 1748 391 1779 Videtur
404 1756 498 1790 poeta
513 1759 628 1778 vocem
642 1749 750 1788 exqui-

173 1798 313 1827 sitim-em
336 1795 375 1825 ad
402 1794 618 1837 significatum
643 1796 750 1824 minus

176 1844 374 1884 frequentem
404 1842 591 1872 traduxisse.
608 1857 656 1864 —-
670 1843 689 1870 6
699 1851 709 1871 1
719 1852 749 1879 7.

181 1890 279 1920 Grecis
299 1889 486 1926 terroribus,
507 1898 648 1929 quorum
664 1898 752 1918 caus-

178 1948 241 1967 sam
269 1936 448 1977 ignorabat.
466 1953 514 1959 ——
536 1936 616 1966 δυ.
640 1935 752 1965 Diver-

178 1995 214 2013 sa
238 1984 278 2013 ab
301 1983 394 2019 umbe,
414 1984 447 2013 in
467 1983 589 2012 diversa
611 1989 700 2023 parte
714 1983 753 2012 si-

180 2038 209 2059 ta
227 2040 234 2060 t
253 2031 373 2060 clamor
391 2031 476 2060 enim
496 2031 525 2060 ei
544 2040 560 2058 a
583 2036 670 2071 tergo
686 2030 754 2059 ori-

182 2084 244 2107 tur.
272 2094 319 2099 —
347 2077 425 2115 627.
451 2076 636 2106 Verborum
665 2076 755 2106 color

184 2131 384 2163 comparatur
412 2134 485 2154 cnm
513 2122 602 2154 Iliad.
627 2134 663 2161 ν,
688 2124 753 2153 312

183 2180 251 2209 sqq.
279 2187 324 2191 —
347 2171 425 2209 620.
461 2170 626 2200 Mittamus
656 2180 756 2200 marm

179 2214 323 2256 fiuwra;
355 2216 428 2246 alias
455 2217 613 2256 adjectum
635 2225 643 2248 t
668 2217 755 2254 neci,

798 1331 910 1360 Orco:
933 1336 964 1359 et
986 1329 1150 1360 mittamus
1163 1329 1196 1372 f
1227 1331 1377 1370 Teucris,

798 1386 859 1416 pro
882 1378 1084 1406 Teucrorum
1107 1376 1286 1415 funera;h.
1308 1389 1378 1409 cor-

799 1433 889 1464 pora.
904 1439 952 1446 -
971 1424 1048 1454 630.
1066 1424 1209 1454 Numero
1223 1435 1268 1455 sc.
1284 1425 1378 1456 fune-

800 1481 891 1506 rum,
912 1470 946 1501 h.
967 1481 1133 1502 caesorum.
1153 1472 1202 1501 Ita
1214 1472 1317 1503 Servii
1332 1473 1379 1502 in-

801 1518 988 1557 terpretatio
1022 1517 1129 1547 lucem
1157 1519 1284 1559 accipit.
1312 1519 1378 1548 Dn-

804 1564 871 1592 rius
896 1570 977 1593 esset
1007 1573 1015 1594 :
1045 1562 1209 1593 mittamus
1227 1563 1354 1605 fimeta
1366 1588 1375 1599 ,

800 1609 1009 1639 immittamus
1023 1616 1200 1640 mortes.·-
1209 1610 1252 1640 63
1263 1621 1289 1641 1.
1306 1613 1380 1641 Tur-

803 1666 862 1684 nus
883 1656 930 1685 ad
949 1655 1028 1686 haec.
1055 1657 1180 1686 Desunt
1205 1656 1274 1687 haec
1292 1657 1379 1689 Gud.

802 1709 833 1732 et
856 1704 936 1732 Exc.
960 1704 1134 1732 Burmann.
1151 1703 1272 1734 Contra
1292 1703 1380 1735 Laid.

803 1748 941 1788 supplet.
957 1758 965 1779 ζ
981 1747 1099 1778 humili
1110 1749 1284 1790 respondet
1295 1749 1380 1781 talia

803 1805 896 1824 voce.

853 1841 933 1872 632.
951 1842 979 1871 Ο
997 1851 1088 1871 soror
1104 1851 1124 1871 o
1147 1841 1180 1872 d.
1204 1841 1304 1872 Goth.
1329 1853 1380 1883 pr.

806 1894 837 1918 et
865 1895 936 1918 tert.
960 1888 1098 1929 Vulgata
1121 1887 1305 1929 accipienda
1325 1898 1333 1919 ε
1353 1891 1383 1920 Ο

806 1945 895 1965 soror
906 1934 1026 1975 agnovi
1034 1957 1043 1972 ,
1059 1942 1091 1964 et
1104 1933 1224 1964 dadum
1238 1934 1381 1975 quidem,

807 1994 838 2023 q.
847 1983 980 2013 —Non
992 1988 1038 2011 est
1050 1980 1164 2011 acerbe
1177 1991 1195 2010 a
1210 1988 1304 2022 poeta
1318 1984 1382 2013 exi·

808 2028 969 2069 gendum,
986 2034 1022 2057 ut
1035 2035 1220 2069 argumenta
1240 2035 1382 2070 exponat

809 2075 943 2110 diserte,
965 2073 1085 2115 quibus
1110 2077 1276 2115 agnoverit
1297 2077 1381 2107 Tur-

808 2132 869 2152 nus
890 2120 980 2150 deam
1001 2131 1154 2152 sororem.
1171 2121 1382 2153 Sufficit-eve-

809 2169 890 2199 nisse
907 2167 1005 2197 multa
1022 2167 1190 2208 inopinato
1201 2191 1209 2207 ‚
1222 2163 1255 2200 εὶ
1266 2180 1284 2200 a
1296 2179 1383 2200 cm

809 2216 851 2246 sis
870 2214 1013 2246 obscuris
1026 2214 1103 2247 inde
1116 2226 1132 2245 a
1155 2227 1186 2247 v.
1211 2217 1276 2248 225
1294 2226 1382 2258 seqq.
