1414 2435
581 54 704 84 LIBER
728 55 770 83 X.

1216 70 1274 97 107

82 115 374 159 Anchemolum,
397 113 580 149 thalamos
601 124 734 148 ausum
753 112 936 149 incestare
954 126 1139 152 novercae.

18 171 26 177 ’
81 177 159 211 Vos
179 176 291 212 etiarn
311 172 468 224 gemini,
489 172 640 209 Rutulis
660 171 847 209 cecidistis
866 173 905 209 in
925 174 1043 218 arvis,
1230 186 1277 218 390

82 234 244 279 Daucia,
265 232 400 269 Laride
420 231 710 281 Thymberque,
730 232 917 269 simillima
934 234 1077 283 proles,

82 293 290 330 Indiscreta
307 293 404 339 suis,
424 301 629 342 gratusque
649 292 871 342 parentibus
892 306 1000 330 error
1016 296 1024 329 !

80 355 131 389 At
148 366 251 390 nunc
271 353 368 390 dura
388 352 494 391 dedit
509 352 619 390 vobis
639 352 856 390 discrimina
874 353 992 391 Pallas
1008 368 1016 389 :

80 413 177 449 Nam
197 412 284 458 tibi,
306 412 520 462 Thymbre,
540 421 654 462 caput
673 412 884 450 Evandrius
902 412 1057 450 abstulit
1076 414 1191 462 ensis3

80 474 135 508 Tc
152 472 277 510 decisa
295 486 423 520 suum,
443 472 600 518 Laride,
621 472 777 509 dextera
795 473 950 522 quaerit;
1229 483 1276 516 39⁵

79 533 402 582 Semianimesque
420 533 560 570 micant
579 532 706 582 digiti,
728 533 947 582 ferrumque
967 542 1182 571 retractant.

132 593 299 630 Arcadas
319 593 499 630 adcensos
518 591 684 637 monitu,
705 600 741 628 et
760 593 941 641 praeclara
960 600 1107 629 tuentes

79 652 193 688 Facta
211 652 302 697 viri,
320 651 460 688 mixtus
481 650 591 687 dolor
610 659 648 686 et
666 650 791 700 pudor
811 658 930 687 armat
948 651 988 685 in
1005 650 1143 688 hostes.

81 711 177 746 Tum
198 710 316 747 Pallas
333 709 472 760 bijugis
491 709 697 759 fugientem
712 709 871 744 Rhoetea
890 716 1030 757 praeter
1163 750 1165 753 f

82 770 235 820 Trajicit
256 785 264 806 ε
285 770 359 806 hoc
378 769 542 819 spatium
563 775 784 818 tantumque
803 781 920 805 morae
940 767 1011 805 fuit
1030 767 1102 814 Ilo;
1226 781 1275 806 400

81 830 136 867 Ilo
153 842 315 879 namque
336 829 471 880 procul
490 829 654 865 validam
674 828 865 865 direxerat
881 828 1046 874 hastam,

79 892 203 935 Quam
222 890 370 927 medius
389 889 571 927 Rhoeteus
590 889 803 940 intercipit,
823 889 965 939 optime
984 889 1171 935 Teuthra,

79 951 132 986 Te
153 950 299 1000 fugiens
319 950 551 1000 fratremque
570 953 697 1000 Tyren
709 979 719 996 ,
739 962 931 999 curruque
947 949 1099 985 volutus

79 1009 197 1046 Caedit
215 1010 442 1047 semianimis
459 1010 689 1047 Rutulorum
710 1008 876 1046 calcibus
895 1021 998 1045 arva.

80 1176 126 1181 -—
144 1157 207 1187 388
221 1179 229 1194 ‚
248 1157 325 1197 389.
343 1158 494 1197 Sequitur
512 1164 605 1198 poeta
623 1165 656 1192 et

78 1205 111 1235 h.
134 1204 156 1233 l.
185 1202 325 1233 fabulam
357 1204 538 1243 antiquam,
558 1199 654 1244 qnam

80 1261 120 1280 ex
141 1249 268 1280 Avieno
295 1257 326 1279 et
349 1249 535 1279 Alexandro
556 1250 653 1290 Poly-

78 1297 197 1326 histore
213 1296 340 1326 Servius
353 1302 461 1325 narrat
474 1305 481 1325 :
497 1295 632 1326 Rhoetus
644 1319 652 1333 ‚

78 1341 320 1372 Marrubiorum
338 1341 542 1382 (Marsorum
557 1351 564 1372 :
581 1341 647 1372 vid.

76 1399 146 1429 sup.
159 1389 222 1418 VII
231 1411 239 1426 ,
258 1388 322 1425 750
334 1388 347 1429 )
361 1399 435 1424 rex,
449 1387 649 1418 Anchemolo

75 1434 144 1464 filio
160 1434 338 1475 Casperiam
352 1444 523 1464 novercam
537 1444 646 1474 super-

74 1480 262 1517 induxerat,
285 1490 380 1520 quam
397 1481 563 1520 privignus
582 1486 647 1509 stu-

74 1527 181 1567 pravit
192 1549 200 1564 ‚
218 1536 384 1567 poenaeque
397 1533 428 1556 et
440 1527 495 1555 irae
507 1532 646 1566 paternae

76 1580 163 1602 metu
192 1572 231 1602 ad
259 1574 413 1603 Daunum
440 1572 646 1612 confugerat,

75 1619 180 1648 Turni
208 1625 342 1659 patrem.
363 1636 409 1641 --
435 1619 645 1658 390—-392,

77 1664 274 1694 Imitationes
299 1665 423 1694 notavit
449 1664 551 1694 cerda
579 1664 648 1695 Silii

75 1709 131 1740 lib.
161 1711 214 1747 ΙΙ,
231 1710 414 1749 636--639
440 1716 471 1739 et
493 1709 534 1739 ad
559 1710 645 1750 649;

75 1758 193 1786 Lucan.
224 1757 273 1785 ΙΙΙ
291 1778 299 1793 ,
330 1755 525 1786 603—608.
561 1755 645 1786 Add.

75 1803 166 1832 Statii
178 1802 280 1833 Theb.
291 1803 338 1832 VI
349 1825 358 1840 ,
374 1802 570 1839 340-3453
580 1804 626 1832 IX
637 1824 646 1838 ‚

78 1859 141 1888 ²92
157 1867 203 1872 —
223 1848 288 1888 295
301 1859 309 1885 ;
337 1847 504 1880 Claudiani
534 1847 573 1878 tle
599 1848 647 1876 IV

76 1895 207 1926 Consul.
234 1897 358 1926 Honor.
387 1895 581 1925 206—211.
601 1910 648 1916 —-

79 1942 156 1982 391.
177 1943 252 1972 Fuit
270 1951 346 1982 ergo
365 1943 495 1971 Daucus
513 1940 626 1980 aliquis
638 1962 647 1977 ‚

77 1988 167 2026 cujus
183 1985 242 2019 filii
265 1987 391 2018 Larides
414 1994 446 2018 et
469 1986 644 2027 Thymber.

75 2051 122 2056 -—
147 2035 224 2074 392.
253 2036 298 2065 Ut
320 2045 361 2064 ne
386 2045 404 2064 a
427 2034 491 2064 suis
517 2033 646 2074 quidem

79 2080 263 2121 parentibus
291 2079 429 2111 discerni
445 2086 586 2121 possent.
601 2096 647 2103 —-

80 2126 157 2167 396.
185 2127 273 2156 Bona
296 2127 397 2157 Servii
422 2133 454 2157 et
481 2126 548 2156 haec
572 2132 646 2156 nota

79 2179 125 2203 est
140 2181 147 2202 :
163 2186 178 2198 u
186 2173 281 2202 Ennii
291 2182 356 2203 esse
366 2181 510 2203 versum:
523 2172 647 2203 Oscitac

709 1173 723 1184 u
740 1158 773 1187 in
792 1157 914 1198 campis
935 1164 1031 1197 caput
1047 1168 1068 1186 a
1089 1157 1206 1188 cetw'ce
1227 1169 1276 1188 re-

709 1219 724 1229 «
740 1204 878 1240 vulsum,
913 1203 1184 1244 Semianimesque
1217 1205 1275 1234 mi-

708 1264 724 1276 «
739 1257 818 1279 cant
831 1248 915 1279 oculi
925 1249 1090 1290 lucemque
1101 1249 1274 1290 requirunt.

707 1311 723 1322 α
741 1298 845 1336 Quem
874 1306 999 1325 versum
1026 1295 1065 1324 ad
1091 1306 1184 1326 snum
1209 1306 1276 1326 car-

707 1357 722 1368 υ
739 1353 812 1372 men
841 1342 1003 1371 transtulit
1033 1343 1137 1371 Varro
1167 1343 1275 1372 Ataci-

702 1402 717 1413 u
738 1399 809 1418 nus.
827 1403 842 1414 n
861 1390 976 1418 Lusere
999 1387 1075 1417 hinc
1092 1388 1145 1417 alii
1164 1389 1200 1418 in
1214 1387 1276 1418 hoc

700 1434 773 1474 plns
786 1445 880 1474 quam
894 1444 952 1475 par
967 1441 1042 1464 erat.
1057 1445 1088 1464 v,
1104 1444 1154 1474 ap.
1169 1434 1274 1464 Guell.

701 1480 835 1511 Cerdam
866 1487 898 1510 et
922 1481 1032 1510 Burm.
1050 1482 1179 1520 Quanto
1202 1481 1277 1510 sim-

699 1526 815 1566 plicius
831 1528 962 1556 Homer.
980 1525 1070 1556 Iliad.
1088 1536 1117 1563 ε,
1130 1527 1170 1556 81
1184 1549 1193 1563 ,
1213 1526 1255 1556 82
1269 1529 1274 1555 Ξ

749 1573 816 1612 399
827 1583 891 1613 seq.
903 1572 1003 1603 Pallas
1015 1571 1187 1603 Rhoeteum
1193 1583 1278 1612 ,ον-ιτ-

701 1618 924 1660 cerficgientem
949 1618 1054 1659 bigis,
1081 1629 1122 1648 ne
1150 1629 1166 1648 a
1194 1620 1275 1649 Teu—

701 1664 826 1695 thrante
845 1671 877 1695 et
898 1667 985 1705 Tyre
1010 1665 1160 1695 fratribus
1180 1665 1276 1694 inter-

701 1712 871 1747 imeretur,
887 1711 975 1740 hasta
997 1711 1122 1749 trajicit.
1146 1711 1192 1740 Ita
1208 1710 1273 1740 Ilus

701 1763 836 1786 mortem
851 1756 904 1786 hic
919 1755 1030 1795 effugit
1041 1778 1050 1792 ,
1065 1766 1160 1796 quem
1174 1755 1273 1786 Pallae

699 1801 762 1832 hoc
785 1803 848 1832 telo
870 1802 1012 1842 petierat.
1042 1819 1087 1823 ——
1112 1806 1188 1836 400.
1209 1803 1272 1831 De-

700 1847 763 1877 levi
783 1857 871 1877 nunc
891 1847 1183 1887 interpunctionem
1201 1854 1273 1887 post

700 1893 836 1934 spatium
848 1905 862 1929 ,·
878 1903 951 1922 nam
977 1903 1018 1922 ex
1044 1894 1149 1923 animo
1169 1900 1272 1934 poetae

699 1941 848 1978 junctura
868 1939 998 1969 videtur
1013 1949 1100 1970 esse:
1121 1938 1180 1969 hoc
1203 1946 1272 1968 tan-

700 1993 829 2027 tumque
842 1985 981 2025 spatium
991 1984 1061 2026 suit
1082 1985 1132 2015 Ilo
1149 1995 1266 2021 morae,

700 2043 773 2062 casu
799 2033 911 2068 tertio,
937 2031 971 2061 h.
996 2042 1024 2061 e.
1046 2037 1204 2061 moratum
1225 2039 1271 2061 est

700 2085 846 2109 mortem.
867 2095 914 2101 —-
931 2083 1008 2114 404.
1033 2079 1084 2109 Sic
1106 2085 1138 2108 et
1155 2078 1214 2108 inf.
1236 2088 1268 2107 v.

702 2126 764 2163 731
791 2124 929 2155 calcibus
950 2132 1055 2154 atram
1081 2123 1199 2154 Tundic
1212 2123 1269 2153 lm-

700 2182 783 2201 mum
801 2170 988 2212 exspirans;
1003 2167 1156 2213 σφαδάζει
1168 2193 1176 2208 ,
1193 2174 1268 2200 *taz-
