1414 2435
76 72 140 93 202

583 58 779 89 AENEIDOS

73 124 121 159 Et
140 133 239 156 nunc
261 119 361 154 lenta
379 128 494 153 manu
512 127 692 165 spargens
712 116 862 154 hastilia
878 117 1029 163 denset,

1227 126 1277 151 650

77 183 188 218 Nunc
204 177 368 214 validam
388 176 523 213 dextra
541 176 642 226 rapit
659 175 847 222 indefessa
863 175 1067 226 bipennem
1088 192 1096 213 :

79 243 229 276 Aureus
247 250 295 273 ex
314 236 477 272 humero
497 244 606 272 sonat
625 249 753 281 arcus,
773 244 812 272 et
830 249 934 273 arma
952 237 1097 274 Dianae.

80 299 149 335 Illa
166 297 298 341 etiam,
318 297 351 333 si
368 296 521 345 quando
544 297 583 332 in
604 304 751 345 tergum
771 296 880 346 pulsa
899 297 1072 342 recessit,

81 357 235 407 Spicula
254 368 438 392 converso
461 355 644 405 fugientia
663 355 793 404 dirigit
811 368 914 392 arcu.

79 420 130 454 At
150 416 293 452 circum
310 416 416 452 lectae
438 415 614 460 comites,
635 414 851 463 Larinaque
869 415 999 463 virgo,

1231 421 1281 445 655

80 477 285 526 Tullaque,
306 484 343 513 et
361 484 515 512 aeratam
533 475 705 524 quatiens
723 475 886 523 Tarpeia
905 487 1093 520 securem,

79 536 252 583 Italides,
273 550 366 586 quas
387 537 468 586 ipsa
488 536 602 573 decus
622 535 696 573 sihi
716 534 779 571 dia
796 534 952 571 Camilla

79 599 246 648 Delegit,
266 597 447 647 pacisque
465 596 585 634 bonas
604 596 770 646 bellique
790 595 980 632 ministras
998 609 1006 630 ε

82 659 221 704 Quales
238 657 424 695 Threiciae
444 670 562 706 quum
579 657 735 694 flumina
753 655 1048 693 Thermodontis

82 799 225 819 mammae
241 799 248 819 :
271 790 306 818 in
319 789 535 818 venatricibus
552 795 657 826 autem

83 842 115 866 et
148 835 365 865 bellatricibus
376 858 384 872 ,
416 843 452 865 ut
490 836 592 864 Diana
623 845 658 864 ac

83 882 260 923 Nymphis,
275 881 423 911 dextrum
440 888 551 922 pectus
561 903 568 917 ‚
584 880 659 910 dex-

84 934 172 957 trum
188 928 376 965 humerum,
398 928 554 957 nudatum
572 927 659 957 vide-

85 985 157 1003 mus
172 975 206 1004 in
225 975 331 1003 numis
349 985 384 1003 ac
400 975 510 1004 statuis
529 983 535 1003 :
550 974 660 1014 sicque

87 1020 298 1051 Callimachus
316 1021 350 1049 in
366 1022 461 1051 Dian.
481 1031 498 1050 2
508 1031 519 1049 1
530 1020 545 1049 3
555 1042 563 1056 ,
581 1030 598 1049 2
608 1031 619 1049 1
629 1026 658 1057 4,

86 1065 272 1108 chlamyde,
294 1066 344 1095 vel
366 1068 475 1096 tunica
495 1068 529 1096 in
549 1065 660 1095 hume-

85 1122 160 1142 rum
176 1114 341 1142 sinistrum
358 1114 490 1151 rejecta,
514 1119 544 1141 et
561 1112 659 1141 fibula

87 1159 195 1188 vineta
216 1160 251 1188 in
265 1158 390 1189 dextro.
414 1158 502 1198 Quid
519 1157 607 1198 quod
626 1159 659 1188 in

86 1205 162 1245 ipsis
186 1205 404 1234 Amazonibus
424 1204 536 1234 dextra
562 1215 660 1233 mam-

87 1261 138 1280 ma
161 1257 300 1286 exserta,
318 1261 377 1280 nec
396 1261 520 1290 semper
536 1251 659 1286 excisa,

87 1298 122 1326 in
158 1298 375 1327 monumentis
415 1297 575 1333 occurrit;
613 1297 661 1325 uti

87 1349 199 1372 contra
231 1342 310 1372 laeva
339 1349 462 1372 exserta
494 1343 635 1371 occurrit
650 1364 659 1378 ‚

87 1388 198 1419 dextra
209 1389 341 1420 vestita:
355 1400 396 1419 ne
412 1389 572 1418 venustati
585 1398 661 1418 con-

87 1442 215 1476 spectus
245 1435 329 1465 obsit
345 1458 353 1472 ‚
383 1437 409 1464 si
436 1435 541 1465 excisa
571 1441 660 1464 esset.

89 1483 232 1522 Pugnae,
251 1480 287 1510 ad
304 1492 461 1522 pugnam,
479 1488 515 1510 ut
530 1481 660 1521 expedi-

89 1527 152 1557 tior
175 1534 254 1556 esset
273 1527 311 1556 ad
333 1527 551 1567 pugnandum.
572 1528 664 1557 Com-

88 1573 262 1613 parationis
292 1581 396 1602 autem
428 1574 527 1603 lineas
554 1573 662 1609 ducit,

88 1629 185 1659 quam
199 1629 276 1649 mox
295 1621 427 1659 repetit,
443 1626 474 1648 et
493 1626 585 1649 ornat
602 1630 662 1648 vss.

92 1665 160 1705 659
174 1675 242 1705 sqq.
255 1665 333 1696 650.
350 1667 512 1705 Spar-qens
528 1665 640 1694 denset
653 1676 663 1693 .·

91 1710 125 1741 id
139 1718 185 1741 est
196 1734 205 1748 ‚
216 1711 312 1741 dense
328 1712 572 1753 sp211·git‚jacit;
591 1711 664 1740 alias

91 1757 225 1787 fundere
236 1781 244 1793 ,
265 1757 412 1798 χεέιν.--
423 1758 465 1787 65
476 1768 502 1788 ι.
521 1757 665 1798 Indcfi’s-

91 1815 128 1833 sa
146 1811 193 1834 est
216 1802 357 1847 ἄτρυτος.
375 1822 422 1827 —-
442 1804 521 1834 653.
539 1805 579 1832 Ιιι
603 1811 663 1833 ler-

89 1861 166 1891 gum
175 1851 271 1890 pulsa
287 1851 414 1881 recessit
427 1862 436 1880 .·
456 1851 549 1880 eliani
564 1849 626 1880 lioc
649 1861 664 1879 a

93 1897 213 1937 vulgari
223 1899 343 1928 ratione
354 1897 483 1927 deflexit
495 1908 503 1933 ;
515 1908 587 1927 nain
601 1897 667 1927 vul-

94 1953 166 1983 gare
179 1951 225 1973 est
238 1953 246 1974 ε
258 1945 283 1973 si
295 1951 417 1985 tergum
434 1944 543 1979 vertit,
554 1943 667 1974 dat.—

95 1989 173 2025 654.
191 1990 321 2030 Spicula
328 1990 495 2031 ficgiemia
507 2013 514 2025 ,
538 1991 603 2031 ipsa
620 1991 667 2020 fu-

94 2035 180 2075 giens
189 2059 196 2070 ,
216 2044 251 2066 ut
262 2045 343 2067 recte
353 2038 480 2067 Servius
489 2048 497 2072 ;
507 2038 567 2066 nisi
579 2036 669 2066 dixe—

95 2082 137 2110 ris
161 2092 247 2115 enni,
272 2083 457 2113 Pan—thorum
493 2094 600 2119 inore,
621 2094 668 2113 re—

95 2135 232 2157 troi-sum
243 2131 367 2169 saginas
378 2131 525 2159 omisisse.
534 2148 580 2153 —
589 2130 668 2160 0:38.

96 2174 253 2214 Pacisque
269 2175 359 2205 buna-
371 2183 444 2207 vett.
463 2175 535 2206 edd.
553 2182 669 2207 nostrae

712 799 842 826 omnes,
866 797 936 818 tum
957 789 1058 819 bonas
1085 788 1286 819 emendatum

711 836 746 864 iu
765 835 814 866 ed.
830 835 906 866 Ald.
926 846 975 875 pr.
997 842 1028 864 et
1049 845 1131 872 sec.;
1150 842 1181 864 at
1193 835 1286 865 bona,-

714 889 897 911 revocatum
915 882 949 910 in
965 880 1040 911 Ald.
1061 887 1132 911 tert.
1158 887 1188 910 et
1208 881 1286 911 hinc

715 927 818 958 ductis
831 939 839 964 3
854 927 957 957 donec
972 928 1060 968 prior
1075 927 1170 957 lectio
1186 926 1288 956 bonas

713 975 830 1003 iteruin
861 974 1021 1004 oblineret
1045 984 1062 1003 e
1097 973 1287 1004 Commelin.

713 1020 817 1050 Pulm.
840 1021 949 1060 steph.
966 1043 974 1055 ‚
1002 1029 1099 1059 quam
1125 1019 1288 1048 meliorem

712 1066 882 1096 lectionem
892 1067 1011 1095 liabent
1021 1065 1167 1094 meliores
1176 1065 1287 1095 Heius.

714 1123 789 1141 cum
806 1112 974 1148 Mediceo3
995 1112 1200 1153 agnoscitque
1219 1121 1289 1141 eam

713 1159 892 1188 Arusianus
923 1159 1071 1188 Messius.
1103 1159 1208 1187 Bonae
1241 1163 1287 1186 ta-

712 1214 787 1233 men
803 1211 911 1233 tuetur
926 1206 1020 1234 Rom.
1036 1213 1111 1232 cum
1125 1203 1193 1232 aliis
1206 1204 1287 1234 Pier.

713 1251 824 1280 HeinS.
843 1257 873 1279 et
888 1251 1008 1286 Burm.‚
1026 1259 1061 1278 ac
1077 1249 1162 1278 binis
1176 1248 1286 1285 Goth„

715 1302 784 1325 tum
801 1298 943 1336 agnoscit
958 1299 1046 1326 Serv.
1063 1297 1156 1325 Bono
1174 1297 1287 1326 Franc.

715 1342 861 1382 belloque
913 1342 1048 1373 ondart.
1100 1341 1290 1371 Blinisemns

714 1388 1042 1418 F1-anc.-31im·scras
1051 1411 1059 1424 ‚
1076 1389 1207 1418 comites
1221 1396 1229 1417 :
1245 1389 1290 1418 sic

715 1430 859 1476 ὃμωῖὃμς
884 1435 1088 1465 Penthesileae
1109 1433 1163 1464 dat
1185 1435 1290 1474 Quin-

718 1487 769 1509 tus
785 1480 916 1511 Calaber
934 1481 990 1510 lib.
1008 1483 1042 1517 Ι,
1066 1482 1125 1517 33,
1145 1486 1181 1509 ut
1199 1477 1290 1521 θερέ-

715 1535 825 1561 ποντες
834 1526 968 1556 heroum
977 1533 1063 1556 sunt.
1071 1527 1190 1556 Totum
1199 1525 1290 1555 illum

716 1572 822 1602 locum
839 1572 878 1601 de
897 1572 1108 1607 Penthesilea,
1124 1578 1155 1601 et
1170 1578 1291 1612 partem

716 1618 792 1647 libri
817 1618 988 1648 contulisse
1011 1629 1077 1648 non
1099 1617 1291 1658 paenitebit:

717 1671 753 1693 ut
768 1666 902 1693 omnino
917 1666 1044 1704 poetico
1054 1670 1170 1694 ornam
1185 1663 1294 1693 nullus

718 1717 863 1740 veterum
896 1718 1065 1750 poenarum
1100 1709 1293 1750 locupletior

718 1756 780 1786 hoc
797 1757 921 1797 Quinto
935 1764 997 1794 est3
1012 1767 1070 1787 nec
1084 1756 1199 1786 dubito
1207 1757 1292 1786 -anti-

718 1805 846 1843 quiores
860 1814 936 1843 opes
950 1805 983 1833 in
997 1814 1035 1833 eo
1048 1803 1154 1833 latere.
1165 1802 1292 1841 -659,

723 1848 864 1879 Threicio
874 1851 951 1880 Exe.
961 1851 1132 1880 Burmann.
1148 1847 1294 1877 Threicia

720 1897 834 1925 vilium
859 1907 1028 1936 operarum
1050 1895 1100 1925 ed.
1125 1895 1165 1925 N.
1184 1895 1292 1925 Heius.

723 1944 752 1972 T
750 1941 988 1972 hermodoomis
1025 1942 1131 1983 vulgg.
1179 1942 1293 1980 passim

721 1988 792 2018 edd.
805 2011 813 2024 ‚
834 1989 910 2018 item
926 1995 1002 2018 ven.
1021 1988 1114 2018 codd.
1129 2011 1137 2023 ,
1155 1988 1211 2017 etsi
1230 1988 1294 2026 jam

722 2034 925 2065 einendmum
939 2034 1098 2064 dederunt
1119 2035 1295 2075 Naugerius·

723 2088 755 2111 et
770 2082 929 2121 Egnatius
953 2083 1014 2111 Res
1030 2092 1118 2110 nuuc
1138 2088 1213 2110 nota
1229 2087 1274 2111 est
1285 2103 1294 2115 ,

722 2138 788 2157 esse
806 2126 1049 2157 Thermodontis
1064 2138 1080 2157 a
1093 2123 1294 2170 Θερμώδων,

724 2183 817 2209 οντος.
833 2173 873 2205 cf.
891 2173 1044 2215 Apollon.
1057 2175 1086 2205 11
1099 2197 1106 2211 ‚
1123 2184 1201 2215 972.
1216 2175 1297 2205 Ten—
