1414 2435
112 89 154 124 54
609 84 804 116 AENEIDOS

110 146 319 194 Antiquum
338 144 378 181 in
395 145 526 180 Buten.
548 141 620 179 Hic
638 142 832 179 Dardanio
850 143 1023 181 Anchisae

112 204 287 253 Armiger
305 210 389 239 ante
409 201 498 248 fuit,
516 200 688 251 fidusque
707 202 754 239 ad
771 202 901 239 limina
917 212 1041 240 custos
1060 218 1067 238 ε

112 266 209 302 Turn
228 262 404 300 comitem
420 261 582 299 Ascanio
601 269 712 312 pater
730 261 886 299 addidit.
909 262 994 299 Ibat
1010 262 1146 312 Apollo

113 323 252 362 Omnia
269 323 439 373 longaevo
459 321 608 367 similis,
628 333 856 370 vocemque,
876 322 1134 373 coloremque,

1255 330 1304 354 650

112 385 159 420 Et
180 383 301 419 crines
322 381 444 427 albos,
464 390 501 417 et
521 393 619 417 saeva
639 380 840 418 sonoribus
857 394 979 428 arma3

111 447 237 493 Atque
255 442 314 479 his
331 442 526 478 ardentem
543 439 653 476 dictis
671 440 821 476 adfatur
840 441 965 477 Iulum
987 457 996 478 :

112 519 128 534 «
149 502 207 538 Sit
226 501 335 546 satis,
355 498 540 544 AEneada,
560 498 644 535 telis
663 498 805 548 inpune
823 502 1040 537 Numanum

111 562 327 612 oppetiisse
347 560 439 607 tuis;
459 559 621 610 primam
639 558 737 596 hanc
754 558 824 596 tibi
840 572 997 609 magnus
1013 562 1149 611 Apollo

110 620 293 658 Concedit
311 619 480 664 laudem,
498 627 536 655 et
554 617 710 667 paribus
728 631 804 655 non
823 618 968 655 invidet
984 621 1108 658 armis.

1256 631 1306 653 655

111 683 245 719 Cetera
264 692 396 730 parce,
416 691 531 729 puer,
547 677 660 715 bello.
681 694 695 710 υ
716 679 779 715 Sic
795 692 903 716 orsus
920 680 1058 729 Apollo

111 739 285 777 Mortalis
302 737 427 774 medio
445 737 645 787 adspectus
662 750 834 774 sermone
849 738 1021 787 reliquit,

110 802 160 837 Et
178 799 313 849 procul
328 798 366 834 in
387 807 538 834 tenuem
557 809 605 833 ex
624 797 742 834 oculis
762 798 916 834 evanuit
932 811 1074 835 auram.

111 858 339 908 Adgnovere
358 856 470 893 deum
488 869 664 905 proceres
682 856 885 906 divinaque
904 857 977 893 tela

110 916 360 962 Dardanidae,
377 915 670 964 pharetramque
691 916 779 965 fuga
794 930 944 953 sensere
962 926 1166 954 sonantem.

1257 928 1307 951 66⁰

111 978 214 1025 Ergo
236 975 389 1011 avidum
408 986 565 1024 pugnae,
585 974 694 1011 dictis
712 988 755 1011 ac
773 976 927 1012 numine
946 975 1097 1022 Phoebi,

112 1034 315 1073 Ascanium
334 1032 558 1083 prohibent3
578 1033 651 1083 ipsi
669 1034 709 1071 in
727 1035 932 1072 certamina
949 1048 1080 1072 rursus

111 1173 200 1214 quod
226 1176 359 1205 Roman.
388 1179 506 1202 tuetur.
531 1173 682 1201 Formam

113 1220 147 1250 in
171 1219 338 1260 antiquam
360 1221 380 1249 J
383 1219 427 1248 ul.
453 1217 525 1248 Sab.
554 1217 681 1258 legerat.

113 1283 160 1289 —-
177 1267 255 1304 647.
271 1265 362 1295 Alius
375 1271 441 1294 erat
458 1266 569 1298 Buces,
588 1273 683 1304 quem

111 1323 208 1352 supra
235 1311 423 1341 memoravit
447 1309 504 1340 lih.
533 1311 575 1345 V,
605 1310 682 1347 37².

111 1357 326 1388 Adumbravit
338 1363 443 1386 autem
464 1355 683 1396 Periphautem

112 1404 202 1435 Iliad.
221 1414 253 1446 ρ,
281 1403 344 1434 323
367 1413 436 1442 sqq.
462 1402 550 1443 (non
574 1401 683 1431 locum

111 1450 202 1480 Iliad.
216 1461 253 1487 π,
269 1461 284 1488 7
295 1450 334 1479 15
347 1449 420 1489 sq.).
435 1450 488 1478 An
501 1458 577 1478 vero
591 1449 684 1477 etiam

110 1496 193 1526 illud
208 1506 248 1525 ex
264 1497 328 1525 vita
345 1494 479 1524 heroum
493 1495 533 1523 sit
556 1503 564 1523 :
578 1493 683 1535 fidus-

113 1552 175 1582 que
193 1541 239 1570 ad
253 1540 365 1570 limina
388 1547 507 1574 custos,
531 1545 567 1568 ut
590 1540 683 1568 armi-

112 1588 178 1627 geri
197 1585 422 1629 (θεράποντες)
438 1586 534 1614 iidem
549 1591 579 1614 et
593 1585 681 1614 satel-

111 1634 182 1664 lites
203 1634 281 1668 sint,
310 1632 435 1662 dubito.
461 1633 526 1661 Nec
553 1632 682 1660 memini

110 1679 213 1710 simile
225 1678 303 1719 quid
313 1701 322 1715 ‚
337 1685 373 1707 ut
391 1677 541 1707 heroibus
553 1678 615 1706 siut
629 1687 682 1706 cu·

111 1725 216 1756 stodes
240 1725 362 1755 domus.
382 1726 462 1754 Sunt
477 1720 659 1765 θερσίποντες
671 1745 679 1759 ,

111 1769 241 1814 κήρυκες
252 1794 260 1807 ,
278 1768 402 1812 ὃμῶης,
418 1768 607 1811 ἀμφιπολοι,
626 1770 681 1809 qui

112 1817 260 1847 familiam
277 1817 390 1846 domus
414 1817 618 1845 constituant.
636 1833 682 1838 —

111 1864 154 1893 65
164 1874 189 1893 t.
207 1865 294 1893 Butae
306 1861 417 1892 similis
429 1863 520 1891 etiam
536 1862 621 1891 canis
630 1884 638 1897 ‚
651 1869 683 1892 et

112 1911 225 1947 armis,
245 1920 316 1949 quae
339 1909 391 1938 ille
410 1908 564 1949 gestabat;
589 1918 682 1937 arma

111 1959 195 1985 ,τῶνα
223 1954 397 1988 sonoribus,
431 1954 463 1984 h.
492 1965 519 1984 e.
546 1964 676 1990 sonore,

110 2012 190 2031 saeve
203 2008 233 2031 et
246 2001 429 2031 terribiliter
440 2000 583 2029 sonantia
592 2000 679 2029 Butae

109 2054 195 2077 sunt.
207 2065 251 2070 —
262 2047 339 2076 6:35.
359 2048 400 2075 Et
411 2045 541 2085 paribus
555 2056 618 2074 uon
633 2044 678 2074 ἰη-

108 2092 190 2122 videt
204 2092 318 2125 armis.-
333 2093 393 2121 hoc
407 2091 541 2121 sublime
554 2098 585 2121 et
597 2102 677 2132 mag-

106 2138 239 2168 nificum
253 2148 259 2168 :
280 2149 343 2167 sua:
357 2137 522 2178 sagittandi
539 2138 672 2178 peritiae,

104 2194 167 2215 suae
184 2185 308 2222 virtuti,
323 2184 447 2214 Asrauii
464 2184 602 2213 futuram
615 2184 675 2213 vir-

734 1177 834 1201 tutem
865 1172 1036 1212 aequiparat
1067 1172 1144 1207 deus
1175 1174 1303 1214 Apollo.

735 1217 802 1247 Alii
819 1219 1085 1258 comparationem
1106 1220 1140 1248 in
1165 1230 1202 1249 eo
1220 1230 1306 1260 qute-

735 1270 826 1299 mnt,
842 1263 930 1303 quod
952 1264 1070 1304 Apollo
1091 1274 1171 1304 puer
1186 1265 1305 1306 Pytho-

736 1320 809 1339 nem
826 1310 994 1340 interfecit.
1018 1311 1101 1340 Mihi
1126 1310 1188 1341 hoc
1212 1321 1304 1353 argu-

736 1362 806 1385 tum
826 1357 922 1397 magis
940 1367 1034 1396 quam
1050 1366 1160 1387 verum
1175 1367 1240 1388 esse
1260 1359 1305 1387 vi-

737 1401 839 1432 detur.
855 1419 902 1424 —
916 1403 993 1440 657.
1009 1403 1118 1433 Medio
1138 1414 1283 1434 sermone
1293 1416 1305 1439 ;

737 1449 863 1479 Servius
878 1458 885 1478 :
900 1463 916 1474 ιτ
931 1448 1002 1478 ideo
1016 1449 1135 1485 medio,
1152 1451 1226 1489 quia
1238 1459 1305 1479 non

736 1493 898 1534 respondit
911 1495 1075 1524 Ascanius.
1094 1510 1109 1520 u
1129 1497 1181 1525 Est
1201 1502 1304 1525 tamen

735 1540 936 1580 simpliciter:
951 1547 1117 1580 antequam
1130 1541 1220 1581 plura
1233 1542 1305 1571 sub-

732 1585 858 1624 jiceret,
874 1585 1025 1616 discessit.

782 1656 848 1697 659
860 1681 868 1694 ,
889 1658 966 1688 660.
980 1659 1062 1699 Ergo
1079 1658 1203 1701 infiaga
1214 1682 1223 1695 ‚
1246 1659 1307 1690 dis-

735 1713 823 1733 cessu
834 1726 842 1740 ‚
867 1703 1005 1734 divinam
1030 1705 1161 1735 foi-mam
1185 1706 1303 1746 Apollo

735 1757 912 1790 receperat;
929 1749 1102 1781 adsciverat
1114 1751 1280 1781 humanam
1294 1774 1301 1785 ‚

735 1803 771 1825 ut
800 1807 872 1825 cum
904 1797 1028 1827 mortali
1064 1807 1153 1837 agere
1179 1800 1301 1837 posset.

736 1843 834 1872 Porro
850 1843 959 1872 referri
975 1842 1062 1873 vides
1066 1842 1211 1882 Jbrmam
1227 1843 1306 1872 divi-

736 1898 810 1917 nam
825 1887 863 1917 ad
882 1899 949 1918 eam
971 1889 1103 1929 speciem
1115 1911 1123 1924 ,
1138 1899 1199 1928 qua
1214 1889 1302 1929 signa

735 1933 786 1963 dei
801 1934 839 1963 ab
855 1941 919 1964 arte
935 1933 1168 1964 exhibebantur
1182 1945 1190 1965 :
1205 1936 1246 1964 ita
1266 1944 1300 1964 ut

735 1979 916 2019 Apollinem
929 1990 964 2009 ea
976 1980 1040 2009 oris
1052 1979 1300 2020 pulchritudine,

731 2032 762 2054 et
777 2036 815 2054 eo
830 2025 942 2054 habitu
955 2036 1020 2055 esse
1036 2025 1216 2061 crederent,
1233 2037 1298 2066 quo

729 2070 889 2101 exhibitus
898 2078 976 2102 esset
986 2082 1003 2101 a
1012 2073 1126 2119 Scopaz
1134 2072 1183 2101 vel
1197 2074 1297 2103 Praxi·

731 2117 801 2147 tele.

775 2183 852 2214 661.
891 2184 1018 2215 Numen
1042 2183 1216 2215 declaratur
1241 2196 1298 2227 per
