1414 2435
554 77 677 107 LIBER
700 78 743 106 X.

56 138 219 175 Classem
238 134 457 174 conscendit
471 134 583 185 jussis
604 146 693 184 gens
711 133 831 182 Lydia
849 134 996 180 divum,

1205 77 1248 106 85

1200 142 1248 166 155

11 187 18 193 ’
53 200 221 235 Externo
241 197 426 234 conmissa
442 195 542 233 d‘uci.
562 195 694 231 AEneia
713 195 850 244 puppis

55 259 180 295 Prima
198 266 315 303 tenet,
335 265 461 294 rostro
481 256 666 306 Phrygios
685 255 885 306 subjuncta
903 256 1028 294 leones
1047 271 1056 291 :

53 318 215 355 Inminet
236 317 305 354 Ida
322 330 455 366 super,
476 316 646 366 profugis
666 315 875 365 gratissima
893 317 1057 353 Teucris.

50 443 173 486 ligatur
187 443 238 473 vel
254 442 414 484 obligatur
429 444 456 472 is
466 464 475 479 ‚
495 443 552 482 qui
570 442 623 471 ali-

52 490 131 530 quid
147 501 187 519 ex
203 490 337 520 deorum
348 490 439 527 jussu
455 487 556 517 facere
572 488 623 517 de-

51 536 123 574 bet3
137 535 298 571 liberatur,
313 545 412 575 quum
428 545 478 563 res
492 534 543 563 vel
550 544 622 564 cou-

51 582 131 612 ditio
139 588 289 612 eventum
299 580 452 610 habet.-—
459 591 471 609 1
480 580 622 610 55.Gens

50 628 154 667 Lydia
163 629 334 657 Etrusciex
343 633 448 656 vetere
458 627 620 666 opinione.

100 685 113 704 1
122 675 140 704 5
144 675 209 703 6—-
217 684 229 702 1
239 674 256 703 5
261 674 292 704 8.
307 673 453 703 Turbam
467 673 623 712 interpre-

50 728 105 751 tes.
134 720 194 750 Sed
213 720 303 749 navis
321 721 426 748 AEneae
438 740 446 755 ‚
471 728 541 758 quae
557 719 623 758 pri-

49 778 139 797 mum
158 767 268 796 locum
292 771 378 795 tenet
397 764 455 806 (ut
476 774 546 804 sup.
562 763 619 794 lib.

49 815 90 850 V,
104 812 167 843 338
183 811 314 841 Emicat
321 810 498 849 Euryalus,
513 816 545 839 ec
557 821 621 839 mu-

50 869 125 889 nere
138 858 245 888 victor
259 856 358 887 amici
368 856 478 886 Prima
493 856 599 898 tenet)
610 879 618 894 ,

45 905 142 935 habet
159 905 281 946 insigne
291 926 299 941 ‚
319 914 374 932 seu
386 913 573 943 parasemon
585 903 621 933 in

47 958 187 981 extrema
204 961 299 991 prora
311 950 419 979 leones
432 949 544 986 binos,
559 960 620 978 ma-

46 999 87 1028 tri
102 999 194 1028 Idaeae
208 1007 314 1027 sacros
324 1019 332 1034 ‚
346 996 405 1025 sub
418 1002 527 1025 monte
542 995 597 1025 Ida
608 1018 617 1032 ‚

46 1044 128 1074 forte
154 1045 187 1072 in
213 1050 304 1072 antro
331 1041 393 1082 (cf.
410 1042 467 1072 inf.
490 1041 553 1071 253
572 1041 617 1070 bi-

46 1090 142 1130 nique
161 1089 313 1130 adfrena
329 1086 477 1128 leones),
496 1087 536 1117 cf.
551 1088 616 1118 Sal-

45 1147 121 1167 mas.
149 1135 187 1165 ad
209 1135 307 1166 Solin.
331 1146 364 1175 p.
392 1134 469 1170 403.
494 1133 615 1163 AEneia

38 1181 155 1223 puppis
172 1192 182 1210 .·
196 1181 295 1218 hanc,
318 1187 355 1210 ut
380 1186 492 1221 poeta,
508 1179 590 1209 dixit
606 1191 614 1211 :

43 1230 116 1258 alias
139 1228 256 1269 puppis
275 1227 402 1256 tutelam
414 1249 422 1264 ,
439 1236 507 1255 non
527 1236 616 1266 para-

41 1285 151 1305 semou
162 1297 170 1311 ‚
185 1273 325 1304 haberet.
335 1290 382 1295 —
396 1283 409 1302 1
418 1273 472 1310 57.
484 1271 614 1301 Subvee-

41 1329 74 1351 ca
90 1322 204 1361 passim
224 1321 259 1349 in
282 1319 408 1359 scriptis
428 1324 460 1348 et
475 1319 611 1348 excusis.

41 1367 101 1397 Sed
113 1373 185 1408 post
199 1367 279 1396 Pier.
295 1366 405 1395 Heius.
423 1370 532 1393 tuetur
546 1364 612 1392 sub-

34 1413 153 1453 juncta
175 1411 353 1442 secundum
380 1410 536 1440 meliores.
556 1412 611 1440 Est

40 1466 144 1489 autem
162 1459 285 1499 poetica
304 1458 385 1487 ratio
397 1466 474 1497 pro,
489 1454 610 1486 habens

38 1506 147 1535 leones
155 1512 256 1534 rostro
265 1503 548 1544 subjunctos.——Ea
558 1513 610 1532 na-

38 1553 84 1582 vis
91 1550 268 1592 subjunctos
276 1549 372 1580 habet
377 1549 484 1579 leones
495 1556 605 1585 rostro,

35 1598 172 1637 ideoque
187 1597 270 1626 infra
282 1606 410 1637 proram
423 1602 606 1625 extremam.

36 1643 167 1683 Proprie
183 1649 287 1672 tamen
305 1652 490 1682 parasemon
505 1648 551 1670 est
559 1652 609 1671 su-

35 1700 90 1730 pra
101 1695 251 1726 rostrum3
258 1686 356 1728 igitur
365 1687 530 1728 subjuncta
540 1698 607 1717 non

35 1734 215 1777 urgendum
242 1741 289 1764 est
302 1745 310 1771 ;
333 1733 389 1763 sed
420 1739 467 1762 est
481 1743 489 1764 ε
511 1733 607 1762 hahet

36 1782 196 1822 appositos
207 1803 215 1818 ‚
230 1780 363 1810 additos.
377 1778 470 1810 Sedet
482 1777 551 1814 hic,
571 1778 603 1808 h.

35 1840 62 1859 e.
73 1830 108 1858 in
123 1827 216 1863 navi,
234 1829 346 1857 AEneas
365 1836 438 1854 cum
455 1824 603 1855 Pallante.

34 1877 142 1905 Posses
151 1871 202 1902 hic
211 1872 249 1902 de
256 1882 351 1913 prora
359 1872 510 1911 accipere,
518 1869 604 1899 unde

34 1921 115 1950 liber
130 1919 202 1949 coeli
221 1924 424 1960 prospectus3
442 1916 496 1946 sed
514 1916 603 1946 locus

33 1965 163 1996 sedendi
181 1972 212 1995 et
235 1965 311 1995 alibi
331 1965 365 1994 in
387 1963 489 2004 puppi
509 1963 603 2003 assig-

33 2019 146 2050 natur,
162 2017 193 2041 et
217 2012 276 2042 inf.
296 2022 327 2041 v,
356 2010 420 2040 218
441 2010 476 2038 in
501 2009 603 2049 puppi

32 2058 143 2088 sedens
155 2057 271 2088 diserte
291 2056 538 2087 exhibetur.—1
547 2054 599 2084 58.

31 2106 63 2134 Si
77 2107 182 2135 Tucca
201 2110 232 2134 et
246 2104 359 2134 Varius
373 2102 460 2132 hunc
475 2111 602 2131 versum

31 2150 219 2180 delevissent
229 2172 238 2187 ,
252 2149 434 2180 Maroniani
455 2147 602 2177 carminis

31 2196 194 2226 sententiae
222 2206 289 2226 non
321 2196 402 2225 male
425 2193 600 2225 consuluis-

212 2261 276 2296 IV.

675 448 762 478 seut,
778 448 813 470 nt
825 442 972 481 equidem
988 443 1125 473 arbitror
1141 453 1148 473 :
1166 455 1247 484 quo-

675 498 812 527 cumque
828 488 912 516 enim
926 494 956 517 te
967 491 1096 518 verteris
1107 512 1115 526 ,
1131 490 1247 530 impor-

676 540 773 562 tunus
794 540 858 570 est3
875 534 924 563 sin
949 535 1112 564 rescideris
1123 557 1131 572 ,
1147 536 1246 565 liber-'1

675 586 706 609 et
732 586 811 608 tersa
838 579 979 609 decurrit
1003 582 1170 611 oratio.—-
1187 582 1246 611 Ida

673 624 818 666 profitgz's
832 625 1019 666 gratissima
1047 627 1181 658 Teucris.
1203 628 1243 658 cf.

675 683 745 712 sup.
768 671 824 701 lib.
848 672 915 709 111,
942 672 980 708 5,
1007 672 1037 703 6,
1058 673 1144 702 Illud
1165 674 1246 703 forte

675 717 784 758 paullo
803 717 968 747 obscurius
986 724 1051 755 est,
1067 729 1129 758 qua
1152 721 1246 749 ratio-

676 774 716 793 ne
732 762 787 793 Ida
804 764 837 792 in
861 774 955 803 prora
976 765 1060 803 picta
1083 771 1114 793 et
1138 765 1245 795 leones

674 809 735 839 sub
747 816 856 839 monte
872 811 1012 849 expressi
1025 809 1153 840 suerint.
1172 813 1247 841 Leo-

674 856 723 885 nis
741 863 824 886 eerte
848 855 886 885 ad
907 857 1023 886 montis
1044 856 1244 886 altitudinem

673 903 728 932 vix
760 902 824 931 ulla
847 903 1013 942 proportio
1037 913 1102 932 esse
1125 904 1242 943 potuit.

672 948 760 978 Idam
781 948 842 978 sub
863 959 1006 988 personae
1023 949 1172 989 symbolo
1187 960 1242 979 ex-

670 1005 808 1034 pressam
833 995 927 1023 fuisse
945 995 1123 1034 suspicatur
1143 997 1241 1036 Spen-

672 1041 738 1069 cius
765 1041 800 1070 in
823 1040 979 1080 Polymeti
1003 1041 1085 1071 Dial.
1112 1043 1191 1079 XV,
1208 1043 1238 1072 8.

671 1088 785 1116 Parum
802 1086 967 1116 commode
981 1088 1026 1116 sic
1046 1098 1116 1117 voe.
1137 1087 1240 1118 immi-

671 1139 726 1161 net
745 1140 824 1162 esset
847 1134 1004 1172 positum3
1021 1133 1156 1163 debebat
1183 1133 1239 1164 Ida

668 1179 701 1207 in
733 1189 898 1218 personam
926 1185 1044 1208 mutata
1068 1180 1176 1209 saltem
1200 1180 1239 1210 ad

666 1224 749 1254 latus
780 1225 942 1262 adjunctos
974 1225 1089 1255 habere
1119 1226 1238 1257 leones.

666 1270 759 1301 Unde
768 1281 865 1311 porro
878 1271 944 1300 haec
958 1272 1046 1301 navis
1059 1282 1132 1301 cum
1145 1273 1238 1313 insig-

665 1318 699 1346 ni
723 1327 762 1346 ex
781 1317 925 1354 Trojanis
949 1317 1158 1356 religionibus
1182 1328 1237 1357 pe-

664 1364 724 1392 tito
741 1365 846 1392 AEneae
865 1362 949 1403 apud
973 1363 1152 1393 Caeretanos
1173 1369 1233 1393 sta-

664 1410 721 1438 tim
736 1416 839 1449 parata
849 1416 880 1438 et
892 1409 931 1438 ad
944 1419 1055 1438 manus
1067 1409 1126 1438 fuit
1137 1410 1150 1438 ?
1163 1410 1234 1439 Jam

662 1462 805 1484 veterum
826 1456 1102 1496 grammaticorum
1118 1465 1152 1484 ea
1173 1455 1234 1485 fuit

663 1500 821 1530 dubitatio
832 1524 840 1538 ‚
855 1501 1018 1541 quomodo
1034 1503 1116 1530 intra
1137 1502 1233 1531 unius

662 1547 724 1576 diei
737 1549 874 1587 spatium
890 1547 994 1577 classis
1009 1547 1156 1577 adornari
1173 1558 1231 1588 po-

662 1594 768 1624 tuerit.
814 1593 992 1623 Dicendum
1004 1616 1012 1630 ,
1053 1594 1231 1624 Caeretanos

658 1640 722 1677 jam
750 1647 822 1670 ante
849 1640 887 1669 ad
918 1639 1038 1669 bellum
1059 1640 1231 1670 instructos

660 1685 759 1726 (nam
777 1687 877 1723 VIII,
908 1692 972 1725 494
1003 1687 1090 1727 Ergo
1126 1685 1230 1714 omnis

649 1730 750 1771 fitriis
786 1732 924 1762 surreaeit
957 1731 1087 1760 Etruria
1111 1730 1228 1771 justis)

659 1777 787 1806 classem
803 1779 838 1807 iu
854 1784 983 1817 promtu
996 1777 1161 1812 habuisse,
1177 1778 1228 1806 ΙΕ-

658 1833 725 1852 neoe
760 1830 866 1852 autem
899 1833 1012 1852 navem
1046 1822 1228 1852 festinanter

656 1879 793 1899 ornasse.
808 1870 900 1898 Forte
913 1875 1016 1897 tamen
1026 1879 1085 1897 nec
1093 1868 1155 1898 hoc
1169 1879 1225 1898 ne-

657 1925 740 1944 cesse
764 1922 809 1944 est
824 1921 1006 1955 praetexere.
1024 1915 1103 1944 Nam
1113 1916 1225 1944 AEneas

655 1960 795 1990 Tiberim
819 1967 944 1990 evectus
968 1966 1033 1989 erat
1054 1960 1095 1989 ad
1121 1961 1224 1990 Evan-

655 2005 748 2036 drum
773 2007 856 2036 binis
879 2005 1014 2035 natibus
1032 2016 1102 2045 sup.
1125 2007 1223 2043 VIII,

657 2063 698 2092 79
710 2076 718 2090 ,
734 2054 787 2083 80.
804 2054 874 2093 Ipse
896 2052 1033 2081 terrestri
1048 2052 1160 2082 itinere
1182 2052 1222 2082 ad

654 2099 865 2129 Tarchontem
888 2097 1047 2138 profectus
1068 2105 1151 2135 erat;
1171 2100 1220 2128 in-

654 2145 828 2186 telligemus
839 2168 848 2182 ‚
863 2141 946 2174 κατὰ
957 2142 990 2173 τὸ
1001 2142 1198 2186 σιωπώμενον
1208 2167 1217 2181 ,

654 2202 764 2228 naves,
781 2191 888 2222 Tiberi
902 2197 987 2221 retro
999 2189 1130 2229 delatas,
1144 2191 1218 2221 litus

1039 2256 1059 2288 8
