1414 2435
493 97 554 129 AD
576 98 742 129 LIBRUM
764 99 808 128 X.
1184 100 1252 138 317

54 153 180 184 condita
194 155 289 186 fuerit
302 157 436 187 Mantua
454 161 522 186 tum
533 180 541 195 ,
557 168 658 198 quum
674 157 728 194 iis,
745 157 802 197 qui
825 166 858 185 ea
873 156 944 186 loca
961 156 1164 195 incolebant,
1178 157 1251 188 bar·

52 210 136 240 baris
151 211 300 252 expulsis,
314 211 382 241 loca
397 211 479 241 ultra
494 213 703 253 Apenninum
717 211 764 241 illi
780 218 932 242 tenerent.
949 213 1061 242 Manto
1077 218 1184 242 autem
1197 214 1250 243 Ti-

55 265 144 294 resiae
159 263 243 302 filia,
265 273 366 296 mater
380 266 409 296 ei
428 265 498 296 data
510 290 518 304 ‚
543 265 719 296 secundum
746 264 883 295 eundem
906 265 1068 306 vulgarem
1091 269 1252 298 Romano-

54 328 127 347 rum
145 329 300 358 errorem,
317 331 383 361 quo
396 320 528 350 urbium
544 321 643 351 Italiae
656 321 786 350 nomina
801 327 832 349 et
848 320 986 359 origines
1002 330 1018 349 a
1033 320 1151 350 Graecis
1163 331 1252 361 repe-

51 372 172 403 tebant.
188 368 298 405 Ocnus
315 384 419 406 autem
432 377 486 406 hic
496 398 505 412 ‚
522 376 574 405 vel
589 376 722 405 Aucnns
733 397 741 412 ‚
758 374 849 404 nullo
864 373 961 404 modo
975 385 1049 404 cum
1065 375 1252 406 Graecorum

53 427 145 456 Ocno
164 433 211 457 est
226 429 471 459 confundendus
483 453 491 467 ‚
508 440 604 470 quem
622 430 655 458 in
670 429 750 458 locis
766 427 875 457 inferis
892 428 1090 458 collocarunt
1102 430 1252 460 nonnulli

52 491 93 511 ex
109 483 222 521 poetis.
246 484 378 514 Diversa
398 484 436 514 de
456 487 546 515 Ocno
562 484 640 514 alios
659 491 690 513 et
708 483 746 513 de
763 485 905 513 Mantuae
920 484 1042 524 origine
1066 484 1248 524 tradidisse,
1270 524 1273 526 q

53 545 94 564 ex
109 537 219 566 Servio
232 537 270 566 ad
286 548 316 568 v.
335 539 398 579 198
413 539 521 579 colligi
535 544 655 579 potest3
670 538 799 567 fuerunt
812 538 896 566 enim
910 537 966 578 qui
981 539 1157 567 Bononiam
1173 550 1251 579 quo-

53 599 116 629 que
127 612 135 626 ,
149 589 226 620 olim
239 592 411 630 Felsinam,
430 593 469 623 ab
485 604 522 623 eo
537 592 699 622 conditam
715 591 875 621 traderent
892 600 899 620 :
916 597 945 620 at
962 592 1130 621 Mantuam
1148 594 1250 623 aTar-

54 641 172 673 chonte
194 646 356 676 conditam
379 653 585 676 narraverant
610 646 680 682 atii,
697 647 926 685 Mantuamque
942 644 1015 674 ideo
1036 646 1249 684 nominatam,

54 697 143 738 quod
159 700 290 730 Etrusca
305 700 413 742 lingua
430 703 560 731 Mantus
578 700 635 730 Dis
654 706 744 740 pater
764 706 828 737 est,
843 700 896 729 cui
911 699 1024 728 urbem
1041 703 1249 732 consecravit.

54 753 135 792 Quae
143 761 322 794 sequuntur
336 767 366 786 v,
381 756 563 785 201—203
574 756 710 784 Mantua
725 754 811 783 dives
822 753 889 782 avis
901 763 912 782 .·
929 753 989 783 sed
995 764 1058 783 non
1063 765 1168 796 genus
1185 767 1250 786 om-

54 805 146 835 nibus
155 817 250 836 unum
260 819 274 843 ;
290 807 377 838 Gens
387 808 437 838 illi
448 809 578 849 triplex,
587 807 704 848 populi
715 806 770 836 sub
780 815 876 848 gente
888 807 1048 848 quaterni,
1062 809 1138 848 Ipsa
1153 818 1250 851 caput

45 859 195 899 populis,
214 862 313 891 Tusco
331 862 372 892 de
392 862 550 904 sangnine
565 861 670 898 vires,
693 861 868 902 plurimum
890 860 1010 891 habent
1036 861 1249 895 obscuritatis.

53 915 154 945 Servii
171 922 246 946 nota
271 916 310 946 ad
324 928 354 948 v.
374 927 436 948 201
464 925 495 947 et
523 928 587 947 202
608 916 781 947 admodum
800 923 951 956 corrupta
973 923 1003 946 et
1024 916 1161 947 obscura
1183 926 1248 957 est,

52 974 83 998 et
101 975 256 1008 qnantum
274 971 419 1011 intelligo
442 982 483 1001 ex
502 971 586 1000 binis
609 970 930 1011 interpretationibus
950 969 1081 999 diversis
1102 971 1249 1003 conflata.

52 1022 160 1053 Altera
177 1023 245 1054 haec
263 1033 320 1056 :ut
337 1027 474 1056 Blantna
495 1033 556 1055 tres
574 1024 719 1054 habuerit
731 1024 846 1060 tribus,
867 1035 939 1065 qua·
956 1024 989 1053 in
1007 1031 1180 1065 quaternas
1195 1038 1249 1056 cu-

51 1076 116 1106 rias
133 1077 366 1110 dividebantur.
387 1082 434 1110 Ita
455 1079 593 1109 dicerem
609 1079 669 1109 sub
685 1079 851 1109 Gallorum
869 1069 1087 1109 incursionem
1100 1082 1250 1113 Etruscos

52 1141 93 1160 ex
111 1132 222 1161 ceteris
246 1133 294 1162 XI
316 1133 498 1163 civitatibus
521 1132 774 1174 circumpadanis
798 1134 966 1163 Mantuam
992 1132 1205 1173 confluxisse,
1220 1143 1250 1166 et

52 1185 148 1215 fuisse
165 1187 200 1215 in
217 1193 279 1215 tres
295 1186 397 1216 tribus
412 1186 587 1228 descriptos
597 1210 606 1225 ,
622 1199 757 1228 quarum
770 1198 904 1228 quaeque
918 1194 1056 1228 quatuor
1071 1187 1180 1219 demos
1195 1189 1250 1219 ha-

52 1237 159 1276 beret,
173 1249 253 1280 quos
270 1240 425 1280 Virgilius
435 1241 571 1281 populos
590 1241 682 1272 dixit.
700 1243 823 1271 Verum
836 1242 880 1271 sic
896 1252 963 1271 non
976 1248 1102 1281 poterat
1115 1244 1250 1273 Mantua

51 1292 116 1323 dici
130 1301 228 1335 eaput
246 1294 294 1324 his
303 1295 444 1336 populis.
461 1297 578 1336 Attigit
590 1296 698 1326 locum
714 1298 766 1327 Jo.
783 1298 835 1326 Fr.
854 1296 1039 1325 Gronovius
1058 1295 1097 1324 ad
1115 1297 1183 1327 Liv.
1197 1300 1248 1335 V,

53 1350 115 1387 34,
136 1350 197 1387 35,
219 1357 250 1380 et
269 1357 399 1392 gentem
424 1350 580 1392 triplicem
598 1351 715 1392 accipit
735 1358 797 1381 tres
815 1351 970 1392 regiones.
989 1352 1092 1381 Docet
1107 1351 1161 1381 ille
1179 1353 1249 1392 qui-

51 1403 123 1432 dem
147 1414 186 1434 eo
206 1403 280 1434 loco
298 1406 425 1446 copiose
436 1427 445 1442 ‚
459 1413 571 1447 gentes
586 1412 618 1435 et
628 1405 765 1447 populos
778 1415 859 1445 saepe
875 1404 1027 1445 conjungi
1044 1405 1130 1445 apud
1149 1407 1248 1446 scrip-

51 1463 154 1495 tores,
167 1465 201 1488 et
216 1465 357 1500 patere„
340 1466 464 1489 ventem
479 1459 593 1497 latius,
610 1470 645 1490 ac
662 1470 754 1500 posse
769 1459 829 1489 sub
847 1469 879 1488 se
894 1457 1163 1498 comprehendere
1178 1460 1250 1500 plu-

50 1522 100 1541 res
111 1511 269 1552 populos,
285 1512 325 1542 de
343 1523 408 1553 qno
429 1524 524 1540 nemo
543 1514 634 1540 facile
649 1513 785 1541 dubitat.
802 1514 923 1541 Verum
942 1511 1010 1541 haec
1025 1514 1132 1542 omnia
1145 1514 1250 1554 Virgi-

47 1565 170 1596 liannm
182 1566 291 1596 locum
305 1577 419 1606 pamm
439 1565 625 1606 expediunt.
646 1567 706 1595 Fac
727 1565 812 1595 enim
827 1564 890 1596 hoc
907 1567 949 1595 ita
962 1576 994 1596 se
1007 1566 1143 1597 habere:
1160 1569 1248 1598 Mau-

50 1625 139 1649 tuam
154 1619 247 1661 (aut,
271 1619 358 1660 quod
378 1620 503 1656 malim,
517 1630 629 1661 agrum
646 1618 882 1660 Mantuanum)
896 1620 1043 1650 habuisse
1066 1627 1128 1650 tres
1145 1622 1248 1662 regio-

50 1683 123 1710 nes,
144 1683 281 1713 quarum
304 1683 439 1714 quaeque
461 1674 640 1704 contineret
660 1680 798 1715 quatuor
819 1674 957 1714 populos
976 1673 1027 1714 (h.
1054 1675 1247 1709 conventus,

50 1723 165 1769 δτῖμευς
175 1725 188 1767 )
199 1748 207 1763 ,
224 1736 264 1756 an
277 1725 316 1755 de
332 1727 436 1765 prisco
450 1728 592 1756 Mantuae
606 1734 691 1757 statu
702 1728 747 1757 sic
760 1734 883 1757 constat
897 1728 1031 1756 melius?
1041 1737 1081 1756 an
1096 1728 1129 1755 in
1142 1733 1248 1756 vetere

47 1781 179 1811 historia
197 1781 369 1821 quicquam
384 1786 448 1816 est,
467 1780 556 1820 quod
571 1791 645 1811 cum
662 1792 697 1811 ea
715 1781 943 1810 memoratione
965 1781 1163 1810 consentiat?
1182 1782 1247 1811 Nec

48 1846 124 1865 vero
151 1845 260 1864 versus
284 1832 464 1874 praecedens
486 1834 659 1863 convenit:
679 1835 816 1863 Mantua
842 1832 927 1862 dives
950 1833 1037 1869 avis;
1059 1832 1137 1873 quid
1162 1834 1247 1863 euim

48 1887 98 1918 his
116 1899 190 1918 cum
204 1887 258 1917 illa
274 1887 432 1917 divisione
447 1887 482 1916 in
501 1887 644 1927 regiones
666 1897 835 1916 commune
853 1887 919 1916 est?
942 1886 1107 1917 Cluverius
1125 1887 1159 1916 in
1177 1886 1246 1917 Ital.

50 1949 113 1973 ant.
126 1953 159 1983 p.
168 1942 238 1973 ‚255
249 1965 258 1979 ,
266 1943 326 1972 etsi
336 1940 473 1983 populos
483 1948 653 1981 quaternos
663 1951 794 1981 prorsus
809 1939 953 1980 explodit
963 1962 972 1977 ,
987 1947 1136 1980 tanquam
1145 1946 1246 1980 poetae

52 2003 281 2033 commentum,
301 2006 367 2036 quo
390 1995 528 2025 diversas
544 1995 690 2025 historias
714 1994 897 2035 compilatas
918 1996 1078 2025 miscuerit
1094 2001 1245 2036 :gentem

16 2064 18 2066 ’
52 2056 156 2080 tamen
176 2049 330 2091 triplicem
353 2050 515 2091 agnoscit,
533 2056 564 2080 et
581 2048 621 2080 ad
646 2048 785 2089 triplices
809 2048 940 2079 colonos
955 2048 1065 2086 refert,
1087 2049 1142 2089 qui
1159 2050 1246 2078 Man-

51 2109 138 2132 tuam
154 2103 350 2135 insederunt.
373 2105 517 2134 Fuerunt
540 2104 624 2134 enim
649 2102 831 2133 conditores
854 2102 942 2132 urbis
966 2103 1090 2133 Etrusci
1111 2111 1119 2132 ε
1142 2102 1181 2132 iis
1204 2111 1245 2132 ex

52 2157 133 2198 agris
151 2158 402 2199 circumpadanis
424 2158 564 2199 expulsis
575 2181 583 2196 ‚
600 2158 684 2188 Galli
697 2156 810 2188 urbem
829 2163 1017 2194 tenuerunt,
1034 2163 1088 2186 aut
1104 2157 1244 2187 Etruscis

50 2211 179 2242 fuerunt
195 2211 487 2251 admixti31andem
508 2223 549 2244 ex
571 2211 715 2244 finitimis
733 2212 865 2243 Venetis
884 2209 1032 2242 nonnulli
1054 2210 1138 2240 inter
1160 2210 1243 2239 cives

1053 2272 1119 2318 27*
