1414 2435
112 90 154 123 56
610 92 802 126 AENEIDOS

113 153 218 195 Quos
235 148 338 186 Jovis
358 149 489 187 eduxit
507 150 592 188 luco
609 151 788 188 silvestris
809 153 920 195 Iaera,

112 209 312 247 Abietibus
326 210 484 259 juvenes
501 211 632 261 patriis
651 220 688 249 et
705 210 897 249 montibus
915 222 1060 260 aequos,

112 272 282 314 Portam,
299 282 384 320 quae
403 270 508 308 ducis
524 271 685 321 imperio
705 271 906 316 conmissa,
927 269 1125 307 recludunt
1251 278 1300 310 675

111 329 213 366 Freti
233 329 365 377 armis,
381 331 558 380 ultroque
577 331 738 368 invitant
756 330 941 367 moenibus
959 330 1118 367 hostem.

110 388 190 438 Ipsi
207 388 307 426 intus
325 387 458 426 dextra
475 402 517 426 ac
536 389 630 426 laeva
648 402 720 439 pro
741 388 909 426 turribus
930 388 1077 425 adstant

111 447 258 484 Armati
277 448 398 494 ferro,
416 457 453 485 et
472 448 594 485 cristis
613 448 735 498 capita
755 448 830 483 alta
846 447 994 484 corusci
1011 462 1020 483 :

111 507 250 553 Quales
271 508 382 545 aeriae
400 508 584 558 liquentia
600 507 754 544 flumina
774 507 933 552 circum,

112 567 201 604 Sive
220 566 312 603 Padi
330 567 442 618 ripis,
462 567 633 604 Athesim
651 579 718 605 seu
736 574 894 617 propter
914 577 1121 612 amoenum,
1254 575 1302 599 68⁰

111 629 352 676 Consurgunt
371 628 528 677 geminae
549 642 730 678 quercus,
750 629 975 677 intonsaque
997 627 1090 664 coelo

111 686 309 723 Adtollunt
326 687 467 737 capita,
488 697 524 724 et
542 688 693 725 sublimi
712 688 854 725 vertice
873 695 1018 724 nutant.

110 750 356 796 Inrumpunt,
378 747 501 784 aditus
516 748 649 786 Rutuli
670 758 711 785 ut
729 749 861 785 videre
880 747 1054 797 patentis.

110 807 299 844 Continuo
317 809 530 853 Quercens,
550 818 587 845 et
606 809 764 858 pulcher
779 808 988 858 Aquiculus
1009 808 1141 854 armis,

111 868 158 904 Et
176 878 345 917 praeceps
366 867 480 904 animi
498 871 674 913 Tmarus,
693 878 730 905 et
747 868 960 905 Mavortius
979 870 1154 912 Haemon,
1256 876 1304 900 css

110 928 335 979 Agminibus
357 929 445 967 totis
467 938 532 967 aut
551 931 652 968 versi
670 940 775 980 terga
794 930 955 976 dedere,

109 992 187 1026 Aut
204 989 288 1039 ipso
308 1000 427 1039 portae
446 1005 607 1041 posuere
625 992 662 1027 in
682 992 811 1028 limine
827 992 955 1028 vitam.

108 1052 206 1087 Tum
226 1051 343 1100 magis
362 1052 575 1089 increscunt
596 1053 729 1089 animis
750 1052 988 1090 discordibus
1007 1053 1090 1098 irae;

113 1115 159 1150 Et
174 1114 250 1163 jam
272 1113 431 1150 conlecti
447 1116 564 1150 Troes
585 1114 841 1164 glomerantur
859 1114 1011 1161 eodem,

111 1175 158 1209 Et
175 1175 346 1212 conferre
364 1189 533 1221 manum,
555 1184 591 1212 et
613 1189 841 1226 procurrere
860 1176 1008 1226 longius
1025 1175 1175 1213 audent.
1258 1184 1307 1218 690

110 1313 146 1342 in
170 1311 243 1343 luco
273 1312 363 1343 Jovis
391 1311 466 1342 Idaei
496 1313 681 1353 parentibus

109 1359 284 1389 silvestrem
314 1359 348 1388 in
373 1358 558 1389 nemoribus
589 1360 682 1390 Idaeis

110 1406 207 1435 vitam
233 1404 407 1446 agentibus.
436 1422 483 1428 —-—
502 1406 579 1443 674.
611 1406 679 1436 Ele-

109 1461 186 1492 gans
195 1458 241 1481 est
255 1450 432 1481 emendatio
442 1462 458 1481 a
471 1453 491 1482 J
493 1462 540 1482 ac.
551 1453 679 1492 Bryant.

110 1498 344 1527 communicata
358 1506 365 1527 ζ
375 1497 492 1537 patriis
514 1498 547 1527 in
566 1498 681 1527 'nonti-

111 1542 177 1573 bus.
195 1545 241 1573 Ita
258 1544 368 1582 utique
389 1543 497 1572 malim
512 1544 681 1583 Virgilium

109 1589 278 1629 scripsisse.
290 1589 436 1620 Ceterum
447 1599 571 1618 versum
582 1589 679 1625 hunc,

110 1641 210 1675 puto,
235 1634 387 1675 Virgilius
407 1634 592 1664 sublaturus
609 1635 680 1665 suis-

109 1688 156 1710 set
180 1680 326 1711 secundis
352 1681 436 1710 curis
451 1690 458 1711 z
473 1691 544 1710 naui
569 1681 678 1722 friget,

110 1736 212 1767 quum
244 1726 353 1757 eadem
383 1728 575 1767 comparatio
605 1738 681 1757 mox

111 1779 174 1803 tam
188 1774 315 1813 copiose
330 1780 463 1803 ornetur
481 1783 526 1804 vs.
546 1774 611 1814 (379
634 1785 679 1814 sq.

113 1835 157 1841 —-
184 1812 334 1860 Ἐλάτῃσιν
367 1817 498 1853 ἐαικότες
535 1817 680 1860 ϋψηλῇσιν

112 1865 201 1895 Iliad.
223 1876 255 1900 ε,
282 1866 358 1896 560.
383 1867 463 1896 Cum
484 1865 599 1895 montis
626 1877 681 1896 au·

111 1918 173 1942 tem
193 1912 358 1942 cacumine
371 1919 571 1953 comparatur
589 1913 681 1953 Poly-

111 1958 244 1998 phemus
275 1958 390 1999 Odyss.
425 1969 453 1995 ι,
490 1969 569 1998 191,
606 1969 678 1997 ¹92·

112 2005 149 2032 ln
173 2003 339 2034 commissa
362 2015 441 2035 vers,
459 2005 524 2043 675
546 2006 680 2046 argutati

110 2056 186 2079 sunt
208 2057 327 2080 veteres
349 2050 433 2091 apud
457 2053 563 2087 Serv.‚
579 2060 678 2090 quum

110 2094 311 2132 dubitarent,
340 2107 379 2126 nu
403 2098 462 2132 sit,
485 2097 610 2131 clausam
632 2097 679 2126 uti

110 2140 287 2171 tabularum
325 2143 536 2173 commissum
568 2143 679 2173 dicuu-

111 2193 173 2218 tur.
198 2188 269 2224 Est,
293 2187 378 2218 haud
406 2188 520 2227 dubie,
539 2188 674 2228 credita,

735 1312 886 1344 custodiae
909 1322 1020 1343 eorum
1039 1322 1055 1341 a
1073 1311 1156 1341 duce
1177 1310 1305 1341 manda-

735 1367 764 1390 ta
781 1370 788 1391 :
815 1366 845 1390 et
860 1370 930 1400 sup.
958 1358 1021 1396 176
1039 1358 1135 1388 Nisus
1152 1365 1222 1387 erae
1233 1368 1307 1398 por-

735 1414 776 1436 toe
791 1413 903 1436 custos.
920 1422 966 1428 —
985 1405 1063 1442 676.
1083 1403 1257 1440 Moenibus;
1273 1405 1307 1434 in

735 1454 851 1483 moenia
874 1459 910 1482 ut
936 1451 1017 1480 solio
1041 1451 1140 1486 VIII,
1169 1450 1244 1488 178.
1259 1466 1306 1473 ·—-

736 1499 814 1536 677.
835 1501 898 1528 Pro
929 1496 1061 1526 turribus
1087 1497 1209 1537 accipio
1237 1493 1304 1527 ἀντὶ

735 1544 883 1587 πύργων,
907 1549 1053 1583 tanquam
1074 1541 1159 1572 binae
1183 1549 1303 1579 turres,

735 1591 823 1620 aliter
835 1600 870 1620 ac
883 1600 953 1629 sup.
968 1600 998 1619 v.
1021 1589 1097 1627 575.
1113 1606 1158 1611 —
1173 1589 1240 1628 679
1257 1599 1302 1630 sq.
1354 1627 1359 1632 .

733 1648 773 1666 ex
791 1637 812 1667 l.
834 1647 861 1666 c.
880 1634 968 1665 Iliad.
989 1646 1031 1677 μ,
1060 1635 1118 1665 131
1142 1645 1231 1675 sqq.,
1251 1635 1305 1665 sed

733 1683 858 1713 ornavit
885 1688 976 1722 poeta
1001 1681 1157 1719 adjunctis
1175 1691 1191 1710 a
1217 1688 1305 1712 certo

734 1739 847 1770 genere
873 1739 905 1758 ac
927 1728 1001 1758 loco
1025 1728 1132 1768 petitis
1153 1728 1235 1757 circa
1250 1730 1304 1759 Pa-

734 1775 811 1805 dum
834 1782 864 1805 et
891 1773 1045 1804 Athesim.
1070 1774 1222 1804 Nostrum
1249 1774 1304 1803 ite-

735 1832 804 1852 rum
832 1821 985 1862 expressit
1011 1818 1174 1851 claudian.
1203 1818 1242 1849 de
1263 1821 1303 1850 R.

735 1871 822 1899 Pros.
842 1869 908 1904 111,
926 1867 1002 1904 370.
1020 1864 1167 1895 Flumina
1183 1864 1301 1905 liquen-

734 1913 778 1944 tia
790 1926 802 1950 ;
821 1921 857 1944 ut
873 1914 944 1943 fons
959 1911 1099 1951 liquidus
1114 1920 1121 1940 ε
1138 1910 1302 1951 epitheton

733 1970 858 1990 ornans.
875 1959 939 1999 Qui
955 1958 1021 1992 684
1043 1957 1268 1994 nominantur,
1286 1968 1302 1986 e

734 2004 861 2036 Rutulis
885 2010 972 2034 sunt.
996 2019 1041 2025 --
1067 2003 1145 2032 688.
1174 2003 1302 2033 Animis

732 2049 944 2086 discordibus,
985 2055 1113 2083 omne.
1157 2059 1216 2089 pro
1252 2050 1299 2081 iis.

731 2098 814 2127 Tum
836 2096 934 2138 magis
951 2096 1130 2125 increscunt
1155 2097 1208 2125 iroe
1226 2098 1302 2126 Tuo·

730 2143 821 2181 janis.
846 2144 917 2173 Jnm
939 2149 1042 2172 autem
1061 2141 1083 2170 ii
1099 2149 1187 2172 eraut
1201 2141 1299 2173 hosti-

732 2188 815 2219 libus
829 2189 862 2219 iu
877 2188 1013 2220 Rutulos
1026 2188 1147 2218 animis.
