1414 2435
562 99 682 130 CIRIS.

1153 96 1213 131 367

30 157 245 204 Deprensos
265 163 397 191 nautas
415 153 571 192 canibus
592 156 774 192 lacerasse
793 155 958 193 marinis.

31 214 106 251 Sed
123 228 244 264 neque
263 215 435 251 Maeoniae
454 215 535 251 haec
554 216 754 265 patiuntur
774 215 928 252 credere
947 214 1102 263 chartae,

30 277 65 311 N
66 288 108 311 ec
126 275 244 310 malus
263 275 424 311 istorum
445 275 571 311 dubiis
589 275 783 313 erroribus
803 284 946 312 auctor.

30 336 200 383 Namque
222 334 311 370 alias
332 335 395 370 alii
414 335 529 383 vulgo
549 334 690 371 finxere
709 335 870 385 puellas,

29 395 123 439 Quae
142 393 424 443 Colophoniaco
449 394 581 443 Scyllae
603 394 776 431 dicantur
793 397 972 431 Homero.
1187 401 1217 424 ⁶5

27 455 108 504 Ipsi
126 467 192 492 seu
208 456 336 492 Lamie
354 463 475 491 mater
495 455 560 501 sit,
581 456 659 492 sive
681 454 854 500 Crataeis,

29 513 117 550 Sive
136 514 236 551 illam
253 524 422 552 monstro
441 515 573 564 genuit
593 517 728 550 Persea
745 513 919 559 biformi,

30 573 119 609 Sive
138 583 192 611 est
208 583 343 612 neutra
362 587 498 624 parens
516 589 524 610 t
547 582 659 622 atque
677 574 751 609 hoc
771 572 810 609 in
828 571 994 609 carmine
1014 580 1092 609 toto

29 633 196 682 Inguinis
214 644 270 672 est
287 635 425 671 vitium
447 643 484 670 et
501 634 658 670 Veneris
678 633 865 681 descripta
885 631 1003 669 libido
1010 647 1020 677 ;

32 693 120 729 Sive
141 694 253 730 etiam
272 702 327 730 est
342 693 452 743 jactis
474 694 638 742 speciem
657 700 800 728 mutata
818 692 982 728 venenis.

29 751 165 787 Infelix
184 752 292 802 virgo
315 767 322 788 :
344 751 435 801 quid
454 752 553 787 enim
573 752 797 787 conmiserat
816 751 901 786 illa?

27 813 113 859 Ipse
133 813 242 847 Pater
259 810 399 846 nudam
415 823 513 846 saeva
532 810 738 859 conplexus
758 822 872 846 arena

27 869 253 919 Conjugium
273 883 368 906 carae
387 870 598 906 violaverat
616 869 863 919 Amphitrites
883 885 890 905 :

27 932 201 966 Attamen
219 930 343 979 exegit
362 931 473 978 longo
493 938 579 979 post
597 938 766 978 tempore
783 942 929 978 poenas,

27 990 97 1034 Ut,
117 1002 234 1038 quum
253 1002 344 1025 cura
363 988 422 1024 sui
440 988 643 1024 veheretur
661 988 830 1037 conjugis
850 988 944 1033 alto,
1183 998 1213 1029 7⁵

26 1049 114 1096 Ipsa
132 1055 276 1083 trucem
295 1047 414 1083 multo
433 1047 606 1083 miseeret
624 1046 803 1095 sanguine
822 1054 989 1095 pontum.

28 1107 103 1142 Seu
120 1118 231 1154 vero,
251 1115 294 1143 ut
313 1105 533 1155 perhibent,
554 1105 673 1142 forma
692 1118 809 1154 quum
824 1105 991 1141 vinceret
1009 1104 1157 1149 omnis„

70 1283 124 1312 66.
141 1283 230 1314 Ordo
247 1283 409 1313 sententiae
422 1283 461 1312 ab
473 1282 521 1312 his
534 1293 585 1313 us-

23 1339 85 1368 que
110 1328 148 1358 ad
167 1340 227 1359 vss.
257 1329 299 1367 89
325 1340 392 1369 sqq.
420 1329 584 1369 procedit:

24 1375 90 1404 Sed
108 1374 170 1414 ipsi
191 1385 245 1403 seu
268 1375 384 1404 Lamia
408 1382 510 1404 mater
526 1375 582 1410 sic,

22 1431 77 1450 sea
96 1420 246 1455 Orantis,
266 1431 320 1448 seu
343 1423 458 1449 Persea
465 1432 478 1456 ;
501 1420 533 1449 h.
557 1431 583 1450 e.

22 1468 156 1503 Hecate3
181 1464 244 1494 sive
266 1465 325 1494 illa
348 1465 520 1507 allegorice
540 1473 589 1495 est·-

21 1511 117 1541 libido
146 1513 179 1540 V
175 1521 307 1547 enerea,
341 1511 402 1540 sive
426 1512 540 1551 puella
564 1522 586 1541 α

22 1559 169 1598 Neptuno
194 1567 343 1598 oppressa
368 1564 400 1586 ec
422 1557 455 1586 in
481 1568 585 1587 mons-

22 1611 104 1633 trum
118 1611 258 1640 mutata,
277 1603 338 1633 sive
351 1603 466 1642 puella
488 1614 586 1643 qnaes-

21 1656 87 1678 tum
112 1649 249 1689 corporis
261 1648 393 1689 faciens
405 1660 416 1678 .-
432 1649 588 1689 quidquid

21 1701 82 1730 esc,
94 1694 135 1724 de
147 1705 186 1724 ea
195 1693 299 1733 potius
313 1705 447 1735 agamus
461 1695 580 1732 Scylla,

21 1751 92 1781 quae
110 1739 142 1770 ἰη
162 1739 249 1770 Cc'rin
262 1747 386 1768 mutata
399 1747 455 1770 est.
465 1757 512 1762 --
523 1742 586 1769 La-

21 1785 95 1816 mioe
124 1785 223 1816 filiam
252 1785 420 1815 tradiderat
448 1786 584 1825 Scyllam

21 1832 226 1863 stesichorus.
252 1848 298 1854 —-
316 1833 432 1861 Persea
454 1838 500 1860 est
524 1833 584 1860 He-

22 1884 108 1915 cate,
130 1881 228 1908 Persae
246 1888 286 1907 ex
304 1878 428 1907 Asteria
446 1875 521 1906 filia.
540 1894 586 1898 —

23 1924 197 1954 Monstrum
207 1923 350 1965 biforme,
365 1919 478 1963 διφυὲς,
492 1921 587 1953 Phor-

25 1978 80 2009 cys
94 1970 144 1999 vel
160 1970 319 2010 Phorcyn.

71 2024 125 2052 70.
143 2017 192 2045 Ex
206 2022 307 2056 poetae
331 2014 434 2044 verbis
457 2014 526 2043 talis
543 2013 587 2042 fa-

24 2059 108 2089 bulae
118 2059 246 2091 habitus
260 2072 324 2091 esse
337 2061 448 2090 debuit
460 2070 466 2090 :
483 2059 587 2100 Scylla

23 2115 38 2134 a
54 2107 203 2146 Neptuno
217 2117 364 2148 oppressa
378 2106 587 2146 Amphritites

22 2152 100 2181 iram
129 2152 164 2181 in
192 2162 224 2182 se
251 2155 480 2188 concitaverat;
515 2161 586 2191 quae

21 2207 88 2226 eam
105 2197 264 2237 aliquanto
284 2205 355 2238 post
377 2199 419 2228 ita
434 2197 500 2228 ulta
516 2204 580 2233 est,

639 1291 692 1321 ut,
710 1293 783 1313 cum
801 1285 914 1313 marito
930 1294 986 1323 per
1000 1293 1084 1312 mare
1097 1291 1186 1313 vecta
1198 1306 1207 1320 ‚

639 1340 762 1359 veneno
785 1340 879 1369 aquas
894 1328 1051 1365 inficeret,
1067 1339 1130 1368 quo
1154 1330 1207 1359 illa

639 1385 717 1414 aqua
743 1377 861 1404 marina
890 1385 1004 1414 corpus
1031 1374 1138 1404 lavans
1171 1376 1206 1404 in

638 1427 814 1451 monstrum
830 1427 1072 1450 mutaretur.——
1088 1431 1140 1457 72.
1157 1421 1205 1460 Ip-

638 1477 670 1495 se
698 1468 809 1501 Pater,
842 1468 1010 1506 Neptunus
1021 1488 1029 1503 ‚
1061 1476 1102 1495 ex
1128 1473 1205 1495 noto

638 1519 801 1552 poetarum
817 1523 904 1542 more
917 1511 956 1541 de
968 1513 1066 1548 Jove,
1084 1510 1122 1540 de
1135 1511 1206 1541 Plu-

639 1565 713 1588 tone
727 1565 758 1587 et
771 1559 931 1598 Neptuno.
942 1558 1024 1594 Alii,
1038 1567 1096 1598 pro
1109 1558 1205 1594 mari,

638 1604 776 1640 fontem,
788 1604 823 1633 in
836 1614 900 1644 quo
913 1604 1016 1644 Scylla
1031 1614 1063 1633 se
1077 1603 1205 1638 lavaret,

639 1650 854 1690 Amphitriten
879 1648 1140 1679 medicaminibus
1158 1649 1205 1678 in-

637 1697 781 1736 quinasse
805 1702 975 1725 narrarunt
997 1705 1005 1725 :
1026 1705 1066 1724 ex
1089 1694 1205 1733 quibus

637 1743 749 1771 Tzetza
766 1752 831 1770 rem
845 1741 978 1780 exponit
990 1739 1030 1768 ad
1045 1739 1204 1780 Lycophr.

639 1787 698 1823 45,
719 1787 796 1821 648.
816 1787 922 1817 Circes
945 1785 1064 1814 artibus
1088 1784 1120 1814 id
1139 1785 1204 1814 fac-

637 1839 707 1860 tum
731 1831 866 1861 traditur
887 1832 922 1860 iu
943 1831 1065 1871 vulgari
1098 1841 1204 1860 narra-

640 1878 726 1906 tione
743 1877 781 1907 de
797 1878 911 1907 Glauci
930 1877 1104 1913 amoribus,
1120 1876 1203 1917 apud

639 1923 791 1953 Ovidium
802 1946 810 1960 ‚
826 1923 988 1963 Hyginum
1010 1929 1040 1952 et
1056 1922 1143 1952 alios.
1160 1939 1205 1944 —

643 1969 700 2005 75,
727 1969 780 2007 76.
799 1971 841 1998 Ut
857 1968 999 1998 misceret
1013 1967 1205 2008 Amphitrite

634 2022 770 2053 pontum
796 2014 893 2044 multo
911 2013 1083 2055 sanguine,
1109 2024 1203 2054 quem

639 2069 698 2099 pro
712 2070 836 2091 veneno
853 2059 975 2090 dictum
996 2070 1061 2090 esse
1078 2070 1202 2090 necesse

639 2112 694 2135 est.

686 2153 831 2191 77—88.
845 2154 916 2186 Sive
930 2152 1034 2194 Scylla
1047 2152 1108 2184 fuit
1118 2154 1205 2194 puel-

637 2197 665 2227 la
682 2201 805 2230 eximiae
823 2200 948 2236 formae,
966 2209 1038 2240 quae
1062 2200 1203 2240 corporis
