1414 2435
131 70 194 99 288

635 68 830 100 AENEIDOS

182 129 262 165 Nec
283 125 405 162 minus
426 126 580 171 AEneas‚
600 137 833 176 quamquam
853 125 1001 163 tardata
1020 124 1156 177 sagitta

68 183 80 189 ’
131 185 331 226 Interdum
350 198 473 236 genua
490 184 710 236 inpediunt,
731 199 961 237 cursumque
980 194 1175 232 recusant,

131 248 366 298 Insequitur,
391 245 608 297 trepidique
627 246 764 296 pedem
783 247 880 297 pede
898 248 1067 285 fervidus
1088 255 1209 297 urget.

132 310 323 347 Inclusum
339 307 460 346 veluti
478 307 510 345 si
530 307 684 358 quaudo
703 308 860 346 flumine
877 316 1011 346 nactus

132 374 314 416 Cervum,
337 378 403 406 aut
422 368 595 419 puniceae
614 376 775 418 saeptum
794 368 997 406 formidine
1017 380 1168 418 pennae‚
1289 375 1336 407 750

132 434 301 467 Venator
319 442 433 467 cursu
451 429 554 466 canis
572 436 610 465 et
629 427 831 466 latratibus
850 428 986 475 instat3

131 491 198 527 Ille
219 499 344 526 autem
356 518 367 536 ‚
384 489 532 525 insidiis
553 497 591 524 et
609 488 695 539 ripa
713 488 870 525 territus
890 489 985 534 alta,

131 550 236 587 Mille
254 549 368 599 fugit,
389 547 607 598 refugitque
626 550 707 585 vias
727 562 735 584 :
754 556 792 584 at
810 547 964 585 vividus
982 547 1130 585 Umber

132 613 261 648 Haeret
279 609 406 655 hians,
423 609 655 659 jamjamque
675 616 797 656 tenet,
815 607 1025 659 similisque
1044 608 1186 646 tenenti

132 670 328 720 Increpuit
345 669 470 715 malis,
489 682 697 719 morsuque
716 670 842 706 elusus
861 669 966 707 inani
987 677 1054 706 est.
1293 677 1341 709 7⁵⁵

133 735 232 769 Tum
250 742 344 767 vero
366 729 539 766 exoritur
558 730 719 777 clamor3
740 730 911 781 ripaeque
930 731 1111 781 lacusque

135 796 373 842 Responsant
393 790 492 826 circa
505 818 515 836 ‚
533 799 571 826 et
591 791 727 826 coelum
748 799 855 828 tonat
872 804 983 827 omne
1005 791 1182 828 tumultu.

136 853 204 890 Ille
223 851 333 888 simul
352 850 516 900 fugiens,
537 850 701 886 Rutulos
721 849 833 887 simul
851 850 1024 899 increpat
1042 851 1184 894 omnis,

135 912 299 951 Nomine
316 923 505 961 quemque
524 922 683 956 vocans,
702 919 913 960 notumque
931 909 1113 959 efflagitat
1130 922 1268 946 ensem.

138 976 275 1011 AEneas
293 979 455 1008 mortem
472 978 623 1018 contra,
642 982 886 1020 praesensque
903 969 1070 1007 minatur
1295 980 1342 1010 ςδι-

191 1136 268 1176 746.
298 1135 464 1166 Tardante
485 1136 605 1178 sagitta
620 1136 715 1178 pleri-

142 1194 205 1224 que
220 1183 313 1219 libri,
333 1184 426 1213 etiam
440 1183 559 1214 Medic.
576 1194 591 1213 a
605 1195 647 1214 m.
665 1195 714 1224 pr.

141 1236 173 1260 et
183 1237 259 1261 vett.
271 1229 342 1260 edd.
358 1236 429 1259 ante
443 1231 525 1259 Dan.
538 1231 716 1267 Heinsium,

140 1277 199 1318 qui
223 1277 346 1318 primus
368 1276 499 1306 tardata
525 1287 570 1308 sc.
595 1287 715 1318 genua,

141 1324 253 1365 sagitta
263 1335 287 1354 s.
303 1323 454 1353 vnlnere:
469 1323 557 1363 quod
571 1335 611 1354 ex
621 1326 715 1355 Rom.

141 1377 172 1400 et
182 1370 250 1400 aliis
263 1377 427 1401 notaverat
437 1370 569 1400 Pierius.
577 1370 717 1401 Turbata

142 1417 301 1448 Montalb.
313 1434 358 1440 -—
369 1417 483 1447 Genua
493 1417 612 1448 tardata
623 1417 718 1460 sagit-

144 1471 194 1499 ta,
215 1464 348 1494 vulnere
363 1474 459 1504 supra
477 1474 558 1495 vers,
578 1465 655 1503 319.
672 1481 718 1487 —-

145 1521 161 1548 7
170 1516 222 1551 49.
240 1512 354 1542 Primae
367 1511 614 1550 comparationis
627 1511 719 1540 liueae

144 1559 179 1587 in
193 1559 340 1588 Hectoris
355 1556 429 1597 fuga
447 1556 536 1587 Iliad.
552 1569 584 1597 χ,
602 1568 631 1587 τ’.
653 1557 717 1586 188

145 1614 213 1644 sqq.
241 1611 272 1633 et
295 1604 331 1633 in
347 1603 474 1633 Dolone
497 1602 720 1644 persequendo

145 1661 185 1688 κ,
205 1650 289 1686 360,
311 1647 443 1680 diversis
476 1656 578 1679 tamen
605 1649 719 1680 modis.

145 1697 279 1729 ornavit
288 1697 500 1726 narrationem
512 1696 607 1726 simili
618 1707 722 1726 exem-

145 1743 201 1785 plo
215 1743 354 1784 Oppian.
366 1742 506 1773 Halieut.
517 1744 560 1780 V,
577 1743 643 1773 586
659 1754 719 1784 sq.,

145 1792 207 1829 jam
241 1789 370 1819 Guellio
401 1788 560 1821 laudatus,
576 1807 623 1813 —-
641 1791 719 1829 750.

149 1836 383 1878 Autpunicea‘.
400 1836 458 1866 Ge.
475 1838 534 1874 111,
551 1838 637 1875 372:
655 1838 722 1867 Hos

150 1895 212 1914 non
217 1908 273 1915 .....
302 1882 490 1914 Puniceaeve
515 1883 645 1926 agitant
658 1895 721 1924 pa-

151 1931 238 1961 vidos
246 1929 426 1972 formidine
435 1930 551 1971 pinna*
566 1931 623 1961 nbi
638 1930 721 1962 vide.

152 1997 197 2001 —-
210 1979 285 2016 752.
305 1977 436 2007 Insidiis
453 1989 463 2007 :
478 1985 553 2008 sunt
570 1978 631 2008 illae
647 1979 724 2019 ipsae

152 2025 243 2055 linem
271 2025 380 2065 pinnis
404 2035 440 2054 ac
462 2024 634 2055 formidine
661 2025 724 2054 dis·

153 2072 259 2101 tincta*
272 2095 279 2104 ,
290 2082 368 2112 quas
384 2083 596 2113 expavescens
613 2082 726 2102 cervus

153 2128 220 2148 non
252 2118 396 2148 transilit.
413 2137 459 2142 -
480 2119 556 2157 753.
591 2118 723 2154 Umber,

154 2165 240 2195 canis
269 2175 307 2194 cx
336 2166 466 2195 I'mbria
483 2176 490 2196 :
519 2165 606 2206 quod
638 2164 727 2195 facile

156 2210 271 2242 videas.
285 2229 330 2234 —-
353 2212 393 2249 75
405 2219 433 2247 ’.,
465 2213 542 2250 755.
571 2211 727 2254 Lepidum

771 1141 996 1167 ornamentum
1030 1136 1245 1176 comparantis
1272 1134 1318 1165 rei
1335 1142 1343 1164 ε

770 1184 907 1224 petitum
923 1194 963 1212 ex
977 1182 1132 1223 Apollon.
1144 1182 1202 1214 lib.
1215 1184 1263 1219 ΙΙ,
1279 1181 1344 1220 278

771 1241 817 1270 sq.
846 1230 1063 1260 Imitationem
1085 1229 1195 1260 Ovidii
1213 1230 1294 1260 Met.
1310 1229 1345 1264 1,

773 1277 838 1307 533
855 1288 943 1318 sqq.‚
961 1283 992 1306 et
1009 1276 1099 1307 Statii
1117 1277 1148 1306 V
1164 1275 1266 1307 Theb.
1282 1274 1344 1305 165

772 1333 842 1364 sqq.
864 1325 930 1363 jam
959 1322 1060 1354 Cerda
1082 1323 1348 1364 comparavit.—

775 1371 853 1408 756.
874 1372 978 1400 Lacus
1003 1369 1044 1400 cf.
1066 1368 1346 1411 7453intelligen-

773 1416 812 1446 da
828 1424 934 1447 autem
950 1415 1074 1447 arundo
1089 1423 1121 1447 et
1143 1415 1270 1446 arbusta
1289 1415 1349 1445 cir-

774 1474 810 1493 ca
833 1462 1053 1504 paludem.·—-
1069 1463 1146 1502 757.
1171 1464 1350 1503 Responsa!

776 1510 875 1540 Goth.
892 1521 942 1550 pr.
966 1508 1088 1540 Circum
1104 1511 1198 1540 etiam
1219 1509 1348 1551 legitur.

775 1557 819 1586 Et
839 1556 947 1585 aberat
976 1557 1055 1586 Exc.
1084 1557 1192 1586 Burm.
1216 1556 1351 1584 Intonat

774 1604 870 1642 Sprot
883 1608 914 1631 et
928 1601 979 1631 alii
994 1601 1091 1642 apud.
1102 1603 1211 1632 Burm.
1227 1608 1257 1631 et
1266 1601 1348 1632 Pier.

775 1650 918 1690 Fragore
945 1647 1042 1678 iidem
1068 1654 1099 1678 et
1125 1647 1177 1678 alii
1199 1646 1350 1689 permulti

777 1705 850 1725 cum
875 1694 975 1726 Goth.
1000 1701 1072 1726 tert.
1090 1701 1121 1725 et
1139 1694 1204 1725 Erf.
1219 1711 1265 1717 —-
1285 1693 1350 1733 760

777 1752 823 1783 sq.
853 1744 986 1773 Prorsus
1012 1741 1049 1771 ad
1067 1742 1199 1772 Homeri
1217 1741 1349 1772 ductum

774 1789 809 1818 in
820 1790 966 1819 Hectoris
975 1788 1047 1831 fuga
1061 1787 1150 1819 Illad.
1165 1799 1187 1829 χ
1197 1811 1206 1825 ,
1221 1788 1286 1819 205
1301 1799 1348 1828 sq.

776 1835 830 1866 Ad
862 1841 1047 1866 nostrornm
1078 1846 1155 1866 vero
1181 1834 1349 1866 hominum

776 1893 888 1913 sensus
903 1882 942 1913 de
956 1882 1074 1913 decoro
1086 1881 1192 1912 herois
1203 1881 1272 1911 haec
1287 1882 1351 1911 exi-

779 1929 880 1972 genda
910 1939 1123 1970 nequaquam.
1151 1928 1284 1958 Hostem
1316 1928 1350 1958 in

779 1986 950 2017 congressu
966 1985 1082 2017 pugnae
1096 1973 1192 2005 semel
1208 1976 1329 2005 victum
1341 1997 1350 2011 ‚

779 2024 874 2054 etiam
896 2024 1049 2053 inermem
1069 2031 1104 2052 ae
1125 2020 1269 2058 nudum,
1286 2028 1352 2051 tru-

781 2069 865 2100 cidat
887 2069 1078 2100 Homericus
1096 2079 1131 2098 ac
1154 2068 1352 2110 W'irgilianus

780 2117 875 2147 heros
888 2125 896 2147 ε
915 2123 946 2145 et
960 2115 1067 2145 nescio
1077 2139 1085 2152 ‚
1102 2126 1142 2145 an
1158 2122 1265 2146 nostra
1278 2120 1352 2145 aetas

782 2164 814 2193 in
829 2162 945 2203 praeliis
963 2161 1049 2192 aliud
1069 2161 1193 2203 probet.
1211 2163 1260 2192 De
1278 2171 1351 2191 nos-

782 2216 904 2240 trorum
937 2215 1041 2239 autem
1073 2210 1280 2239 certaminum
1318 2217 1354 2237 ac
