1414 2435
141 82 203 112 182

638 79 833 110 AENELDOS

135 139 300 179 Artificis
318 136 457 183 scelus,
476 144 514 173 et
531 136 733 174 formidine
753 138 895 174 crimen
915 138 1079 176 acerba't.

136 204 351 249 Numquam
371 196 534 234 animam
553 196 665 233 talem
685 196 819 234 dextra
837 198 924 244 hac,
945 198 1084 236 absiste
1104 193 1270 245 moveri,

137 261 313 306 Amittes3,
337 257 484 295 habitet
501 267 644 303 tecum,
665 265 702 294 et
721 257 769 295 sit
788 267 942 307 pectore
962 259 1000 295 in
1021 259 1103 296 isto.

186 337 200 351 n
217 321 328 357 Nunc
338 317 386 355 ad
404 326 453 364 te,
473 325 510 354 et
529 326 595 354 tua
611 329 758 367 magna,
775 326 894 367 pater,
907 319 1077 356 consulta
1087 327 1269 356 revertor.
1283 329 1332 355 410

136 382 177 418 Si
193 379 334 416 nullam
352 377 490 416 nostris
507 377 606 414 ultra
628 389 733 427 spem
752 377 862 426 ponis
882 380 921 414 in
941 379 1072 425 armis3

133 440 176 479 si
196 448 272 475 tam
287 438 427 476 deserti
442 450 590 483 sumus,
610 445 648 473 et
664 436 778 474 semel
798 436 946 486 agmine
965 450 1076 475 verso

135 499 320 538 Funditus
337 497 563 544 occidimus,
580 510 705 547 neque
721 496 837 534 habet
856 497 1009 534 fortuna
1028 511 1241 548 regressum
1259 516 1266 536 ε

135 563 297 598 Oremus
314 572 465 610 pacem,
484 567 521 596 et
541 557 694 595 dextras
713 557 912 596 tendamus
931 558 1075 595 inertis.

135 623 374 668 Quamquam
392 620 436 655 o!
457 618 488 655 si
508 617 627 654 solitae
646 617 855 668 quidquam
874 617 1027 655 virtutis
1047 617 1213 665 adesset,

1287 628 1336 656 415

134 681 202 719 Ille
219 679 312 716 mihi
331 686 417 716 ante
436 678 529 715 alios
547 678 839 729 fortunatusque
858 678 1053 725 laborum,

105 739 116 750 ’
133 739 393 790 Egregiusque
413 737 547 784 animi,
567 737 654 787 qui,
672 751 721 774 ne
738 738 830 788 quid
850 739 923 776 tale
938 738 1101 784 videret,

134 798 344 836 Procubuit
361 797 545 843 moriens,
565 805 603 834 et
621 797 781 835 humum
801 798 915 835 semel
933 811 999 835 ore
1016 797 1232 835 momordit.

135 952 182 976 est
206 943 339 974 Gesneri
367 942 406 974 ad
429 953 457 974 e.
486 943 508 973 1.
533 943 706 981 sententia,

133 990 287 1022 excidisse
322 988 442 1031 aliquid
470 990 505 1020 in
535 989 707 1030 Quintilia-

133 1049 198 1076 no;
222 1036 308 1067 idem
334 1043 440 1067 tamen
464 1042 554 1077 putat
581 1046 647 1066 esse
673 1036 708 1066 in

133 1095 194 1114 usu
209 1083 332 1114 voetdae
347 1083 407 1114 vel
419 1089 607 1113 vetustatem
625 1092 710 1124 quae·

131 1130 263 1161 rendam
287 1139 295 1160 :
320 1141 421 1170 quum
442 1130 482 1159 sit
505 1140 565 1170 pro
589 1128 707 1167 eciam,

131 1177 225 1207 adeo.
242 1194 286 1200 —-
308 1177 369 1207 Vel
383 1186 478 1216 quum
499 1187 543 1206 se.
568 1176 709 1217 Respicit

132 1234 203 1264 sup.
222 1223 286 1259 348
310 1229 341 1252 et
364 1223 442 1259 364.
459 1222 607 1262 Abrupta
631 1232 708 1252 vero

131 1271 232 1300 oratio
247 1270 319 1299 irati
333 1268 472 1299 hominis
488 1275 607 1298 mutata
626 1279 708 1309 quo-

129 1326 193 1356 que
202 1325 335 1356 persona
350 1326 410 1356 pro
424 1325 432 1347 :
447 1325 549 1355 quum
566 1321 601 1345 tu
614 1316 708 1345 etiam

131 1361 226 1403 fingis
239 1369 278 1393 te.
291 1361 440 1394 Sollenne
453 1362 579 1399 fuissem
598 1361 684 1402 Quid
692 1365 709 1391 .³

132 1408 222 1448 quod
234 1408 460 1440 etiam.—-Vel
475 1407 557 1438 refer
573 1407 611 1438 ad
631 1414 709 1445 401,

132 1456 184 1485 Ne
200 1465 290 1485 cessa
305 1455 430 1485 turbare
447 1462 531 1485 metu
545 1453 708 1496 tingendo.

133 1518 181 1524 -
200 1507 278 1539 407.
301 1503 441 1531 Acer-vae
459 1500 575 1541 passim
601 1499 711 1530 scribi-

135 1555 188 1577 tur
212 1557 253 1576 ex
278 1557 366 1576 more
392 1547 594 1584 superiorum
611 1556 710 1574 saecu-

137 1594 254 1623 lorum.
271 1609 317 1614 ——
334 1590 473 1633 Artificis
498 1589 600 1620 scelus
630 1601 690 1631 pro
701 1613 709 1627 ‚

138 1637 262 1669 artifex.
274 1637 389 1679 Iurgia
412 1643 487 1666 suut
511 1636 606 1666 minae
628 1647 709 1667 vers.

141 1685 205 1720 348
219 1708 227 1721 ‚
242 1691 273 1714 et
290 1684 527 1714 criminationes
545 1683 714 1713 exacerbat

138 1731 286 1761 simulato
304 1740 433 1771 pavore.
449 1729 524 1761 Noli
550 1736 655 1760 tamen
676 1730 713 1759 ti-

140 1788 235 1808 mere.

190 1830 256 1861 410
272 1834 340 1864 sqq.
359 1823 468 1854 Utitur
483 1824 612 1853 Turnus
634 1821 716 1852 calli-

142 1869 184 1900 do
197 1877 229 1901 et
243 1870 354 1900 subtili
370 1869 459 1899 aditu
475 1868 513 1898 ad
528 1867 717 1909 persuaden-

143 1917 220 1947 dum
242 1917 292 1954 id,
314 1915 404 1958 qnod
418 1926 485 1946 non
504 1915 600 1945 audet
615 1915 716 1956 palam

143 1963 248 1994 dicere
273 1974 280 1994 :
312 1963 426 1993 melius
464 1973 530 1992 esse
566 1962 714 1999 interire,

144 2020 238 2049 quam
270 2019 379 2050 pacem
407 2019 517 2051 rogare
529 2031 537 2045 ‚
569 2015 606 2037 ut
635 2008 717 2038 bene

145 2055 325 2086 observavit
338 2057 476 2086 Servius.
492 2057 571 2086 Tam
585 2054 716 2092 ἄσκει-τὴ

147 2109 278 2142 propter
310 2101 495 2132 Diomedem
508 2124 516 2139 ,
547 2102 602 2142 qui
632 2101 718 2132 solus

146 2149 272 2190 negavit
289 2149 405 2177 auxilia
418 2159 426 2185 ;
438 2155 472 2178 ut
486 2147 568 2178 idem
579 2148 716 2178 Servius.

151 2209 199 2218 —
214 2201 230 2231 4
241 2201 290 2231 ῐ4.
311 2194 487 2226 Reddcmns
501 2193 623 2225 Zulich.
639 2204 655 2224 a
674 2204 716 2224 m.

761 954 809 984 pr.
824 943 937 972 Inertis
951 944 1069 984 recepit
1084 944 1193 973 Heius.
1208 955 1225 973 e
1242 946 1334 974 Rom.

761 989 895 1031 aliisque
925 990 1008 1020 Pier.
1036 991 1164 1030 suisque
1198 991 1335 1020 meliori-

760 1036 841 1073 bus,
873 1037 1025 1077 quoniam
1056 1036 1187 1065 videbat
1218 1047 1334 1067 nervo-

761 1084 826 1112 sius
848 1093 913 1113 esse
934 1090 965 1113 et
982 1083 1054 1124 plus
1078 1080 1205 1112 artificii
1220 1093 1286 1123 prae
1305 1093 1338 1113 se

761 1129 842 1159 ferre
853 1152 862 1166 ‚
877 1140 971 1169 quam
992 1129 1154 1170 vulgatum
1180 1129 1330 1165 inermes,

761 1175 849 1217 quod
865 1177 993 1205 Servius
1015 1185 1144 1217 qnoque
1167 1175 1273 1206 habet.
1294 1176 1333 1206 cf.

761 1232 832 1263 sup.
849 1222 889 1252 ad
904 1224 934 1252 X
946 1245 954 1257 ‚
979 1222 1064 1262 595,
1084 1221 1142 1251 nbi
1161 1222 1269 1252 eadem
1285 1232 1337 1251 va-

762 1269 875 1307 rietas,
901 1275 932 1298 et
953 1268 1011 1299 inf.
1034 1279 1064 1299 v,
1091 1268 1170 1306 672.
1192 1285 1239 1291 —·
1259 1269 1335 1304 415.

762 1316 836 1346 Non
862 1321 943 1356 puto
970 1315 1051 1345 male
1077 1314 1190 1355 aliquis
1214 1316 1338 1356 aposio-

762 1362 854 1402 pesin
867 1368 1039 1398 statueret,
1055 1367 1087 1391 et
1101 1360 1311 1403 distingueret
1332 1371 1339 1391 :

765 1409 970 1449 Quamquam
995 1410 1038 1438 o!
1063 1407 1092 1437 si
1120 1407 1224 1438 solitoe
1251 1407 1339 1448 quic—

762 1465 861 1494 quam
878 1453 1005 1484 virtutis
1024 1454 1205 1484 adesset—
1216 1453 1336 1496 (scilic.

763 1501 971 1540 quisquamne
995 1500 1164 1530 sustineret
1179 1500 1241 1530 hoc
1263 1499 1340 1530 face-

763 1546 820 1574 re?
838 1545 850 1584 )
880 1547 964 1574 Tum
994 1546 1096 1586 pergit
1120 1554 1128 1574 :
1159 1545 1220 1575 Ille
1249 1545 1337 1575 milti.

764 1591 815 1621 sic
827 1600 896 1630 sup.
914 1592 955 1625 V,
969 1601 999 1620 V.
1022 1591 1084 1631 195
1106 1600 1114 1620 :
1134 1593 1338 1632 Quamquam

766 1647 784 1666 ο
795 1638 808 1665 .'
821 1653 867 1659 -—-
882 1635 941 1665 scd
953 1644 1118 1677 superent,
1138 1637 1246 1678 quibus
1263 1637 1320 1667 hoc
1331 1661 1341 1669 ,

765 1684 905 1713 Fortuna
915 1705 923 1718 ‚
949 1682 1073 1713 dedisti.
1083 1701 1131 1706 -—
1145 1684 1278 1720 4ῐ5-4
1289 1685 1338 1714 18.

766 1731 828 1760 Seu
850 1728 991 1759 turbavit
1015 1729 1163 1768 affectus,
1179 1741 1236 1761 seu
1259 1730 1341 1761 calli—

768 1775 848 1806 ditas
864 1774 989 1806 inflexit
1002 1778 1177 1807 orationem
1189 1784 1281 1818 ,quae
1295 1778 1340 1807 sic

768 1821 940 1863 procedere
955 1821 1090 1853 debebat
1105 1833 1113 1854 :
1130 1832 1319 1864 quamquam
1330 1846 1338 1859 ‚

769 1869 829 1899 uisi
844 1869 1028 1899 inertissimi
1043 1879 1196 1905 essemus,
1209 1868 1343 1899 debeba-

769 1926 840 1946 mus
871 1915 962 1945 illnm
991 1914 1107 1945 habere
1134 1914 1342 1945 fortunatissi-

770 1972 858 1992 mum
886 1968 917 1991 et
943 1961 1168 1998 fortissimum,
1196 1963 1252 2003 qni
1281 1969 1340 1992 etc.

770 2008 824 2049 (h.
841 2018 869 2038 e.
889 2007 1084 2037 debebamus
1106 2014 1242 2038 mortem
1266 2019 1343 2050 pra·-

769 2054 851 2084 ferre
882 2053 936 2083 tali
962 2052 1142 2094 dedecori.)
1171 2055 1241 2084 Hoc
1271 2055 1343 2085 altc-

771 2111 842 2130 rum
864 2099 1024 2130 transtulit
1042 2099 1080 2129 ad
1102 2111 1134 2130 se
1154 2111 1161 2131 z
1183 2101 1243 2131 Ille
1267 2100 1344 2131 milti

770 2153 847 2176 ante
861 2146 942 2176 alios
951 2145 1077 2188 fhrtuu.
1095 2149 1148 2177 Est
1164 2147 1345 2189 autemfon

770 2199 899 2224 tunaeus
919 2193 1060 2223 laborum
1079 2194 1136 2235 (ut
1153 2194 1243 2225 Ioetus
1260 2194 1344 2225 lubo-
