1414 2435
616 59 739 93 LIBER
763 59 806 92 X.

1257 65 1314 103 137

119 119 258 156 AEneae.
279 135 294 152 »
315 119 439 164 Dixit3
457 117 753 167 stridentemque
774 117 916 155 eminus
936 118 1082 158 hastam

120 179 265 228 Injicit;
283 179 347 215 illa
363 178 494 215 volans
511 178 644 227 clypeo
665 186 721 214 est
740 190 914 224 excussa,
933 180 1141 231 proculque

121 238 325 288 Egregium
342 240 514 274 Antoren
534 238 630 275 latus
647 238 746 274 inter
767 246 804 275 et
824 238 888 274 ilia
905 238 983 288 figit
1009 254 1016 275 :

123 298 298 335 Herculis
316 301 489 335 Antoren
505 298 701 344 comitem,
722 298 788 348 qui
807 298 941 336 missus
960 299 1006 336 ab
1024 301 1136 350 Argis

122 359 290 395 Haeserat
312 359 506 404 Evandro,
528 367 640 409 atque
659 359 753 396 Itala
773 359 994 397 consederat
1017 360 1122 398 urbe.
1278 372 1325 403 τεο

124 417 315 454 Sternitur
334 418 464 455 infelix
482 419 604 455 alieno
626 420 796 464 volnere,
815 419 1026 469 coelumque

123 476 313 526 Adspicit,
335 487 372 514 et
392 478 510 516 duleis
528 479 693 516 moriens
709 479 965 516 reminiscitur
987 483 1118 530 Argos.

122 539 221 574 Tum
240 537 325 587 pius
342 540 478 575 AEneas
497 538 643 576 hastam
657 540 748 589 jacit
767 554 774 575 :
794 540 857 576 illa
874 553 943 589 per
962 540 1096 577 orbem

123 599 210 634 AEre
231 610 365 634 cavum
382 598 540 648 triplici,
559 612 628 649 per
646 600 746 636 linea
765 608 888 650 terga,
906 600 1104 650 tribusque

122 656 286 693 Transiit
304 657 491 694 intextum
512 659 629 695 tauris
646 672 759 707 opus,
781 659 931 708 imaque
949 659 1047 696 sedit
1276 668 1323 702 τες

122 716 300 764 Inguine3
317 716 383 752 sed
402 717 502 753 vires
521 717 625 753 haud
645 717 801 766 pertulit
819 730 828 752 z
849 718 954 754 ocius
971 730 1099 755 ensem

123 777 276 821 AEneas,
294 776 377 813 viso
396 776 586 825 Tyrrheni
604 777 785 826 sanguine
802 777 927 822 laetus,

123 835 247 884 Eripit
265 847 286 871 a
305 836 461 882 femine,
480 844 517 873 et
535 836 740 887 trepidanti
760 837 928 874 fervidus
945 837 1070 875 instat.

123 894 311 948 Ingemuit
327 897 406 932 cari
425 897 591 945 graviter
606 896 787 946 genitoris
805 909 950 940 amore,

173 1079 235 1108 777
250 1090 258 1106 ‚
275 1068 352 1106 778.
379 1067 528 1108 Intelligo
553 1067 693 1106 hastam,

124 1125 235 1157 magna
267 1115 300 1144 vi
336 1120 459 1149 actam,
493 1113 695 1154 superficiem

125 1170 300 1191 convexam
323 1160 430 1201 clypei
451 1159 563 1200 (quem
586 1159 695 1190 divina

123 1214 189 1237 arte
226 1207 366 1243 factum,
403 1198 689 1247 Ηφαιστότευκτον,

122 1251 325 1292 memineris)
351 1258 476 1281 tantum
508 1253 692 1289 strinxisse,

122 1299 198 1329 hinc
230 1298 393 1334 resiliisse,
425 1300 629 1327 transversim
648 1308 695 1328 ac-

122 1352 204 1381 tam,
222 1352 254 1375 et
283 1345 318 1374 in
338 1345 494 1373 Antorem
519 1343 694 1374 adstantem

122 1392 298 1427 aberrasse;
324 1388 603 1428 &hosteim—778.
626 1391 693 1419 Λη-

121 1445 211 1467 toren
237 1437 381 1472 Servius,
401 1436 548 1465 Valerius
570 1436 694 1466 Probus

120 1490 152 1513 et
181 1483 367 1524 Agroecius,
395 1481 599 1511 Grammatici
630 1482 692 1519 jam

119 1530 192 1559 satis
206 1534 403 1558 monuerunt
418 1537 483 1558 esse
493 1528 533 1557 ab
543 1529 693 1558 Antores

120 1566 225 1618 Ᾰντύρ
228 1585 262 1609 ης
273 1597 281 1612 ,
302 1580 340 1603 ut
372 1572 487 1616 Διώρης
508 1573 620 1604 :unde
647 1580 692 1603 ta-

121 1631 193 1650 men
205 1621 318 1650 melius
336 1618 427 1649 fieret
442 1621 600 1650 Antoren.
619 1620 695 1650 Cor-

121 1667 259 1706 ruptelas
272 1665 337 1695 vid.
356 1676 406 1705 ap.
427 1667 508 1696 Pier.
532 1672 564 1696 et
581 1667 691 1696 Burin.

121 1713 277 1742 Amorem
294 1710 381 1740 dedit
402 1721 443 1740 ex
460 1712 534 1742 edd.
556 1722 605 1752 pr.
630 1712 694 1742 Cu-

120 1758 282 1799 ningham.
295 1779 304 1794 ,
320 1757 418 1796 idque
433 1764 588 1797 sequutus
609 1768 691 1788 sum.

120 1803 219 1845 Apud
242 1802 374 1834 Cerdam
401 1802 544 1832 Alciatus
567 1805 692 1844 Parerg.

119 1852 203 1887 VII,
226 1850 263 1880 16
285 1851 446 1879 Antonem
459 1848 598 1890 legebat,
617 1850 691 1888 quia

120 1896 308 1927 Plutarchus
343 1897 504 1925 Antonios
535 1895 689 1935 originem

109 1943 152 1972 'et
177 1953 294 1974 nomen
322 1941 362 1971 ah
387 1943 516 1972 Autone
543 1941 690 1970 Herculis

118 1987 186 2019 filia
213 1988 337 2020 trahere
358 1988 441 2018 dixit
462 1988 518 2029 (in
539 1988 602 2016 vita
621 1988 689 2016 An-

120 2041 186 2066 ton.
207 2046 239 2076 p.
257 2045 320 2076 917
338 2034 444 2074 C).—-
457 2045 533 2074 779.
551 2033 665 2063 Missus
677 2056 684 2067 ,

119 2081 300 2120 profectus,
317 2088 354 2111 ut
372 2081 453 2111 bene
469 2083 556 2112 Serv.
571 2079 611 2110 cf.
622 2081 687 2116 VI,

121 2126 202 2163 812,
219 2128 296 2158 813.
308 2145 354 2151 —
366 2128 406 2166 78
417 2138 428 2157 1
440 2151 448 2165 ,
475 2128 552 2166 782.
571 2128 689 2156 Versus

119 2171 305 2206 dulcissimi.
314 2173 431 2204 Alieno
440 2174 588 2210 vulnere,
602 2172 690 2214 quod

748 1067 843 1099 Silius
858 1069 938 1098 VIII
949 1090 957 1105 ,
972 1068 1038 1098 630
1053 1067 1119 1097 telo
1135 1077 1198 1096 non
1214 1066 1247 1096 in
1263 1079 1318 1097 succ

747 1114 889 1144 vulnera
909 1113 1014 1144 misso.

749 1182 758 1198 ‹-
797 1161 860 1198 783
878 1171 924 1201 sq.
946 1161 1077 1191 Homeri
1100 1160 1229 1201 vestigia
1253 1161 1317 1198 jam

747 1213 868 1236 veteres
881 1207 934 1235 hic
950 1213 1148 1247 agnoverunt
1168 1205 1257 1235 Iliad.
1276 1217 1297 1249 γ
1309 1229 1317 1241 ‚

750 1252 815 1282 355
835 1263 903 1292 sqq.
930 1253 991 1282 361
1017 1263 1064 1292 sq.
1083 1253 1224 1292 Clypeus
1248 1253 1318 1281 Me—

748 1299 843 1328 zentii
856 1299 1052 1338 septemplex
1064 1297 1142 1334 fuit;
1159 1308 1200 1327 ex
1216 1297 1318 1337 uipli-

747 1346 776 1374 ci
794 1355 872 1380 aere,
887 1355 928 1373 ex
944 1343 1244 1385 tegumentolineo,
1262 1344 1318 1372 tri-

745 1390 886 1430 plicique
907 1391 996 1419 corio
1021 1389 1147 1418 taurino
1172 1399 1317 1429 compac-

747 1443 821 1466 tus:
841 1435 937 1465 eribus
959 1435 1079 1470 tauris,·
1104 1435 1197 1464 coriis
1223 1436 1318 1464 tauri-

747 1483 796 1511 nis
807 1504 815 1517 ,
831 1487 867 1511 ut
876 1483 1079 1512 Homericum
1093 1478 1173 1518 βοῦς.
1183 1498 1228 1503 -
1241 1481 1318 1519 7'88.

747 1529 776 1558 F
774 1538 821 1557 em
826 1527 880 1557 ine
891 1529 1028 1558 Carisius
1037 1534 1067 1557 et
1074 1527 1216 1567 plerique
1223 1527 1319 1557 codd.

746 1575 828 1604 Pier.
844 1580 875 1603 et
891 1575 1000 1604 Heius.
1011 1596 1019 1610 ‚
1037 1575 1143 1613 itaque
1163 1574 1202 1603 ab
1221 1575 1321 1604 Hein-

746 1621 794 1649 sio
821 1627 1005 1661 receptum,
1027 1629 1123 1660 quem
1147 1619 1230 1650 vide.
1253 1620 1319 1649 Alii

748 1676 820 1695 cnm
841 1666 939 1696 Goth.
959 1676 1020 1696 sec.
1043 1672 1074 1695 et
1090 1671 1159 1695 tert.
1169 1665 1314 1707 femore,

745 1712 835 1752 quod
850 1713 1029 1743 Priscianus
1051 1713 1203 1751 agnoscit.
1224 1712 1316 1742 Conf.

746 1758 787 1787 ad
803 1758 921 1788 Tibull.
948 1760 963 1788 1
975 1780 983 1795 ‚
1000 1768 1019 1797 9
1031 1780 1040 1795 ,
1065 1757 1119 1787 26.
1137 1759 1176 1786 In
1186 1756 1316 1798 fi’mine

746 1803 844 1833 Goth.
861 1814 910 1843 pr.

792 1849 856 1888 789
876 1859 944 1889 sqq.
962 1850 1000 1878 In
1015 1848 1088 1878 loco
1103 1858 1148 1888 sq.
1166 1847 1205 1877 de
1224 1849 1315 1878 Lausi

742 1895 777 1924 in
801 1895 997 1925 Mezentium
1027 1901 1149 1934 patrem
1179 1895 1314 1934 pietate,

743 1941 971 1977 Antilochum,
1008 1941 1150 1971 Nestoris
1189 1938 1291 1970 filium
1306 1963 1314 1976 ‚

745 1994 815 2017 ante
837 1987 947 2017 oculos
965 1986 1112 2016 habuisse
1135 1986 1237 2016 videri
1257 1997 1316 2027 po-

744 2040 804 2063 test
828 2040 940 2074 poeta,
957 2033 1074 2073 quippe
1092 2033 1183 2071 cujus
1205 2032 1315 2062 similis

741 2081 840 2121 pietas
859 2090 908 2120 ap.
935 2079 1062 2110 Graecos
1078 2086 1185 2120 poetas
1201 2078 1275 2108 inde
1296 2090 1313 2107 a

744 2127 874 2167 cyclicis
892 2133 923 2156 et
945 2127 1070 2167 tragicis
1091 2125 1150 2155 fuit
1173 2125 1313 2155 celebra-

743 2174 870 2204 tissima.
885 2172 945 2204 Vel
959 2172 1086 2204 Pindari
1095 2171 1188 2204 Oden
1199 2173 1244 2201 vt
1258 2173 1319 2210 1³5--

1128 2234 1190 2270 12*
