1414 2435
129 74 147 94 2
627 56 822 88 AENEmos

123 120 191 152 ficit
198 137 244 144 —-
254 119 294 158 67
303 128 332 149 1.
341 115 502 149 Pandarus
511 120 543 145 et
553 113 649 144 Bitias
660 124 809 144 successu
824 113 896 144 elati
904 120 1029 155 portam
1041 115 1211 147 recludunt
1221 139 1230 154 ,
1243 117 1315 148 hos-

126 183 234 217 tesque
254 173 425 204 subeuntes
445 169 567 211 ingenti
593 167 677 198 caede
696 168 1024 209 propellunt—690.
1045 170 1121 208 Ejus
1139 171 1185 200 rei
1201 172 1317 202 nuntio

125 234 253 269 accepto
263 249 273 264 ‚
286 228 415 258 Turnus
429 233 486 264 per
500 229 625 264 portam
641 227 801 261 patentem
814 223 850 251 iu
863 221 1018 263 oppidum
1036 224 1297 264 irrumpit—733
1306 246 1316 261 ‚

127 283 344 321 Trojanosque
357 279 392 309 in
410 277 517 318 fugam
539 275 697 305 convertit
715 284 778 313 777
795 283 803 305 :
822 275 949 306 tandem
963 275 1102 307 hostium
1114 277 1318 308 multitudine

127 336 383 369 circumventus,
405 329 568 372 paullatim
587 327 670 358 cedit
690 327 731 357 ad
751 338 819 358 eam
840 329 950 370 oppidi
971 336 1110 370 partem,
1126 340 1197 370 quae
1217 329 1318 360 fluvio

129 387 311 417 alluitur—
323 385 408 424 7893
423 390 454 414 et
467 389 503 412 ut
525 388 592 412 erat
613 387 767 420 armatus,
783 381 904 413 flumen
926 389 1053 414 tranans
1063 405 1071 420 ‚
1086 384 1254 414 incolumis
1277 383 1317 414 ad

129 450 204 470 suos
215 438 386 470 revertitur
394 454 440 461 —
449 436 496 467 ad
501 434 614 476 finem.

179 664 319 703 ATQUE
337 670 382 695 ea
400 657 549 694 diversa
564 655 714 706 penitus
731 656 821 693 dum
839 666 947 707 parte
967 666 1162 707 geruntur,

126 721 220 759 Irim
239 719 286 756 de
305 719 399 755 coelo
418 716 520 754 misit
537 716 714 754 Saturnia
730 719 751 754 J
755 728 830 753 uno

67 789 73 794 ”
127 780 322 819 Audacem
341 777 388 815 ad
406 779 590 814 Turnum.
607 779 713 813 Luco
733 785 813 814 tum
831 777 929 813 forte
945 777 1109 826 parentis

126 839 290 878 Pilumni
304 840 456 874 Turnus
475 844 620 872 sacrata
636 836 733 872 valle
752 835 918 873 sedebat.

127 900 188 938 Ad
207 911 321 949 quem
339 898 392 934 sic
409 908 521 933 roseo
534 896 803 934 Thaumantias
822 909 888 933 ore
908 897 1033 933 locuta
1051 904 1106 933 est
1121 911 1129 932 ε
1305 907 1317 929 5

128 977 144 993 «
165 961 312 1005 Turne,
331 956 435 1006 quod
454 955 600 1005 optanti
617 955 758 991 Divum
778 956 998 1004 promittere
1016 968 1126 992 nemo

128 1019 316 1065 Auderet,
336 1016 525 1054 volvenda
543 1015 622 1052 dies
642 1027 688 1051 en
706 1014 841 1051 adtulit
859 1015 972 1052 ultro.

129 1082 288 1124 AEneas,
306 1075 421 1123 urbe,
437 1084 475 1112 et
493 1075 622 1121 sociis,
642 1082 678 1111 et
697 1075 812 1111 classe
831 1075 978 1120 relicta,

129 1142 289 1188 Sceptra
306 1135 465 1173 Palatini
483 1133 685 1183 sedemque
705 1133 800 1183 petit
816 1134 992 1171 Evandri.

130 1201 210 1237 Nec
229 1197 342 1235 satis:
359 1203 546 1232 extremas
565 1194 724 1243 Corythi
743 1195 954 1243 penetravit
974 1195 1020 1231 ad
1039 1195 1170 1240 urbes;
1289 1213 1316 1228 ιο

181 1392 209 1411 1.
233 1383 364 1411 Turnus
387 1378 555 1409 consilium
576 1377 615 1408 de
642 1389 697 1408 ex-

128 1426 310 1468 pugnandis
326 1435 382 1466 per
404 1427 509 1455 AEneae
528 1423 698 1454 absentiam

131 1472 325 1502 advenarum
349 1471 458 1501 castris
481 1471 575 1510 capit.
603 1471 699 1510 Epico

131 1528 220 1548 inore
235 1528 251 1546 a
269 1519 400 1547 Junone
418 1527 476 1556 per
489 1515 604 1545 Iridem
619 1515 700 1545 illud

128 1563 232 1594 Turni
253 1563 359 1592 animo
383 1562 631 1599 injicitur.—3.
646 1561 703 1590 Ad

131 1609 281 1638 Rutulum
296 1609 373 1638 alter
387 1610 479 1638 Voss.
502 1614 532 1637 et
548 1617 609 1638 sec.
629 1608 701 1637 Μο-

130 1661 188 1685 ret.
212 1656 250 1684 In
278 1654 348 1684 luco
373 1654 541 1684 Franc.-
556 1653 702 1682 Parentis

132 1699 295 1736 Pilumni,
312 1700 345 1730 h.
368 1710 395 1730 e.
415 1699 517 1729 abavi.
531 1710 561 1729 v.
577 1699 632 1730 inf.
650 1701 678 1729 X
691 1721 700 1735 ,

134 1746 213 1786 619.
229 1746 368 1776 sedebat
380 1756 391 1774 .·
410 1747 512 1786 Asper
527 1752 597 1774 erat
609 1745 702 1774 inter-

134 1798 274 1830 pretatus
293 1798 357 1827 est;
374 1791 432 1821 alia
453 1798 616 1831 argutatur
635 1792 703 1821 Ser-

134 1838 226 1873 vins;
247 1837 302 1866 sed
325 1843 445 1877 spectat
464 1837 647 1877 simpliciter
664 1836 702 1866 ad

134 1882 338 1912 solitudinem
350 1905 358 1919 ,
378 1890 409 1912 et
421 1885 522 1913 otium
534 1905 542 1919 ,
560 1883 612 1912 cui
630 1893 703 1913 con·

134 1929 222 1958 veuit
245 1928 365 1959 sedere.
385 1931 506 1959 Lucum
529 1935 634 1958 autem
652 1930 702 1959 Pi-

134 1974 237 2003 lumni
254 1975 287 2003 iu
303 1985 336 2004 ea
357 1976 484 2015 regione
504 1974 596 2004 fuisse
610 1974 702 2014 qnid—

134 2020 166 2047 ni
179 2019 378 2050 admittamus
387 2021 480 2051 ‚2-5.
497 2020 702 2051 Teumantias

134 2065 256 2095 zulich.
266 2072 294 2094 vt
303 2066 341 2096 al.
354 2068 411 2096 Est
420 2067 506 2097 abest
516 2077 578 2098 sec.
586 2069 703 2099 Moret.

131 2116 161 2138 et
176 2111 240 2140 Erf.
251 2129 296 2134 ——
309 2122 338 2147 7.
351 2113 514 2142 t‘olvenda
528 2112 612 2149 dies,
629 2123 700 2154 quae

133 2155 282 2188 volvitur.
299 2156 379 2190 uad
397 2159 430 2196 1,
449 2160 525 2199 269.
538 2159 701 2192 Catroeana

93 1274 98 1282 ¹
130 1257 401 1307 Lydorumque
419 1266 591 1301 manum,
610 1255 798 1291 conlectos
817 1263 937 1292 armat
957 1256 1123 1306 agrestij.
1150 1277 1157 1285 ε

749 1378 906 1409 subtilitas
928 1389 944 1408 a
961 1385 1055 1419 poeta
1078 1379 1177 1409 aliena
1196 1386 1260 1417 est,
1283 1387 1317 1410 ut

750 1426 791 1454 sit
806 1424 904 1455 fatalis
918 1424 999 1461 dies,
1017 1435 1113 1465 quam
1127 1425 1254 1455 advolvi
1268 1436 1319 1456 ne-

752 1480 835 1500 cesse
844 1470 954 1500 fuerat.
964 1472 1127 1501 Lueretius
1137 1470 1239 1501 sidem
1251 1472 1319 1501 vol-

751 1515 855 1546 venda
865 1539 873 1551 ,
891 1523 1018 1546 (etatem
1042 1516 1234 1546 volvendum
1245 1539 1253 1553 ‚
1268 1527 1319 1547 eo-

752 1561 824 1592 dem
843 1561 940 1592 modo
954 1561 1046 1593 dixit.
1056 1573 1140 1603 ——9.
1152 1563 1322 1593 Palaestini

753 1609 847 1639 Rom.
863 1615 894 1638 et
909 1608 972 1639 alii.
986 1610 1192 1649 Begnwnque
1200 1608 1322 1650 aliquot

753 1655 834 1685 Pier.
844 1654 959 1684 Perivit
970 1655 1068 1692 major
1081 1655 1226 1685 codicum
1237 1665 1320 1696 pars.

753 1701 865 1730 vitiose
872 1707 901 1730 et
909 1701 1010 1730 invito
1022 1697 1320 1732 metro.Peea¹tRom.

755 1752 822 1775 tum
840 1747 958 1776 Medic.
984 1753 1013 1776 et
1039 1747 1197 1782 Gudian.;
1222 1753 1253 1776 et
1276 1747 1321 1776 sic.

755 1792 955 1822 emendatum
969 1798 1034 1822 crat
1038 1793 1101 1830 jam
1112 1794 1145 1822 in
1155 1791 1251 1822 Aldd.
1264 1792 1317 1822 alt.

754 1844 785 1868 et
800 1837 874 1868 hinc
888 1840 922 1868 in
936 1845 1008 1868 cett.
1023 1838 1095 1868 edd.
1111 1837 1256 1867 Evandri
1268 1849 1323 1878 po-

754 1885 815 1913 tuit
849 1885 1050 1924 pronuntiari
1083 1882 1222 1914 Euandri
1234 1894 1242 1920 ;
1264 1885 1323 1913 etsi

754 1939 813 1959 uec
834 1929 993 1970 spondeus
1018 1929 1184 1970 displicere
1205 1937 1320 1970 potest.

754 1992 801 1999 -——
811 1977 939 2015 Sceptra
953 1977 1141 2016 exquisitius
1153 1985 1246 2015 quam
1257 1986 1322 2016 reg-

755 2031 795 2051 na
813 2031 820 2051 :
846 2029 1016 2062 utrumque
1041 2032 1100 2062 pro
1118 2022 1199 2062 regia
1219 2022 1322 2051 Evan-

756 2067 816 2097 dri.
840 2066 969 2106 Coryrhi
987 2066 1034 2096 ad
1052 2067 1158 2100 urbes,
1182 2066 1323 2108 designat

752 2114 909 2144 Etruriam
924 2113 965 2142 ab
978 2113 1121 2154 Corytho
1132 2135 1140 2147 ,
1159 2112 1325 2143 conditore

754 2160 911 2192 Cortonxr.
919 2159 1072 2199 Lydorum
1084 2169 1212 2189 manum
1220 2160 1327 2190 Etrus-
