1414 2435
128 80 190 109 240

625 71 822 102 AENEIDOS

126 135 222 170 Orta
237 132 335 178 dies3
356 143 475 181 quum
491 129 658 180 primum
672 130 747 166 alto
763 142 803 166 se
821 130 968 180 gurgite
990 130 1126 166 tollunt

127 195 223 231 Solis
241 194 350 244 equi,
370 195 570 242 lucemque
587 192 694 229 elatis
708 191 866 228 naribus
885 191 1014 228 efflant
1031 204 1038 225 :

1282 197 1328 221 115

125 256 308 303 Campum
326 253 374 291 ad
393 262 584 291 certamen
603 265 748 301 magnae
765 251 836 289 sub
856 250 1044 288 moenibus
1064 249 1170 286 urbis

126 314 315 360 Dimensi,
332 313 541 363 Rutulique
558 312 652 357 viri,
671 312 887 362 Teucrique
901 310 1104 361 parabant3

127 377 172 411 In
189 373 393 424 medioque
411 375 517 411 focos
529 402 539 420 ‚
559 382 597 410 et
614 371 672 410 dis
687 371 953 410 communibus
974 384 1057 408 aras

128 435 350 471 Gramineas
371 449 379 470 :
402 435 465 471 alii
480 434 700 482 fontemque
716 433 918 483 ignemque
937 430 1126 477 ferebant,

131 495 250 531 Velati
269 493 366 540 lino,
389 503 426 531 et
444 492 614 530 verbena
632 502 805 543 tempora
820 492 948 528 vincti.

131 618 198 648 dies
215 629 226 647 :
254 618 406 660 Campum
411 643 468 650 .....
493 619 603 649 Rutuli
626 622 706 650 Teu-

133 665 238 706 crique
260 666 447 705 parabam;
474 677 535 706 pro
568 675 575 696 ἰ
606 677 706 707 quum

130 718 286 752 pararent.
310 712 445 752 Reliqua
468 713 503 742 in
525 712 632 743 medio
657 713 707 742 de-

129 758 247 788 clarant
267 765 374 788 ortum
389 758 463 788 diei.
479 775 527 781 —
547 769 559 787 1
571 760 621 788 15.
643 761 705 788 Lu-

129 815 263 845 cemque
294 803 385 834 elatis
414 803 545 833 naribus
574 803 702 847 efflant.

129 852 328 891 Exquisitius
351 850 544 880 vocabulum
566 852 704 890 captavit

131 904 223 937 poeta
236 920 244 934 ‚
265 897 367 927 lucem
384 907 444 937 pro
464 896 589 926 flamma
601 919 610 933 ,
626 897 703 937 igni.

130 945 213 974 Nam
235 954 334 984 equos
354 943 435 974 Solis
449 945 555 984 iguem
575 942 703 980 efflare,

130 991 191 1032 πῦρ
209 989 310 1020 πνέειν
322 1012 331 1027 ,
352 1000 521 1020 commune
536 996 582 1019 est
597 999 605 1020 :
619 990 703 1020 conf.

130 1036 252 1072 Cerda;
279 1036 375 1067 Ovid.
394 1038 472 1066 Met.
499 1037 547 1073 11,
576 1046 638 1076 119
658 1053 704 1059 --

133 1094 145 1112 1
155 1084 208 1119 54,
224 1094 236 1112 1
245 1083 298 1113 55.
310 1084 479 1114 Praeiverat
491 1090 595 1112 autem
611 1084 705 1112 etiam

128 1130 164 1159 in
190 1131 278 1159 vocis
306 1129 423 1159 dilectu
450 1131 573 1159 Ennius
596 1139 603 1159 :
621 1128 704 1170 sun-

129 1176 272 1216 duntque
296 1175 407 1206 elateis
432 1175 556 1205 narz'bu'
581 1176 702 1213 lucem,

129 1229 165 1251 ut
187 1223 314 1253 Servius
337 1224 482 1259 monuit,
506 1229 537 1252 et
564 1222 704 1252 Lucilius

129 1268 213 1309 apud
254 1269 454 1299 Victorinum
483 1278 490 1298 :
523 1268 700 1312 ‹sslantque

130 1315 223 1345 elatis
249 1315 373 1344 mzribu’
403 1316 516 1346 lucem.
544 1333 592 1339 —
623 1316 698 1345 116.

127 1363 167 1391 Iu
185 1372 272 1402 seqq.
292 1363 398 1402 potuit
417 1369 488 1392 ante
503 1362 615 1392 oculos
635 1373 702 1392 ver-

127 1409 188 1437 sari
204 1408 304 1438 simile
325 1410 409 1438 inter
432 1410 587 1447 Trojanos
607 1416 638 1439 et
656 1410 701 1438 A-

128 1455 236 1485 chivos
253 1454 355 1484 soedus
372 1455 411 1484 de
428 1466 532 1496 pugna
547 1455 700 1496 singulari

127 1501 216 1531 Iliad.
235 1512 257 1544 γ
268 1523 276 1537 ,
299 1503 364 1537 314
381 1512 449 1542 sqq.
472 1503 627 1542 Campum
638 1512 700 1541 pa-

126 1547 260 1583 rabant,
284 1548 502 1584 instruebant,
524 1547 699 1588 aequaiado,

127 1593 294 1634 purgando
325 1593 362 1622 ab
395 1593 549 1629 arbustis,
578 1600 638 1623 etc.
655 1611 701 1616 —

131 1650 143 1668 1
155 1649 167 1669 1
177 1650 191 1677 ’,-
200 1663 206 1669 .
220 1639 375 1669 Demensi
386 1639 504 1670 Medic.
515 1638 601 1670 Gud.
614 1639 699 1670 Leid.

130 1687 327 1727 Hugeu.Par.
338 1685 462 1715 dimissi
472 1686 594 1717 Zulich.
610 1686 699 1716 Cam-

124 1743 203 1772 pum
222 1743 344 1773 parare
371 1733 403 1763 h.
433 1734 611 1770 instruere,
630 1743 699 1763 mo-

126 1778 192 1820 μ.εῖν
204 1801 212 1816 ,
231 1785 306 1820 puta
323 1779 497 1819 aequando,
516 1787 546 1809 et
563 1790 700 1821 purgan-

125 1825 166 1855 do
191 1826 230 1855 ab
252 1826 406 1862 arbustis,
430 1833 465 1855 ut
488 1826 546 1856 inf.
564 1837 593 1857 v.
614 1837 699 1865 770,

129 1883 190 1910 771
210 1873 310 1903 simile
326 1872 403 1913 quid
422 1873 603 1911 subjicitur.
626 1875 699 1904 Mo-

129 1930 208 1955 ueo,
233 1930 272 1949 ne
294 1920 365 1960 quis
384 1919 471 1949 malit
494 1921 699 1961 interpunge-

128 1977 158 1994 re
180 1975 187 1995 :
212 1966 363 2007 Campum
369 1989 426 1996 .....
447 1966 610 2002 Dima-nsi,
634 1968 698 1997 Ru-

127 2011 247 2053 tulique
260 2012 328 2042 νίν-ι’
345 2012 517 2053 Teucrique
534 2013 700 2053 parabant

128 2059 165 2086 In
195 2059 466 2101 171‹·d1'0qm÷jbcos
486 2067 517 2090 et
534 2060 592 2089 Dis
613 2071 697 2090 com-

129 2104 272 2134 munibus
301 2116 376 2134 aras
406 2106 607 2138 Gramineus.
634 2108 700 2137 Etsi

129 2151 213 2179 enim
235 2162 295 2190 quc
315 2152 403 2181 facile
419 2152 456 2181 ad
465 2153 560 2194 sucos
580 2155 625 2183 sic
652 2164 700 2182 re-

130 2196 210 2225 trahi
243 2204 370 2237 pon-st:
397 2205 498 2229 [amen
524 2200 701 2229 comm-tior

1284 508 1329 523 120

758 619 828 649 haec
845 618 974 649 videtur
995 628 1060 648 esse
1075 618 1166 647 ratio.
1182 634 1227 639 —
1249 627 1261 646 1
1273 618 1310 646 18
1324 641 1332 654 ,

764 676 840 706 119.
869 667 1072 707 Argutantur
1097 665 1244 702 Servius,
1272 665 1332 694 Ju-

759 712 822 742 lius
837 712 973 743 Sabinus
993 719 1023 742 et
1036 711 1099 742 alii.
1114 712 1153 740 In
1168 721 1227 740 ara
1235 733 1245 747 ‚
1261 720 1333 751 quae

759 758 823 788 hoc
835 759 909 789 loco
923 769 939 788 e
952 759 1068 799 cespite
1084 758 1162 795 suit,
1177 764 1255 798 puta
1268 766 1333 786 esse

751 804 865 845 fhcum
877 828 886 840 ,
917 806 973 844 qui
1001 805 1106 846 ignem
1135 805 1259 844 recipit.
1278 802 1335 832 Dii

758 858 864 880 autem
881 861 1073 885 communes,
1090 861 1147 889 per
1159 860 1242 889 quos
1255 851 1334 879 utri-

758 907 819 937 que
831 897 969 935 juraturi
985 903 1073 925 erant
1089 897 1220 925 Latinus
1235 902 1265 925 et
1279 897 1331 925 ,Ἐ-

759 952 852 980 ueas3
875 949 911 972 ut
935 944 971 972 in
995 943 1068 973 loco
1093 943 1270 982 Propertii,
1296 944 1330 978 1,

764 1001 776 1019 1
787 1001 800 1019 1
816 1013 824 1026 ,
847 990 887 1019 16
900 1012 908 1025 ‚
926 989 985 1018 ubi
1000 989 1106 1030 puella
1118 988 1245 1031 perfida
1265 998 1332 1017 nou

758 1037 904 1066 meminit
918 1046 1102 1065 communes
1113 1035 1200 1066 deos.
1217 1035 1332 1075 Sicque

758 1093 852 1123 supra
881 1082 938 1112 lib.
959 1083 1040 1112 VIII
1053 1105 1061 1119 ‚
1096 1083 1159 1120 275
1192 1091 1331 1111 commu-

760 1139 896 1169 nemque
910 1137 1027 1158 vocate
1043 1128 1151 1159 deum.
1168 1127 1208 1157 cf.
1222 1127 1340 1166 Valer‘·

758 1176 804 1206 Fl.
823 1177 890 1213 IV,
910 1175 971 1213 761
987 1185 994 1205 ;
1016 1177 1110 1204 Festa
1132 1173 1248 1204 dehinc
1264 1184 1328 1203 me-

758 1222 820 1252 diis
838 1222 950 1252 ineunt
968 1221 1110 1251 convivia
1129 1220 1218 1251 tectis
1237 1220 1329 1250 Com-

755 1280 928 1310 munesque
956 1276 1080 1299 'vocant
1108 1278 1245 1309 superos.
1284 1283 1331 1290 ——

759 1327 832 1347 120.
854 1315 1032 1356 Legebatur
1058 1315 1167 1346 Velaci
1184 1314 1262 1345 Iino.
1277 1314 1330 1344 Ad

755 1363 824 1392 haec
843 1363 940 1392 verba
959 1363 1108 1393 Heinsios
1124 1369 1155 1392 et
1175 1357 1331 1392 'Burman-

756 1420 815 1439 nos
853 1409 1091 1450 exspectabam,
1114 1408 1330 1450 disputantes;

757 1455 810 1486 sed
835 1456 913 1486 alter
937 1456 976 1486 ad
1003 1457 1149 1487 Servium
1177 1455 1329 1489 remittit,

755 1503 834 1532 alter
851 1509 940 1532 tacet.
961 1501 1086 1540 Subjeci
1099 1503 1162 1539 jam
1176 1502 1329 1541 interpre-

755 1550 908 1578 tationem
926 1548 1061 1588 vulgatae
1074 1548 1237 1583 lectionis,
1255 1557 1328 1586 qua-

754 1594 792 1623 lis
805 1594 858 1624 illa
872 1593 1066 1624 instituenda
1081 1595 1131 1624 sit.
1149 1595 1195 1623 De
1209 1593 1326 1624 infula.

755 1651 811 1670 seu
826 1641 903 1670 vitta
919 1647 965 1670 est
980 1640 1161 1680 accipienda
1172 1652 1182 1676 ς
1195 1650 1257 1680 qua
1273 1651 1329 1669 ve-

752 1686 818 1716 lari
842 1688 934 1716 toties
963 1686 1118 1716 dicuntur
1142 1687 1198 1727 qui
1224 1687 1327 1716 vittati

752 1740 838 1763 sunt.
864 1734 981 1773 Agitur
1002 1743 1079 1763 vero
1101 1732 1141 1763 de
1161 1743 1325 1763 sacrorum

753 1781 904 1809 ministris
919 1803 927 1816 ‚
953 1780 1138 1810 victimariis
1159 1787 1190 1810 et
1212 1780 1323 1820 popis,

753 1827 808 1867 qui
823 1837 909 1856 sacra
925 1825 1091 1856 adducunt
1107 1836 1116 1857 :
1133 1825 1192 1856 hos
1205 1836 1247 1856 ex
1262 1826 1325 1855 Ro-

753 1883 848 1904 mano
872 1883 979 1911 more,
998 1883 1094 1914 quem
1111 1883 1140 1902 v.
1161 1882 1188 1902 c.
1207 1873 1242 1901 in
1260 1871 1325 1901 Titi

753 1931 830 1950 arcu
856 1930 1047 1961 cognoscere
1070 1918 1162 1954 licet,
1182 1917 1240 1947 nbi
1259 1918 1322 1947 vic-

754 1968 837 1997 timae
859 1966 1045 2002 ducuntur,
1075 1971 1169 2005 poeta
1193 1963 1323 1994 exbibet

751 2012 952 2048 seminudos,
973 2012 1048 2042 licio
1072 2009 1221 2051 pudenda
1244 2021 1324 2051 prae-

753 2061 895 2096 cinctos,
921 2059 972 2088 cui
999 2067 1118 2087 nomen
1146 2057 1205 2087 suit
1233 2057 1321 2093 limi,

752 2117 809 2135 seu
834 2103 923 2145 quod
953 2111 1165 2134 transversum
1197 2104 1322 2134 femori-

753 2152 814 2182 bus
834 2158 985 2191 tanquam
1002 2150 1163 2192 cingulum
1182 2150 1322 2192 implica-

754 2199 781 2228 ri
794 2197 934 2234 solebat,
953 2208 1008 2228 seu
1025 2208 1040 2227 a
1062 2207 1203 2238 purpura
1223 2204 1322 2227 trans-
