1414 2435
172 82 235 112 268

673 80 868 111 AENEIDOS

169 139 287 187 Nigra
304 137 408 174 velut
428 148 580 186 magnas
599 135 744 172 domini
763 149 882 186 quum
895 136 1024 173 divitis
1039 135 1129 173 aedis

168 198 357 243 Pervolat,
378 204 416 233 et
434 196 567 247 pennis
585 197 659 233 alta
672 196 769 233 atria
789 196 923 233 lustrat
942 196 1128 242 hirundo,

168 259 308 297 Pabula
325 273 443 309 parva
456 261 600 309 legens,
617 260 792 310 nidisque
810 259 1034 310 loquacibus
1052 273 1173 305 escas3
1318 265 1365 299 »57⁵

171 326 216 359 Et
232 336 333 359 nunc
353 322 566 371 porticibus
586 323 734 368 vacuis,
751 335 852 358 nunc
872 322 1029 358 humida
1042 321 1186 358 circum

168 388 305 434 Stagna
322 392 431 420 sonat
451 397 459 419 :
481 383 612 419 similis
628 382 772 419 medios
786 386 950 419 Juturna
971 397 1039 433 per
1062 383 1181 420 hostis

170 450 305 483 Fertur
325 444 449 494 equis»,
466 445 678 494 rapidoque
699 446 830 481 volans
851 444 934 482 obit
953 446 1080 482 omnia
1099 459 1226 482 curru.

169 509 328 554 Jamque
348 505 410 542 hic
428 519 668 556 germanum,
683 506 840 556 jamque
859 505 921 542 hic
942 512 1105 542 ostentat
1121 514 1316 550 ovantem3

172 573 250 606 Nec
269 569 442 607 conferre
462 582 615 606 manum
635 569 796 619 patitur3
816 569 918 605 volat
934 568 1019 604 avia
1038 568 1158 617 longe.
1322 575 1371 602 «Ἥ-

171 632 283 670 Haud
300 632 421 669 minus
442 634 578 669 AEnoas
598 639 719 668 tortos
734 631 824 681 legit
845 630 983 667 obvius
1000 629 1104 667 orbis
1117 658 1126 676 ‚
1292 648 1298 669 ι

172 693 416 743 Vestigatque
436 694 578 740 virum,
595 701 632 730 et
649 692 804 743 disjecta
824 704 894 741 per
913 690 1062 740 agmina
1079 702 1214 740 magna

177 863 308 892 tinentia
328 860 544 901 ffleehyscu11½
566 860 724 891 Μέθυσκον
737 883 746 898 ,

175 911 418 948 interpretatur,
434 908 606 938 ebriosum.

226 956 303 992 473.
314 955 504 995 Exemplum
518 954 612 993 hujus
627 963 750 994 compa-

179 1002 328 1037 rationis,
345 1007 502 1040 quantum
521 1000 651 1041 quidem
671 1011 748 1030 con-

180 1054 256 1083 stat,
279 1053 351 1076 ante
370 1048 538 1076 Maronem
554 1057 621 1077 non
639 1057 750 1077 occur-

181 1095 222 1123 rit
246 1092 343 1123 aliud.
359 1094 428 1123 Nisi
448 1094 555 1133 itaque
575 1099 667 1133 poeta
705 1093 749 1128 is,

181 1139 266 1169 unde
282 1138 415 1169 ductum
431 1146 496 1177 est,
512 1138 691 1176 intercidit,
708 1145 754 1168 est

180 1186 243 1216 hoc
265 1186 349 1215 inter
366 1186 496 1215 inventa
517 1186 671 1216 Maronis.
685 1185 754 1215 Oh-

181 1231 333 1262 servanda
358 1238 463 1261 autem
487 1243 535 1261 ars
557 1233 590 1261 in
613 1242 647 1261 re
665 1232 753 1261 tenui

183 1286 213 1308 et
226 1277 342 1307 humili
359 1277 500 1308 ornanda
515 1285 546 1307 et
561 1276 754 1318 amplifican-

185 1324 235 1354 da.
251 1341 298 1346 —
314 1330 352 1361 47
361 1329 391 1359 4.
415 1325 459 1353 Ec
471 1324 586 1364 pennis
606 1331 755 1354 constans

184 1370 264 1400 libb.
287 1371 479 1410 scriptorum
503 1377 535 1400 et
558 1370 630 1401 edd.
648 1371 754 1401 lectio.

187 1416 296 1446 pinnis
305 1416 354 1446 ed.
366 1418 596 1456 Junt.pennas
606 1417 683 1447 alter
692 1418 759 1447 Me-

186 1473 258 1503 nag.
273 1462 395 1502 pernix
421 1473 482 1494 sec.
506 1464 658 1494 Rottend.
671 1463 759 1504 peni-

188 1515 237 1538 tus
256 1509 397 1539 Parthas.
412 1532 420 1545 ,
440 1508 527 1549 quod
551 1511 683 1540 Masvic.
703 1520 758 1538 ex-

190 1555 313 1595 pressit.
332 1573 378 1577 ·-
400 1555 505 1596 Nigra
536 1555 673 1585 hirundo
694 1567 704 1585 :
725 1562 759 1584 ut

188 1600 393 1629 domesticam
409 1600 571 1641 designet,
591 1612 659 1632 non
679 1603 760 1641 ripa-

190 1647 267 1676 riam
279 1669 287 1683 ,
307 1653 343 1675 nt
355 1646 492 1687 Scaliger
505 1647 697 1677 observavit.
712 1648 763 1676 Di-

191 1703 259 1722 cam
278 1693 385 1733 potius
395 1692 600 1723 hirundinem
614 1694 761 1722 rusticam

192 1738 343 1774 describi,
360 1735 589 1776 ἀκανθυλλίδαι,
605 1750 676 1779 qua¹
691 1739 763 1769 dor-

192 1797 228 1815 so
243 1786 335 1825 nigro
350 1785 571 1815 caerulesceme
584 1793 630 1815 est
644 1797 652 1823 3
667 1794 698 1816 et
717 1787 764 1827 agi

195 1833 245 1861 hic
260 1842 326 1861 non
348 1831 387 1860 (lc
405 1832 520 1871 pal-'uio
545 1832 688 1869 urbano,
711 1832 764 1862 sed

194 1878 232 1908 de
250 1878 322 1907 villa
333 1877 436 1917 aliqua
445 1901 453 1913 ,
467 1878 519 1907 illa
531 1877 649 1908 docent
660 1889 667 1909 :
679 1890 765 1909 nunc

193 1924 365 1965 porticibus
383 1924 497 1953 ‘vacuis
507 1948 515 1958 ,
536 1936 619 1954 nunc
634 1924 766 1955 humida

195 1971 310 2001 circum
345 1972 467 2010 Stagna
497 1972 593 2001 ‘volat
602 1983 615 2007 ;
636 1982 707 2012 quae
734 1972 766 2001 in

197 2018 275 2047 urbe
291 2027 353 2046 non
372 2017 461 2046 facile
481 2028 613 2057 qairrus,
638 2017 767 2048 Porticus

199 2065 229 2092 in
256 2065 405 2092 interiora
424 2063 536 2093 domus
559 2064 765 2104 penetrando.

199 2109 238 2138 cf.
258 2120 327 2149 sup.
345 2110 673 2148 256—263.-475.
694 2113 768 2141 Sua-

202 2155 246 2183 vis
264 2165 372 2184 versus
388 2165 394 2184 :
415 2167 516 2195 parva
539 2167 613 2186 cum
631 2157 768 2186 dilectu!

201 2212 233 2233 ul
262 2204 369 2244 paullo
399 2210 468 2232 nnu-
499 2202 610 2232 vacuis
633 2203 769 2232 ‹lm-lami

801 863 899 902 spatia
913 863 1057 902 porticus
1070 868 1100 891 et
1116 861 1354 903 amplitudinem
1367 873 1374 893 ;

802 907 886 937 nidis
925 907 1111 948 loquacibus
1122 930 1131 946 ,
1162 918 1221 950 pro
1252 908 1347 948 pullis
1363 931 1370 943 ‚

802 954 932 990 νεεσσεῖς
948 953 1097 996 τρύζουσι.

852 1002 929 1036 480.
945 1001 1014 1030 Nec
1027 1000 1171 1042 conferre
1182 1010 1311 1030 manum
1317 1010 1376 1040 pa-

805 1049 902 1084 tit111·;
917 1057 990 1077 cum
1006 1050 1122 1083 AEnea,
1138 1047 1181 1076 ait
1191 1048 1278 1077 Sew.
1293 1047 1375 1077 Nam

805 1095 883 1125 alios
898 1095 1108 1134 persequitur.
1120 1110 1165 1115 —-
1177 1093 1253 1129 481.
1268 1095 1312 1123 Ut
1330 1093 1374 1122 Ie·

803 1152 879 1183 gere
901 1139 1061 1181 vestigia,
1091 1149 1181 1174 oras,
1209 1138 1303 1174 vias,
1332 1145 1378 1168 est

806 1187 972 1228 peisequi,
994 1187 1039 1215 sic
1064 1185 1146 1226 legit
1158 1184 1191 1215 h.
1213 1185 1235 1215 l.
1257 1185 1378 1215 AEneas

809 1241 909 1263 tortos
927 1232 1033 1268 orbes,
1052 1231 1199 1272 obliquas
1221 1238 1253 1261 et
1273 1231 1379 1272 impli-

809 1281 885 1310 citas
903 1280 986 1316 vitm,
1003 1285 1040 1308 ut
1063 1277 1164 1309 Servii
1183 1277 1288 1307 verbis
1310 1283 1380 1307 utar

811 1326 873 1367 (cf.
890 1326 948 1356 inf.
971 1331 1012 1364 74
1018 1326 1034 1355 3
1050 1324 1082 1365 ),
1101 1330 1242 1365 pererrat
1257 1333 1294 1354 ac
1308 1333 1380 1364 per-

811 1379 951 1414 vagatur.
954 1371 1082 1408 —482.
1101 1370 1234 1411 Dejecta
1247 1369 1380 1401 Oudart.

813 1430 828 1449 a
853 1429 894 1448 m.
923 1429 985 1448 sec.
1008 1420 1116 1458 Sprot.
1139 1424 1170 1447 et
1193 1416 1309 1447 Hamb.
1332 1427 1381 1457 pr.

813 1475 885 1495 cnm
900 1464 999 1495 Goth.
1023 1474 1072 1504 pr.
1089 1462 1162 1493 edd.
1185 1470 1260 1493 vett.
1279 1465 1360 1493 Ven.
1373 1484 1382 1497 ‚

813 1521 914 1551 usque
926 1510 966 1539 ad
979 1509 1182 1549 Egnafianam
1190 1507 1383 1538 emendatio-

813 1567 898 1586 nem.
920 1557 957 1585 In
974 1555 1039 1584 fine
1065 1565 1187 1596 magna
1209 1553 1325 1584 Medic.
1355 1562 1383 1583 m

814 1603 909 1632 ceteri
919 1602 1027 1631 Heius.
1041 1610 1151 1630 omnes
1162 1622 1170 1637 ‚
1185 1599 1283 1631 Goth.
1295 1622 1303 1637 ‚
1320 1608 1385 1630 tum

816 1648 887 1678 edd.
905 1654 980 1677 vett.
996 1657 1106 1676 omues
1122 1656 1130 1677 :
1147 1653 1181 1676 ut
1197 1657 1317 1688 magna
1329 1657 1387 1676 'vo-

817 1706 852 1725 ce
878 1695 1039 1734 jungatur.
1061 1695 1103 1722 At
1128 1692 1264 1734 agmina
1288 1693 1385 1734 longa

818 1742 939 1781 primus
967 1740 1088 1770 Pierius
1109 1749 1150 1768 ex
1177 1738 1300 1779 aliquot
1322 1739 1386 1768 suis

819 1788 941 1817 notavit
953 1796 960 1816 :
977 1786 1012 1814 in
1024 1784 1143 1825 quibus
1157 1791 1261 1815 tamen
1275 1787 1388 1815 Romn-

821 1844 881 1863 nus
900 1843 967 1862 nou
981 1838 1047 1861 erat
1066 1840 1073 1861 :
1098 1830 1174 1861 hinc
1190 1831 1308 1871 recepit
1322 1831 1387 1870 pri-

820 1890 888 1914 ma,
918 1880 953 1909 ni
976 1878 1090 1914 fallor,
1118 1877 1169 1907 ed.
1195 1876 1349 1907 Commel.
1373 1888 1389 1905 e

822 1927 916 1957 Palat.
928 1948 936 1962 ‚
960 1924 1034 1954 iude
1058 1922 1130 1954 edd.
1149 1922 1321 1953 Pulmanu.
1335 1945 1343 1958 ‚
1358 1930 1388 1952 et

820 1973 896 2002 hinc
921 1977 994 2001 cett.
1025 1969 1150 2010 vulgg.‚
1176 1968 1209 1997 in
1234 1968 1282 1998 his
1303 1971 1386 1999 Dan.

822 2018 972 2049 Heinsius
985 2025 993 2046 τ
1008 2014 1156 2046 adversus
1172 2014 1319 2044 codicum
1331 2038 1340 2053 ‚
1354 2022 1388 2044 nt

822 2063 975 2098 vidimus,
996 2061 1214 2091 auctoritatem
1231 2070 1238 2091 :
1255 2060 1390 2101 ideoque

822 2119 908 2140 nuuc
926 2108 1059 2137 alterum
1073 2106 1391 2138 retraximus.——Dis-

820 2155 904 2195 jecta
916 2165 975 2195 per
985 2152 1119 2194 agmina
1136 2155 1288 2194 impetum
1298 2163 1390 2184 men-

826 2202 864 2231 tis
883 2211 997 2231 currus
1010 2199 1147 2230 declarat
1161 2222 1168 2232 ,
1186 2210 1250 2239 quo
1264 2200 1393 2240 dissipa-
