1414 2435
122 46 188 83 370

493 42 527 71 P.
553 41 735 71 VIRGILII
759 40 955 73 MARONIS

123 99 301 150 Hospitio
321 97 425 148 quod
445 109 484 134 se
502 97 585 134 Nisi
603 97 780 146 Polyidos
801 98 923 144 avito,

126 158 371 209 Carpathium
391 157 536 208 fugiens
555 164 592 194 et
610 157 766 194 flumina
785 159 971 203 Caeratea,

126 223 288 257 Texerat
306 232 315 254 t
335 218 436 255 hunc
455 217 556 255 bello
575 225 750 267 repetens
768 217 977 266 Gortynius
998 216 1110 254 heros

127 281 253 318 Attica
271 281 415 316 Cretaea
435 277 627 315 sternebat
644 290 736 314 rura
753 276 900 326 sagitta.
1274 287 1320 311 με

129 339 205 378 Sed
223 352 346 389 neque
365 347 455 375 tunc
474 339 594 383 cives,
611 349 734 386 neque
754 345 844 373 tunc
863 349 932 373 rex
948 336 1030 386 ipse
1049 346 1203 375 veretur

127 400 268 436 Infesto
289 399 336 436 ad
355 411 484 435 muros
503 397 695 435 volitantis
716 397 864 447 agmine
885 405 1028 433 turmas

127 461 294 505 Ducere,
315 467 352 495 et
370 457 554 494 indomita
573 457 715 494 virtute
734 456 938 493 retundere
956 455 1091 492 mentis
1109 471 1117 493 :

128 521 365 568 Responsum
380 519 560 568 quoniam
578 518 667 556 satis
688 527 743 555 est
761 517 975 554 meminisse
994 517 1164 555 deorum.

127 581 224 616 “Nam
244 580 365 629 capite
385 592 407 616 a
424 592 571 616 summo
590 579 708 628 regis,
724 577 897 615 mirabile
915 577 1038 625 dictu,
1277 594 1324 610 uo

129 639 297 676 Candida
316 630 502 685 caesaribs3
525 639 712 677 florebant
730 649 903 689 tempora
921 639 1047 685 lauro;

129 703 180 735 At
199 712 329 736 roseus
348 700 474 736 medio
494 699 663 749 fulgebat
681 701 825 737 vertice
843 700 956 737 erinis
977 715 985 735 :

130 759 244 808 Cujus
263 772 377 808 quam
396 768 544 795 servata
563 759 630 795 diu
647 768 784 796 natura
804 761 954 804 fuisset,

130 821 222 855 Tam
241 819 404 868 patriam
422 819 649 855 incolumem
667 819 750 855 Nisi
769 831 1002 868 regnumque
1022 818 1210 865 futurum,

130 879 344 916 Concordes
363 878 488 916 stabili
507 880 705 916 firmarunt
721 879 876 915 numine
896 882 1034 916 Parcae.
1277 888 1323 912 ης

131 939 230 987 Ergo
251 939 370 975 omnis
391 951 478 975 caro
498 938 688 975 residebat
707 951 799 974 cura
816 938 972 987 capillo;

132 999 258 1032 Aurea
277 998 437 1033 sollcnni
456 1006 624 1032 comtum
643 1008 794 1045 quoque
815 996 931 1033 fibula
948 996 1025 1033 ritu

130 1056 333 1104 Mopsopio
354 1056 464 1091 tereti
482 1054 657 1090 nectebat
677 1055 788 1091 dente
808 1055 957 1091 cicadae.

181 1117 262 1151 Nec
281 1127 372 1151 vero
392 1114 473 1151 haec
490 1114 600 1150 vobis
619 1113 790 1150 custodia
806 1126 902 1150 vana
925 1114 1075 1160 fuisset,

129 1177 208 1212 Nec
224 1175 348 1211 fuerat
367 1189 374 1210 :
394 1175 465 1210 nisi
486 1175 626 1223 Scylla,
643 1187 743 1211 novo
761 1183 943 1224 concepta
963 1175 1111 1221 surore,
1273 1184 1320 1208 230

131 1234 271 1283 Scylla,
293 1233 410 1283 patris
431 1234 557 1270 miseri
576 1234 783 1283 patriaeque
802 1234 956 1270 inventa
973 1234 1205 1284 sepulcrum,

131 1297 164 1332 Ο
183 1294 340 1331 nimium
357 1294 504 1344 cupidis
523 1295 555 1332 si
571 1308 647 1332 non
667 1294 846 1332 inhiasset
863 1294 1006 1331 ocellis!

131 1355 205 1392 Sed
225 1355 342 1392 malus
363 1355 424 1392 ille
444 1368 556 1405 puer,
577 1367 689 1404 quem
709 1368 778 1391 nec
797 1367 863 1391 sua
887 1354 1037 1391 flectere
1057 1363 1176 1392 mater

132 1418 276 1452 Iratum
297 1415 440 1465 potuit,
458 1428 571 1465 quem
587 1428 656 1452 nec
674 1423 781 1465 patet·
801 1424 913 1465 atque
934 1428 1026 1452 avus
1042 1415 1144 1452 idem

180 1553 242 1581 116
267 1563 336 1592 sqq.
360 1551 420 1583 Sed
447 1554 645 1593 Megarenses
667 1559 699 1582 et

129 1598 224 1628 Nisus
258 1608 344 1627 nunc
374 1605 564 1627 cunctantur
594 1599 699 1628 Minoi

130 1654 296 1674 occurrere
311 1651 342 1673 et
357 1655 464 1674 muros
480 1644 568 1673 urbis
590 1643 697 1673 defen-

131 1689 204 1719 dere
228 1699 236 1720 2
256 1691 375 1730 quippe
400 1690 514 1730 capillo
537 1700 699 1730 purpureo

131 1734 243 1765 confisi
275 1736 457 1776 sperabant,
492 1737 562 1776 capi
593 1738 699 1777 Mega-

131 1792 198 1811 ram
214 1793 279 1812 non
298 1793 404 1822 posse,
420 1782 589 1823 quamdin,
607 1790 667 1813 etc.

183 1838 256 1866 127,
286 1830 359 1859 128.
384 1828 494 1859 Fibula
518 1839 611 1858 aurea
626 1840 699 1859 nec-

131 1873 216 1903 tebat
239 1885 310 1904 euin
340 1876 459 1904 crine-n
486 1874 579 1904 dente
611 1877 700 1906 tereti

131 1920 255 1951 cicadae.
273 1923 346 1951 Erat
359 1921 477 1951 scilicet
493 1921 591 1951 fibula
608 1923 640 1951 in
655 1924 700 1952 ci-

132 1966 215 1996 ‹tadae
234 1967 366 1996 sormam
397 1969 474 1997 facta
497 1968 555 1997 ritu
581 1968 699 1999 Attico.

132 2013 212 2041 Nota
230 2024 316 2043 nunc
331 2025 394 2050 res,
413 2014 621 2044 Athenienses
634 2025 700 2044 τετ-

131 2061 370 2099 τιγιῳιροὺντςις
402 2061 496 2090 fuisse
513 2082 520 2097 ,
552 2061 699 2091 habuisse

131 2103 268 2132 cicadam
286 2116 411 2135 auream
428 2107 565 2136 crinium
583 2108 700 2137 cincin-

133 2149 180 2178 nis
196 2150 352 2180 innexam.

802 1562 814 1582 ι
823 1553 875 1582 33.
896 1552 969 1582 Non
982 1551 1131 1593 ignobilis
1143 1552 1182 1584 de
1195 1554 1322 1585 Amoris

751 1600 893 1638 potentia
906 1597 1010 1635 locus,
1025 1599 1083 1628 etsi
1097 1609 1112 1628 a
1128 1599 1236 1629 multis
1247 1608 1322 1631 trac-

753 1651 851 1681 tatus,
866 1651 896 1673 et
910 1644 1030 1674 alienus
1044 1645 1124 1674 sorte
1139 1646 1191 1676 ille
1206 1646 1247 1676 ab
1260 1646 1322 1677 hoc

751 1690 834 1726 loco,
845 1701 945 1730 quum
956 1692 1001 1720 ira
1012 1691 1181 1731 Cupidinis
1194 1692 1322 1722 nullum

752 1737 785 1766 in
807 1747 874 1777 sqq.
894 1736 1001 1766 locum
1025 1737 1140 1768 habeat
1159 1747 1167 1769 :
1193 1748 1258 1779 quo
1276 1744 1322 1769 ta·

753 1793 825 1812 men
853 1784 936 1812 viam
962 1783 1024 1813 sibi
1047 1790 1140 1824 poeta
1164 1785 1260 1814 struit
1282 1783 1322 1814 ad

752 1829 850 1870 ipsam
864 1830 1076 1859 narrationem
1093 1840 1109 1859 a
1123 1841 1152 1861 v,
1173 1831 1237 1870 139
1251 1840 1320 1871 sqq.

804 1877 876 1912 134.
899 1878 998 1905 Pater
1013 1883 1110 1916 atque
1133 1886 1209 1905 avus
1234 1875 1318 1905 idem

752 1922 885 1961 Jupiter.
904 1923 950 1952 De
969 1921 1030 1951 hoc
1050 1933 1080 1952 v.
1104 1921 1195 1951 docta
1210 1920 1320 1962 dispu-

754 1970 829 1997 tatio
843 1968 1024 1998 Valkenarii
1037 1966 1075 1997 ad
1086 1968 1193 2007 Enrip.
1209 1967 1320 2008 fragm.

753 2025 784 2053 p.
809 2025 818 2043 1
829 2015 888 2053 593
902 2014 972 2044 add.
990 2014 1165 2053 Musgravii
1181 2013 1221 2042 ad
1241 2015 1320 2055 Hip-

752 2060 817 2099 pol.
834 2061 910 2099 539.
930 2059 1055 2090 Scilicet
1071 2070 1086 2088 a
1104 2059 1235 2089 diversis
1248 2070 1322 2100 poe-

754 2107 792 2134 tis
813 2107 924 2135 Venus
948 2106 968 2135 J
971 2106 1038 2135 ovis
1065 2104 1129 2135 iilia
1159 2112 1190 2135 et
1211 2105 1320 2136 eadem

754 2158 851 2181 mater
865 2152 990 2182 Amoris
1004 2162 1020 2181 e
1033 2152 1114 2182 Jove
1130 2152 1243 2183 tradita
1256 2151 1322 2183 fue-
