<?xml version="1.0" encoding="UTF-8"?>
<!DOCTYPE html PUBLIC "-//W3C//DTD XHTML 1.0 Transitional//EN"
    "http://www.w3.org/TR/xhtml1/DTD/xhtml1-transitional.dtd">
<html xmlns="http://www.w3.org/1999/xhtml" xml:lang="en" lang="en">
 <head>
  <title>
</title>
<meta http-equiv="Content-Type" content="text/html;charset=utf-8" />
  <meta name='ocr-system' content='tesseract 3.04.00' />
  <meta name='ocr-capabilities' content='ocr_page ocr_carea ocr_par ocr_line ocrx_word'/>
</head>
<body>
  <div class='ocr_page' id='page_1' title='image "./operahey04virguoft_0125.png"; bbox 0 0 1414 2435; ppageno 0'>
   <div class='ocr_carea' id='block_1_1' title="bbox 593 80 784 111">
    <p class='ocr_par' dir='ltr' id='par_1_1' title="bbox 593 80 784 111">
     <span class='ocr_line' id='line_1_1' title="bbox 593 80 784 111; baseline 0 -1"><span class='ocrx_word' id='word_1_1' title='bbox 593 80 716 111; x_wconf 83' lang='lat' dir='ltr'>LIBER</span> <span class='ocrx_word' id='word_1_2' title='bbox 739 81 770 110; x_wconf 79' lang='lat' dir='ltr'>X</span> <span class='ocrx_word' id='word_1_3' title='bbox 777 102 784 110; x_wconf 88' lang='lat'><strong>.</strong></span> 
     </span>
    </p>
   </div>
   <div class='ocr_carea' id='block_1_2' title="bbox 1222 81 1282 109">
    <p class='ocr_par' dir='ltr' id='par_1_2' title="bbox 1222 81 1282 109">
     <span class='ocr_line' id='line_1_2' title="bbox 1222 81 1282 109; baseline 0 0"><span class='ocrx_word' id='word_1_4' title='bbox 1222 81 1282 109; x_wconf 75' lang='lat'>115</span> 
     </span>
    </p>
   </div>
   <div class='ocr_carea' id='block_1_3' title="bbox 93 134 1293 840">
    <p class='ocr_par' dir='ltr' id='par_1_3' title="bbox 93 134 1028 245">
     <span class='ocr_line' id='line_1_3' title="bbox 93 134 1028 186; baseline 0.002 -16"><span class='ocrx_word' id='word_1_5' title='bbox 93 135 330 182; x_wconf 85' lang='lat' dir='ltr'>Exanimem,</span> <span class='ocrx_word' id='word_1_6' title='bbox 351 134 502 184; x_wconf 87' lang='lat' dir='ltr'>rapiens</span> <span class='ocrx_word' id='word_1_7' title='bbox 521 135 687 173; x_wconf 85' lang='lat' dir='ltr'>inmania</span> <span class='ocrx_word' id='word_1_8' title='bbox 705 135 874 186; x_wconf 85' lang='lat' dir='ltr'>pondera</span> <span class='ocrx_word' id='word_1_9' title='bbox 893 136 1028 182; x_wconf 85' lang='lat' dir='ltr'>baltei,</span> 
     </span>
     <span class='ocr_line' id='line_1_4' title="bbox 94 194 995 245; baseline 0.001 -15"><span class='ocrx_word' id='word_1_10' title='bbox 94 196 389 243; x_wconf 85' lang='lat' dir='ltr'>Inpressumque</span> <span class='ocrx_word' id='word_1_11' title='bbox 408 194 512 231; x_wconf 86' lang='lat' dir='ltr'>nefas</span> <span class='ocrx_word' id='word_1_12' title='bbox 535 210 542 231; x_wconf 74' lang='grc' dir='ltr'>ε</span> <span class='ocrx_word' id='word_1_13' title='bbox 566 209 641 232; x_wconf 85' lang='lat' dir='ltr'>una</span> <span class='ocrx_word' id='word_1_14' title='bbox 660 195 730 233; x_wconf 90' lang='lat' dir='ltr'>sub</span> <span class='ocrx_word' id='word_1_15' title='bbox 750 205 861 232; x_wconf 86' lang='lat' dir='ltr'>nocte</span> <span class='ocrx_word' id='word_1_16' title='bbox 877 196 995 245; x_wconf 81' lang='lat' dir='ltr'>jugali</span> 
     </span>
    </p>

    <p class='ocr_par' dir='ltr' id='par_1_4' title="bbox 95 255 1122 305">
     <span class='ocr_line' id='line_1_5' title="bbox 95 255 1122 305; baseline 0.001 -14"><span class='ocrx_word' id='word_1_17' title='bbox 95 256 199 292; x_wconf 78' lang='lat' dir='ltr'>Caesa</span> <span class='ocrx_word' id='word_1_18' title='bbox 217 267 349 292; x_wconf 85' lang='lat' dir='ltr'>manus</span> <span class='ocrx_word' id='word_1_19' title='bbox 366 255 553 304; x_wconf 86' lang='lat' dir='ltr'>juvenum</span> <span class='ocrx_word' id='word_1_20' title='bbox 573 255 689 301; x_wconf 87' lang='lat' dir='ltr'>foede,</span> <span class='ocrx_word' id='word_1_21' title='bbox 711 255 941 305; x_wconf 81' lang='lat' dir='ltr'>thalamique</span> <span class='ocrx_word' id='word_1_22' title='bbox 959 256 1122 301; x_wconf 84' lang='lat' dir='ltr'>cruenti;</span> 
     </span>
    </p>

    <p class='ocr_par' dir='ltr' id='par_1_5' title="bbox 96 313 1055 363">
     <span class='ocr_line' id='line_1_6' title="bbox 96 313 1055 363; baseline 0.002 -13"><span class='ocrx_word' id='word_1_23' title='bbox 96 317 190 360; x_wconf 85' lang='lat' dir='ltr'>Quae</span> <span class='ocrx_word' id='word_1_24' title='bbox 211 313 349 351; x_wconf 85' lang='lat' dir='ltr'>Clonus</span> <span class='ocrx_word' id='word_1_25' title='bbox 368 314 571 363; x_wconf 80' lang='lat' dir='ltr'><strong>Eurytides</strong></span> <span class='ocrx_word' id='word_1_26' title='bbox 590 315 709 351; x_wconf 90' lang='lat' dir='ltr'>multo</span> <span class='ocrx_word' id='word_1_27' title='bbox 730 315 927 352; x_wconf 85' lang='lat' dir='ltr'>caelaverat</span> <span class='ocrx_word' id='word_1_28' title='bbox 944 328 1055 360; x_wconf 82' lang='lat' dir='ltr'>aur03</span> 
     </span>
    </p>

    <p class='ocr_par' dir='ltr' id='par_1_6' title="bbox 95 374 1290 482">
     <span class='ocr_line' id='line_1_7' title="bbox 96 374 1290 424; baseline 0.003 -15"><span class='ocrx_word' id='word_1_29' title='bbox 96 375 183 418; x_wconf 89' lang='lat' dir='ltr'>Quo</span> <span class='ocrx_word' id='word_1_30' title='bbox 200 387 301 410; x_wconf 88' lang='lat' dir='ltr'>nunc</span> <span class='ocrx_word' id='word_1_31' title='bbox 320 376 472 411; x_wconf 81' lang='lat' dir='ltr'>Turnus</span> <span class='ocrx_word' id='word_1_32' title='bbox 490 382 579 410; x_wconf 89' lang='lat' dir='ltr'>ovat</span> <span class='ocrx_word' id='word_1_33' title='bbox 595 375 718 424; x_wconf 84' lang='lat' dir='ltr'>spolio</span> <span class='ocrx_word' id='word_1_34' title='bbox 738 374 952 424; x_wconf 85' lang='lat' dir='ltr'>gaudetque</span> <span class='ocrx_word' id='word_1_35' title='bbox 970 375 1123 424; x_wconf 86' lang='lat' dir='ltr'>potitus.</span> <span class='ocrx_word' id='word_1_36' title='bbox 1243 384 1290 407; x_wconf 68' lang='lat'>50⁰</span> 
     </span>
     <span class='ocr_line' id='line_1_8' title="bbox 95 431 1063 482; baseline 0.001 -14"><span class='ocrx_word' id='word_1_37' title='bbox 95 432 230 469; x_wconf 85' lang='lat' dir='ltr'>Nescia</span> <span class='ocrx_word' id='word_1_38' title='bbox 248 445 353 469; x_wconf 85' lang='lat' dir='ltr'>mens</span> <span class='ocrx_word' id='word_1_39' title='bbox 373 431 572 468; x_wconf 87' lang='lat' dir='ltr'>hominum</span> <span class='ocrx_word' id='word_1_40' title='bbox 593 432 678 477; x_wconf 84' lang='lat' dir='ltr'>fati,</span> <span class='ocrx_word' id='word_1_41' title='bbox 699 432 887 482; x_wconf 88' lang='lat' dir='ltr'>sortisque</span> <span class='ocrx_word' id='word_1_42' title='bbox 907 433 1063 479; x_wconf 68' lang='lat' dir='ltr'>futurae,</span> 
     </span>
    </p>

    <p class='ocr_par' dir='ltr' id='par_1_7' title="bbox 96 491 1022 539">
     <span class='ocr_line' id='line_1_9' title="bbox 96 491 1022 539; baseline -0.001 -10"><span class='ocrx_word' id='word_1_43' title='bbox 96 494 143 529; x_wconf 94' lang='lat' dir='ltr'>Et</span> <span class='ocrx_word' id='word_1_44' title='bbox 161 505 313 529; x_wconf 86' lang='lat' dir='ltr'>servare</span> <span class='ocrx_word' id='word_1_45' title='bbox 333 491 508 539; x_wconf 86' lang='lat' dir='ltr'>modum,</span> <span class='ocrx_word' id='word_1_46' title='bbox 530 491 644 529; x_wconf 86' lang='lat' dir='ltr'>rebus</span> <span class='ocrx_word' id='word_1_47' title='bbox 665 492 812 529; x_wconf 84' lang='lat' dir='ltr'>sublata</span> <span class='ocrx_word' id='word_1_48' title='bbox 832 493 1022 530; x_wconf 82' lang='lat' dir='ltr'>secundis!</span> 
     </span>
    </p>

    <p class='ocr_par' dir='ltr' id='par_1_8' title="bbox 96 552 1293 782">
     <span class='ocr_line' id='line_1_10' title="bbox 96 552 1163 605; baseline 0.001 -17"><span class='ocrx_word' id='word_1_49' title='bbox 96 554 225 589; x_wconf 85' lang='lat' dir='ltr'>Turno</span> <span class='ocrx_word' id='word_1_50' title='bbox 246 561 393 605; x_wconf 74' lang='lat' dir='ltr'>tempus</span> <span class='ocrx_word' id='word_1_51' title='bbox 411 552 500 598; x_wconf 82' lang='lat' dir='ltr'>erit,</span> <span class='ocrx_word' id='word_1_52' title='bbox 522 565 658 602; x_wconf 82' lang='lat' dir='ltr'>magno</span> <span class='ocrx_word' id='word_1_53' title='bbox 678 566 796 602; x_wconf 90' lang='lat' dir='ltr'>quum</span> <span class='ocrx_word' id='word_1_54' title='bbox 814 553 1003 602; x_wconf 85' lang='lat' dir='ltr'>optaverit</span> <span class='ocrx_word' id='word_1_55' title='bbox 1023 561 1163 589; x_wconf 89' lang='lat' dir='ltr'>emtum</span> 
     </span>
     <span class='ocr_line' id='line_1_11' title="bbox 96 611 1121 661; baseline 0 -13"><span class='ocrx_word' id='word_1_56' title='bbox 96 614 283 648; x_wconf 86' lang='lat' dir='ltr'>Intactum</span> <span class='ocrx_word' id='word_1_57' title='bbox 302 612 484 657; x_wconf 83' lang='lat' dir='ltr'>Pallanta,</span> <span class='ocrx_word' id='word_1_58' title='bbox 506 620 543 648; x_wconf 90' lang='lat' dir='ltr'>et</span> <span class='ocrx_word' id='word_1_59' title='bbox 559 625 677 661; x_wconf 91' lang='lat' dir='ltr'>quum</span> <span class='ocrx_word' id='word_1_60' title='bbox 695 612 816 661; x_wconf 88' lang='lat' dir='ltr'>spolia</span> <span class='ocrx_word' id='word_1_61' title='bbox 834 612 922 656; x_wconf 87' lang='lat' dir='ltr'>ista,</span> <span class='ocrx_word' id='word_1_62' title='bbox 946 611 1121 661; x_wconf 79' lang='lat' dir='ltr'>diemque</span> 
     </span>
     <span class='ocr_line' id='line_1_12' title="bbox 98 671 1293 721; baseline -0.003 -13"><span class='ocrx_word' id='word_1_63' title='bbox 98 671 251 708; x_wconf 83' lang='lat' dir='ltr'><strong>Oderit!</strong></span> <span class='ocrx_word' id='word_1_64' title='bbox 273 675 322 708; x_wconf 84' lang='lat' dir='ltr'>At</span> <span class='ocrx_word' id='word_1_65' title='bbox 341 671 435 709; x_wconf 79' lang='lat' dir='ltr'>socii</span> <span class='ocrx_word' id='word_1_66' title='bbox 454 672 573 708; x_wconf 90' lang='lat' dir='ltr'>multo</span> <span class='ocrx_word' id='word_1_67' title='bbox 594 672 736 721; x_wconf 83' lang='lat' dir='ltr'>gemitu</span> <span class='ocrx_word' id='word_1_68' title='bbox 755 671 996 720; x_wconf 80' lang='lat' dir='ltr'>lacrimisque</span> <span class='ocrx_word' id='word_1_69' title='bbox 1243 681 1293 705; x_wconf 80' lang='lat'>505</span> 
     </span>
     <span class='ocr_line' id='line_1_13' title="bbox 97 732 1050 782; baseline -0.002 -14"><span class='ocrx_word' id='word_1_70' title='bbox 97 732 308 782; x_wconf 86' lang='lat' dir='ltr'>Inpositum</span> <span class='ocrx_word' id='word_1_71' title='bbox 326 741 433 769; x_wconf 93' lang='lat' dir='ltr'>scuto</span> <span class='ocrx_word' id='word_1_72' title='bbox 453 732 623 768; x_wconf 84' lang='lat' dir='ltr'>referunt</span> <span class='ocrx_word' id='word_1_73' title='bbox 639 732 806 768; x_wconf 85' lang='lat' dir='ltr'>Pallanta</span> <span class='ocrx_word' id='word_1_74' title='bbox 824 732 1050 780; x_wconf 86' lang='lat' dir='ltr'>frequentes.</span> 
     </span>
    </p>

    <p class='ocr_par' dir='ltr' id='par_1_9' title="bbox 98 789 1119 840">
     <span class='ocr_line' id='line_1_14' title="bbox 98 789 1119 840; baseline -0.001 -13"><span class='ocrx_word' id='word_1_75' title='bbox 98 792 131 827; x_wconf 95' lang='grc' dir='ltr'>Ο</span> <span class='ocrx_word' id='word_1_76' title='bbox 151 789 278 837; x_wconf 86' lang='lat' dir='ltr'>dolor,</span> <span class='ocrx_word' id='word_1_77' title='bbox 300 799 412 840; x_wconf 83' lang='lat' dir='ltr'>atque</span> <span class='ocrx_word' id='word_1_78' title='bbox 432 790 546 828; x_wconf 83' lang='lat' dir='ltr'>decus</span> <span class='ocrx_word' id='word_1_79' title='bbox 566 803 744 840; x_wconf 87' lang='lat' dir='ltr'>magnum</span> <span class='ocrx_word' id='word_1_80' title='bbox 767 789 935 827; x_wconf 82' lang='lat' dir='ltr'>rediture</span> <span class='ocrx_word' id='word_1_81' title='bbox 956 790 1119 839; x_wconf 83' lang='lat' dir='ltr'>parenti!</span> 
     </span>
    </p>
   </div>
   <div class='ocr_carea' id='block_1_4' title="bbox 93 939 670 2226">
    <p class='ocr_par' dir='ltr' id='par_1_10' title="bbox 93 939 667 1108">
     <span class='ocr_line' id='line_1_15' title="bbox 97 939 667 980; baseline 0.007 -13"><span class='ocrx_word' id='word_1_82' title='bbox 97 939 177 968; x_wconf 86' lang='lat' dir='ltr'>tium</span> <span class='ocrx_word' id='word_1_83' title='bbox 213 949 329 980; x_wconf 87' lang='lat' dir='ltr'>corpus</span> <span class='ocrx_word' id='word_1_84' title='bbox 367 951 435 970; x_wconf 86' lang='lat' dir='ltr'>mos</span> <span class='ocrx_word' id='word_1_85' title='bbox 455 963 463 977; x_wconf 91' lang='lat'><strong>,</strong></span> <span class='ocrx_word' id='word_1_86' title='bbox 503 947 539 970; x_wconf 92' lang='lat' dir='ltr'>ut</span> <span class='ocrx_word' id='word_1_87' title='bbox 581 951 667 971; x_wconf 84' lang='lat' dir='ltr'>arma</span> 
     </span>
     <span class='ocr_line' id='line_1_16' title="bbox 93 985 667 1022; baseline 0.007 -9"><span class='ocrx_word' id='word_1_88' title='bbox 93 992 234 1022; x_wconf 81' lang='lat' dir='ltr'>exuant;</span> <span class='ocrx_word' id='word_1_89' title='bbox 253 987 310 1015; x_wconf 81' lang='lat' dir='ltr'>etsi</span> <span class='ocrx_word' id='word_1_90' title='bbox 328 985 362 1017; x_wconf 90' lang='lat' dir='ltr'>h.</span> <span class='ocrx_word' id='word_1_91' title='bbox 381 986 403 1017; x_wconf 92' lang='lat' dir='ltr'>l.</span> <span class='ocrx_word' id='word_1_92' title='bbox 421 997 522 1016; x_wconf 86' lang='lat' dir='ltr'>unum</span> <span class='ocrx_word' id='word_1_93' title='bbox 543 993 667 1017; x_wconf 84' lang='lat' dir='ltr'>tantum</span> 
     </span>
     <span class='ocr_line' id='line_1_17' title="bbox 95 1032 667 1069; baseline 0.007 -10"><span class='ocrx_word' id='word_1_94' title='bbox 95 1038 290 1062; x_wconf 89' lang='lat' dir='ltr'>memoratur</span> <span class='ocrx_word' id='word_1_95' title='bbox 326 1032 407 1069; x_wconf 88' lang='lat' dir='ltr'>hoc,</span> <span class='ocrx_word' id='word_1_96' title='bbox 453 1039 489 1062; x_wconf 87' lang='lat' dir='ltr'>ut</span> <span class='ocrx_word' id='word_1_97' title='bbox 527 1033 667 1063; x_wconf 85' lang='lat' dir='ltr'>balteum</span> 
     </span>
     <span class='ocr_line' id='line_1_18' title="bbox 98 1085 238 1108; baseline 0.021 -3"><span class='ocrx_word' id='word_1_98' title='bbox 98 1085 238 1108; x_wconf 80' lang='lat' dir='ltr'>exueret.</span> 
     </span>
    </p>

    <p class='ocr_par' dir='ltr' id='par_1_11' title="bbox 94 1125 670 2226">
     <span class='ocr_line' id='line_1_19' title="bbox 145 1125 667 1166; baseline 0.002 -12"><span class='ocrx_word' id='word_1_99' title='bbox 145 1128 208 1162; x_wconf 73' lang='lat'>497</span> <span class='ocrx_word' id='word_1_100' title='bbox 223 1146 231 1160; x_wconf 93' lang='lat'>‚</span> <span class='ocrx_word' id='word_1_101' title='bbox 250 1125 326 1164; x_wconf 71' lang='grc'>498.</span> <span class='ocrx_word' id='word_1_102' title='bbox 338 1125 567 1166; x_wconf 83' lang='lat' dir='ltr'>Anaglyphum</span> <span class='ocrx_word' id='word_1_103' title='bbox 585 1135 667 1165; x_wconf 88' lang='lat' dir='ltr'>opus</span> 
     </span>
     <span class='ocr_line' id='line_1_20' title="bbox 97 1169 667 1201; baseline 0.005 -4"><span class='ocrx_word' id='word_1_104' title='bbox 97 1169 130 1197; x_wconf 88' lang='lat' dir='ltr'>iu</span> <span class='ocrx_word' id='word_1_105' title='bbox 162 1169 266 1200; x_wconf 84' lang='lat' dir='ltr'>balteo</span> <span class='ocrx_word' id='word_1_106' title='bbox 296 1170 443 1201; x_wconf 85' lang='lat' dir='ltr'>Pallantis</span> <span class='ocrx_word' id='word_1_107' title='bbox 472 1177 539 1201; x_wconf 87' lang='lat' dir='ltr'>erat</span> <span class='ocrx_word' id='word_1_108' title='bbox 569 1171 667 1201; x_wconf 79' lang='lat' dir='ltr'>caedes</span> 
     </span>
     <span class='ocr_line' id='line_1_21' title="bbox 95 1224 667 1254; baseline 0.005 -10"><span class='ocrx_word' id='word_1_109' title='bbox 95 1225 287 1254; x_wconf 83' lang='lat' dir='ltr'>sponsorum</span> <span class='ocrx_word' id='word_1_110' title='bbox 304 1227 436 1247; x_wconf 83' lang='lat' dir='ltr'>suorum</span> <span class='ocrx_word' id='word_1_111' title='bbox 454 1228 517 1246; x_wconf 85' lang='lat' dir='ltr'>una</span> <span class='ocrx_word' id='word_1_112' title='bbox 541 1224 635 1247; x_wconf 86' lang='lat' dir='ltr'>nocte</span> <span class='ocrx_word' id='word_1_113' title='bbox 650 1228 667 1246; x_wconf 81' lang='lat' dir='ltr'>a</span> 
     </span>
     <span class='ocr_line' id='line_1_22' title="bbox 96 1261 668 1303; baseline 0.005 -13"><span class='ocrx_word' id='word_1_114' title='bbox 96 1261 292 1291; x_wconf 87' lang='lat' dir='ltr'>Danaidibus</span> <span class='ocrx_word' id='word_1_115' title='bbox 323 1270 511 1303; x_wconf 81' lang='lat' dir='ltr'>perpetrata.</span> <span class='ocrx_word' id='word_1_116' title='bbox 541 1264 605 1294; x_wconf 88' lang='lat' dir='ltr'>Cur</span> <span class='ocrx_word' id='word_1_117' title='bbox 632 1264 668 1293; x_wconf 85' lang='lat' dir='ltr'>in</span> 
     </span>
     <span class='ocr_line' id='line_1_23' title="bbox 95 1307 666 1349; baseline 0.004 -13"><span class='ocrx_word' id='word_1_118' title='bbox 95 1307 157 1337; x_wconf 84' lang='lat' dir='ltr'>hoc</span> <span class='ocrx_word' id='word_1_119' title='bbox 175 1315 399 1349; x_wconf 80' lang='lat' dir='ltr'>argumentum</span> <span class='ocrx_word' id='word_1_120' title='bbox 423 1309 666 1349; x_wconf 72' lang='lat' dir='ltr'>inciderit-poe-</span> 
     </span>
     <span class='ocr_line' id='line_1_24' title="bbox 97 1354 666 1394; baseline 0.004 -12"><span class='ocrx_word' id='word_1_121' title='bbox 97 1360 145 1390; x_wconf 83' lang='lat' dir='ltr'>ta,</span> <span class='ocrx_word' id='word_1_122' title='bbox 166 1354 373 1394; x_wconf 78' lang='lat' dir='ltr'>quaerendum</span> <span class='ocrx_word' id='word_1_123' title='bbox 395 1366 462 1385; x_wconf 87' lang='lat' dir='ltr'>non</span> <span class='ocrx_word' id='word_1_124' title='bbox 488 1362 551 1392; x_wconf 82' lang='lat' dir='ltr'>est3</span> <span class='ocrx_word' id='word_1_125' title='bbox 577 1365 666 1384; x_wconf 89' lang='lat' dir='ltr'>casus</span> 
     </span>
     <span class='ocr_line' id='line_1_25' title="bbox 96 1399 665 1442; baseline 0.002 -13"><span class='ocrx_word' id='word_1_126' title='bbox 96 1399 248 1430; x_wconf 81' lang='lat' dir='ltr'>obtulisse</span> <span class='ocrx_word' id='word_1_127' title='bbox 270 1400 351 1430; x_wconf 88' lang='lat' dir='ltr'>illud</span> <span class='ocrx_word' id='word_1_128' title='bbox 368 1401 541 1442; x_wconf 86' lang='lat' dir='ltr'>putandus.</span> <span class='ocrx_word' id='word_1_129' title='bbox 557 1401 665 1431; x_wconf 85' lang='lat' dir='ltr'>Brevi-</span> 
     </span>
     <span class='ocr_line' id='line_1_26' title="bbox 96 1447 666 1487; baseline 0.002 -12"><span class='ocrx_word' id='word_1_130' title='bbox 96 1447 166 1475; x_wconf 86' lang='lat' dir='ltr'>tatis</span> <span class='ocrx_word' id='word_1_131' title='bbox 187 1453 218 1476; x_wconf 92' lang='lat' dir='ltr'>et</span> <span class='ocrx_word' id='word_1_132' title='bbox 236 1448 408 1483; x_wconf 81' lang='lat' dir='ltr'>varietatis,</span> <span class='ocrx_word' id='word_1_133' title='bbox 430 1457 530 1487; x_wconf 88' lang='lat' dir='ltr'>eoque</span> <span class='ocrx_word' id='word_1_134' title='bbox 546 1454 576 1476; x_wconf 90' lang='lat' dir='ltr'>et</span> <span class='ocrx_word' id='word_1_135' title='bbox 595 1457 666 1476; x_wconf 84' lang='lat' dir='ltr'>sua-</span> 
     </span>
     <span class='ocr_line' id='line_1_27' title="bbox 94 1493 666 1530; baseline 0.002 -9"><span class='ocrx_word' id='word_1_136' title='bbox 94 1493 218 1529; x_wconf 80' lang='lat' dir='ltr'>vitatis,</span> <span class='ocrx_word' id='word_1_137' title='bbox 237 1493 362 1530; x_wconf 87' lang='lat' dir='ltr'>studio,</span> <span class='ocrx_word' id='word_1_138' title='bbox 381 1500 573 1523; x_wconf 81' lang='lat' dir='ltr'>structuram</span> <span class='ocrx_word' id='word_1_139' title='bbox 597 1503 666 1523; x_wconf 82' lang='lat' dir='ltr'>ora-</span> 
     </span>
     <span class='ocr_line' id='line_1_28' title="bbox 95 1538 667 1580; baseline 0.003 -13"><span class='ocrx_word' id='word_1_140' title='bbox 95 1538 207 1575; x_wconf 79' lang='lat' dir='ltr'>tionis,</span> <span class='ocrx_word' id='word_1_141' title='bbox 230 1549 326 1579; x_wconf 88' lang='lat' dir='ltr'>quam</span> <span class='ocrx_word' id='word_1_142' title='bbox 353 1549 445 1569; x_wconf 84' lang='lat' dir='ltr'>orsus</span> <span class='ocrx_word' id='word_1_143' title='bbox 467 1545 548 1577; x_wconf 84' lang='lat' dir='ltr'>erat,</span> <span class='ocrx_word' id='word_1_144' title='bbox 574 1546 667 1580; x_wconf 87' lang='lat' dir='ltr'>poeta</span> 
     </span>
     <span class='ocr_line' id='line_1_29' title="bbox 95 1583 667 1626; baseline 0.002 -13"><span class='ocrx_word' id='word_1_145' title='bbox 95 1583 226 1622; x_wconf 85' lang='lat' dir='ltr'>deserit,</span> <span class='ocrx_word' id='word_1_146' title='bbox 242 1592 275 1615; x_wconf 88' lang='lat' dir='ltr'>et</span> <span class='ocrx_word' id='word_1_147' title='bbox 296 1596 313 1615; x_wconf 89' lang='lat' dir='ltr'>a</span> <span class='ocrx_word' id='word_1_148' title='bbox 334 1592 448 1626; x_wconf 87' lang='lat' dir='ltr'>quarto</span> <span class='ocrx_word' id='word_1_149' title='bbox 465 1585 504 1614; x_wconf 89' lang='lat' dir='ltr'>ad</span> <span class='ocrx_word' id='word_1_150' title='bbox 526 1586 667 1626; x_wconf 86' lang='lat' dir='ltr'>primum</span> 
     </span>
     <span class='ocr_line' id='line_1_30' title="bbox 95 1631 668 1672; baseline 0.003 -13"><span class='ocrx_word' id='word_1_151' title='bbox 95 1640 201 1660; x_wconf 83' lang='lat' dir='ltr'>casum</span> <span class='ocrx_word' id='word_1_152' title='bbox 218 1632 338 1662; x_wconf 84' lang='lat' dir='ltr'>transit.</span> <span class='ocrx_word' id='word_1_153' title='bbox 355 1633 429 1661; x_wconf 84' lang='lat' dir='ltr'>Erat</span> <span class='ocrx_word' id='word_1_154' title='bbox 440 1633 527 1661; x_wconf 83' lang='lat' dir='ltr'>enim</span> <span class='ocrx_word' id='word_1_155' title='bbox 542 1631 668 1672; x_wconf 82' lang='lat' dir='ltr'>impres-</span> 
     </span>
     <span class='ocr_line' id='line_1_31' title="bbox 96 1676 667 1718; baseline 0.005 -14"><span class='ocrx_word' id='word_1_156' title='bbox 96 1686 131 1704; x_wconf 79' lang='lat' dir='ltr'>sa</span> <span class='ocrx_word' id='word_1_157' title='bbox 151 1676 441 1716; x_wconf 74' lang='lat' dir='ltr'>mannsjuvenum,</span> <span class='ocrx_word' id='word_1_158' title='bbox 462 1678 667 1718; x_wconf 85' lang='lat' dir='ltr'>exsculptum</span> 
     </span>
     <span class='ocr_line' id='line_1_32' title="bbox 98 1721 668 1763; baseline 0.002 -11"><span class='ocrx_word' id='word_1_159' title='bbox 98 1721 202 1752; x_wconf 86' lang='lat' dir='ltr'>balteo</span> <span class='ocrx_word' id='word_1_160' title='bbox 225 1721 318 1763; x_wconf 62' lang='grc' dir='ltr'>ηψπ</span> <span class='ocrx_word' id='word_1_161' title='bbox 341 1722 550 1758; x_wconf 79' lang='lat' dir='ltr'>Danaidum,</span> <span class='ocrx_word' id='word_1_162' title='bbox 573 1730 668 1753; x_wconf 87' lang='lat' dir='ltr'>nocte</span> 
     </span>
     <span class='ocr_line' id='line_1_33' title="bbox 97 1769 667 1808; baseline 0.002 -11"><span class='ocrx_word' id='word_1_163' title='bbox 97 1769 233 1808; x_wconf 85' lang='lat' dir='ltr'>nuptiali</span> <span class='ocrx_word' id='word_1_164' title='bbox 246 1779 319 1798; x_wconf 88' lang='lat' dir='ltr'>suos</span> <span class='ocrx_word' id='word_1_165' title='bbox 337 1774 470 1808; x_wconf 85' lang='lat' dir='ltr'>sponsos</span> <span class='ocrx_word' id='word_1_166' title='bbox 483 1769 667 1798; x_wconf 87' lang='lat' dir='ltr'>interimen-</span> 
     </span>
     <span class='ocr_line' id='line_1_34' title="bbox 99 1813 667 1854; baseline 0.002 -12"><span class='ocrx_word' id='word_1_167' title='bbox 99 1815 189 1844; x_wconf 88' lang='lat' dir='ltr'>tium.</span> <span class='ocrx_word' id='word_1_168' title='bbox 218 1816 284 1845; x_wconf 83' lang='lat' dir='ltr'>Nec</span> <span class='ocrx_word' id='word_1_169' title='bbox 312 1814 374 1844; x_wconf 90' lang='lat' dir='ltr'>alio</span> <span class='ocrx_word' id='word_1_170' title='bbox 403 1813 500 1844; x_wconf 91' lang='lat' dir='ltr'>modo</span> <span class='ocrx_word' id='word_1_171' title='bbox 527 1824 597 1854; x_wconf 80' lang='lat' dir='ltr'>sup.</span> <span class='ocrx_word' id='word_1_172' title='bbox 625 1816 667 1851; x_wconf 89' lang='lat' dir='ltr'>V,</span> 
     </span>
     <span class='ocr_line' id='line_1_35' title="bbox 102 1859 665 1901; baseline 0 -12"><span class='ocrx_word' id='word_1_173' title='bbox 102 1859 167 1890; x_wconf 80' lang='lat'>536</span> <span class='ocrx_word' id='word_1_174' title='bbox 189 1861 322 1891; x_wconf 82' lang='lat' dir='ltr'>Cratera</span> <span class='ocrx_word' id='word_1_175' title='bbox 341 1860 528 1900; x_wconf 82' lang='lat' dir='ltr'>impressam</span> <span class='ocrx_word' id='word_1_176' title='bbox 549 1859 665 1901; x_wconf 80' lang='lat' dir='ltr'>signis,</span> 
     </span>
     <span class='ocr_line' id='line_1_36' title="bbox 99 1907 669 1948; baseline -0.002 -12"><span class='ocrx_word' id='word_1_177' title='bbox 99 1907 152 1936; x_wconf 86' lang='lat' dir='ltr'>cui</span> <span class='ocrx_word' id='word_1_178' title='bbox 181 1908 269 1948; x_wconf 84' lang='lat' dir='ltr'>signa</span> <span class='ocrx_word' id='word_1_179' title='bbox 295 1908 445 1947; x_wconf 85' lang='lat' dir='ltr'>impressa</span> <span class='ocrx_word' id='word_1_180' title='bbox 474 1912 579 1944; x_wconf 87' lang='lat' dir='ltr'>erant,</span> <span class='ocrx_word' id='word_1_181' title='bbox 611 1907 669 1935; x_wconf 85' lang='lat' dir='ltr'>etsi</span> 
     </span>
     <span class='ocr_line' id='line_1_37' title="bbox 99 1952 670 1993; baseline 0 -11"><span class='ocrx_word' id='word_1_182' title='bbox 99 1953 279 1993; x_wconf 84' lang='lat' dir='ltr'>exsculpta,</span> <span class='ocrx_word' id='word_1_183' title='bbox 293 1952 386 1983; x_wconf 76' lang='lat' dir='ltr'>dixit.</span> <span class='ocrx_word' id='word_1_184' title='bbox 399 1953 572 1982; x_wconf 87' lang='lat' dir='ltr'>Burmann.</span> <span class='ocrx_word' id='word_1_185' title='bbox 587 1962 670 1982; x_wconf 90' lang='lat' dir='ltr'>com-</span> 
     </span>
     <span class='ocr_line' id='line_1_38' title="bbox 99 1998 670 2038; baseline 0 -10"><span class='ocrx_word' id='word_1_186' title='bbox 99 2005 190 2038; x_wconf 80' lang='lat' dir='ltr'>parat</span> <span class='ocrx_word' id='word_1_187' title='bbox 203 2009 310 2029; x_wconf 82' lang='lat' dir='ltr'>versus</span> <span class='ocrx_word' id='word_1_188' title='bbox 325 2006 407 2029; x_wconf 81' lang='lat' dir='ltr'>extr.</span> <span class='ocrx_word' id='word_1_189' title='bbox 423 1999 480 2030; x_wconf 86' lang='lat' dir='ltr'>lib.</span> <span class='ocrx_word' id='word_1_190' title='bbox 497 2000 578 2028; x_wconf 88' lang='lat' dir='ltr'><strong>VIII</strong></span> <span class='ocrx_word' id='word_1_191' title='bbox 589 2021 598 2035; x_wconf 90' lang='lat'>‚</span> <span class='ocrx_word' id='word_1_192' title='bbox 613 1998 670 2028; x_wconf 85' lang='lat' dir='ltr'>ubi</span> 
     </span>
     <span class='ocr_line' id='line_1_39' title="bbox 101 2044 670 2087; baseline -0.002 -13"><span class='ocrx_word' id='word_1_193' title='bbox 101 2047 214 2074; x_wconf 85' lang='lat' dir='ltr'>AEneas</span> <span class='ocrx_word' id='word_1_194' title='bbox 229 2045 379 2087; x_wconf 78' lang='lat' dir='ltr'>clypeum</span> <span class='ocrx_word' id='word_1_195' title='bbox 400 2046 497 2075; x_wconf 86' lang='lat' dir='ltr'>sumit</span> <span class='ocrx_word' id='word_1_196' title='bbox 509 2044 670 2074; x_wconf 79' lang='lat' dir='ltr'>Attollens</span> 
     </span>
     <span class='ocr_line' id='line_1_40' title="bbox 101 2089 668 2133; baseline 0.002 -14"><span class='ocrx_word' id='word_1_197' title='bbox 101 2089 230 2121; x_wconf 77' lang='lat' dir='ltr'>humero</span> <span class='ocrx_word' id='word_1_198' title='bbox 236 2090 430 2132; x_wconf 86' lang='lat' dir='ltr'>famamque</span> <span class='ocrx_word' id='word_1_199' title='bbox 445 2090 559 2133; x_wconf 81' lang='lat' dir='ltr'>ecfata</span> <span class='ocrx_word' id='word_1_200' title='bbox 572 2101 668 2131; x_wconf 80' lang='lat' dir='ltr'>nepo-</span> 
     </span>
     <span class='ocr_line' id='line_1_41' title="bbox 100 2136 666 2179; baseline 0.005 -15"><span class='ocrx_word' id='word_1_201' title='bbox 100 2143 177 2166; x_wconf 80' lang='lat' dir='ltr'>tum.</span> <span class='ocrx_word' id='word_1_202' title='bbox 195 2136 283 2167; x_wconf 83' lang='lat' dir='ltr'>Idem</span> <span class='ocrx_word' id='word_1_203' title='bbox 304 2137 483 2168; x_wconf 85' lang='lat' dir='ltr'>Danaidum</span> <span class='ocrx_word' id='word_1_204' title='bbox 501 2148 666 2179; x_wconf 85' lang='lat' dir='ltr'>argumen-</span> 
     </span>
     <span class='ocr_line' id='line_1_42' title="bbox 99 2183 666 2226; baseline 0.005 -16"><span class='ocrx_word' id='word_1_205' title='bbox 99 2189 167 2211; x_wconf 78' lang='lat' dir='ltr'>tum</span> <span class='ocrx_word' id='word_1_206' title='bbox 180 2184 212 2212; x_wconf 88' lang='lat' dir='ltr'>in</span> <span class='ocrx_word' id='word_1_207' title='bbox 232 2183 350 2224; x_wconf 81' lang='lat' dir='ltr'>clypeo</span> <span class='ocrx_word' id='word_1_208' title='bbox 365 2184 526 2226; x_wconf 88' lang='lat' dir='ltr'>copiosius</span> <span class='ocrx_word' id='word_1_209' title='bbox 542 2184 666 2215; x_wconf 81' lang='lat' dir='ltr'>exscul-</span> 
     </span>
    </p>
   </div>
   <div class='ocr_carea' id='block_1_5' title="bbox 719 940 1296 2223">
    <p class='ocr_par' dir='ltr' id='par_1_12' title="bbox 719 940 1296 2223">
     <span class='ocr_line' id='line_1_43' title="bbox 721 940 1292 982; baseline -0.004 -11"><span class='ocrx_word' id='word_1_210' title='bbox 721 941 784 982; x_wconf 81' lang='lat' dir='ltr'>psit</span> <span class='ocrx_word' id='word_1_211' title='bbox 810 940 927 972; x_wconf 84' lang='lat' dir='ltr'>Statius</span> <span class='ocrx_word' id='word_1_212' title='bbox 955 940 1056 970; x_wconf 87' lang='lat' dir='ltr'><strong>Theb.</strong></span> <span class='ocrx_word' id='word_1_213' title='bbox 1083 941 1139 977; x_wconf 91' lang='lat' dir='ltr'>IV,</span> <span class='ocrx_word' id='word_1_214' title='bbox 1168 941 1228 970; x_wconf 83' lang='lat'>132</span> <span class='ocrx_word' id='word_1_215' title='bbox 1245 957 1292 964; x_wconf 52' lang='grc' dir='ltr'>--α</span> 
     </span>
     <span class='ocr_line' id='line_1_44' title="bbox 727 984 1292 1026; baseline -0.004 -9"><span class='ocrx_word' id='word_1_216' title='bbox 727 988 800 1018; x_wconf 81' lang='lat'>135.</span> <span class='ocrx_word' id='word_1_217' title='bbox 815 1005 861 1010; x_wconf 89' lang='lat'>-—</span> <span class='ocrx_word' id='word_1_218' title='bbox 878 992 956 1026; x_wconf 71' lang='lat'>499.</span> <span class='ocrx_word' id='word_1_219' title='bbox 973 986 1069 1026; x_wconf 88' lang='lat' dir='ltr'>Quod</span> <span class='ocrx_word' id='word_1_220' title='bbox 1085 984 1214 1016; x_wconf 77' lang='lat' dir='ltr'>artificis</span> <span class='ocrx_word' id='word_1_221' title='bbox 1231 997 1292 1016; x_wconf 88' lang='lat' dir='ltr'>no-</span> 
     </span>
     <span class='ocr_line' id='line_1_45' title="bbox 721 1033 1290 1073; baseline -0.002 -10"><span class='ocrx_word' id='word_1_222' title='bbox 721 1044 795 1063; x_wconf 88' lang='lat' dir='ltr'>meu</span> <span class='ocrx_word' id='word_1_223' title='bbox 811 1033 934 1072; x_wconf 87' lang='lat' dir='ltr'>adjicit,</span> <span class='ocrx_word' id='word_1_224' title='bbox 950 1039 986 1062; x_wconf 89' lang='lat' dir='ltr'>ut</span> <span class='ocrx_word' id='word_1_225' title='bbox 1004 1040 1112 1073; x_wconf 83' lang='lat' dir='ltr'>poeta,</span> <span class='ocrx_word' id='word_1_226' title='bbox 1136 1033 1211 1062; x_wconf 87' lang='lat' dir='ltr'>facit</span> <span class='ocrx_word' id='word_1_227' title='bbox 1226 1034 1290 1062; x_wconf 89' lang='lat' dir='ltr'>Ho-</span> 
     </span>
     <span class='ocr_line' id='line_1_46' title="bbox 721 1079 1292 1120; baseline -0.005 -10"><span class='ocrx_word' id='word_1_228' title='bbox 721 1081 800 1110; x_wconf 87' lang='lat' dir='ltr'>meri</span> <span class='ocrx_word' id='word_1_229' title='bbox 809 1089 938 1120; x_wconf 88' lang='lat' dir='ltr'>quoque</span> <span class='ocrx_word' id='word_1_230' title='bbox 948 1079 1110 1119; x_wconf 78' lang='lat' dir='ltr'>exemp103</span> <span class='ocrx_word' id='word_1_231' title='bbox 1122 1080 1194 1108; x_wconf 85' lang='lat' dir='ltr'>artis</span> <span class='ocrx_word' id='word_1_232' title='bbox 1209 1079 1292 1108; x_wconf 90' lang='lat' dir='ltr'>enim</span> 
     </span>
     <span class='ocr_line' id='line_1_47' title="bbox 721 1123 1294 1166; baseline -0.002 -11"><span class='ocrx_word' id='word_1_233' title='bbox 721 1126 910 1166; x_wconf 65' lang='lat' dir='ltr'>praestantiae</span> <span class='ocrx_word' id='word_1_234' title='bbox 937 1123 1032 1155; x_wconf 82' lang='lat' dir='ltr'>fidem</span> <span class='ocrx_word' id='word_1_235' title='bbox 1057 1125 1119 1154; x_wconf 90' lang='lat' dir='ltr'>hoc</span> <span class='ocrx_word' id='word_1_236' title='bbox 1143 1124 1228 1154; x_wconf 85' lang='lat' dir='ltr'>facit.</span> <span class='ocrx_word' id='word_1_237' title='bbox 1248 1142 1294 1147; x_wconf 89' lang='lat'>—-</span> 
     </span>
     <span class='ocr_line' id='line_1_48' title="bbox 723 1171 1293 1212; baseline -0.004 -10"><span class='ocrx_word' id='word_1_238' title='bbox 723 1173 800 1202; x_wconf 83' lang='lat'>501.</span> <span class='ocrx_word' id='word_1_239' title='bbox 815 1174 896 1212; x_wconf 85' lang='lat' dir='ltr'>Quae</span> <span class='ocrx_word' id='word_1_240' title='bbox 909 1171 962 1200; x_wconf 84' lang='lat' dir='ltr'>hic</span> <span class='ocrx_word' id='word_1_241' title='bbox 973 1193 981 1208; x_wconf 90' lang='lat'>,</span> <span class='ocrx_word' id='word_1_242' title='bbox 998 1173 1091 1200; x_wconf 89' lang='lat' dir='ltr'>etiam</span> <span class='ocrx_word' id='word_1_243' title='bbox 1107 1182 1153 1201; x_wconf 74' lang='lat' dir='ltr'>vs.</span> <span class='ocrx_word' id='word_1_244' title='bbox 1172 1172 1234 1209; x_wconf 85' lang='grc'><strong>507</strong></span> <span class='ocrx_word' id='word_1_245' title='bbox 1247 1189 1293 1193; x_wconf 88' lang='grc'><strong>-</strong></span> 
     </span>
     <span class='ocr_line' id='line_1_49' title="bbox 723 1217 1294 1258; baseline -0.002 -11"><span class='ocrx_word' id='word_1_246' title='bbox 723 1218 811 1258; x_wconf 82' lang='grc'><strong>509,</strong></span> <span class='ocrx_word' id='word_1_247' title='bbox 836 1217 875 1247; x_wconf 87' lang='lat' dir='ltr'>de</span> <span class='ocrx_word' id='word_1_248' title='bbox 902 1227 962 1246; x_wconf 88' lang='lat' dir='ltr'>suo</span> <span class='ocrx_word' id='word_1_249' title='bbox 992 1217 1100 1255; x_wconf 72' lang='lat' dir='ltr'>adjicit</span> <span class='ocrx_word' id='word_1_250' title='bbox 1125 1224 1234 1257; x_wconf 85' lang='lat' dir='ltr'>poeta,</span> <span class='ocrx_word' id='word_1_251' title='bbox 1263 1224 1294 1246; x_wconf 85' lang='lat' dir='ltr'>et</span> 
     </span>
     <span class='ocr_line' id='line_1_50' title="bbox 721 1263 1292 1304; baseline -0.004 -11"><span class='ocrx_word' id='word_1_252' title='bbox 721 1264 878 1304; x_wconf 84' lang='lat' dir='ltr'>egregiam</span> <span class='ocrx_word' id='word_1_253' title='bbox 891 1264 1078 1292; x_wconf 84' lang='lat' dir='ltr'>sententiam</span> <span class='ocrx_word' id='word_1_254' title='bbox 1091 1263 1210 1292; x_wconf 82' lang='lat' dir='ltr'>habent</span> <span class='ocrx_word' id='word_1_255' title='bbox 1219 1284 1228 1298; x_wconf 92' lang='lat'><strong>‚</strong></span> <span class='ocrx_word' id='word_1_256' title='bbox 1245 1269 1292 1300; x_wconf 84' lang='lat' dir='ltr'>et,</span> 
     </span>
     <span class='ocr_line' id='line_1_51' title="bbox 721 1309 1294 1348; baseline -0.002 -10"><span class='ocrx_word' id='word_1_257' title='bbox 721 1309 798 1338; x_wconf 92' lang='lat' dir='ltr'>dum</span> <span class='ocrx_word' id='word_1_258' title='bbox 823 1309 931 1338; x_wconf 84' lang='lat' dir='ltr'>futura</span> <span class='ocrx_word' id='word_1_259' title='bbox 958 1309 1125 1348; x_wconf 87' lang='lat' dir='ltr'>anticipat,</span> <span class='ocrx_word' id='word_1_260' title='bbox 1152 1309 1294 1337; x_wconf 90' lang='lat' dir='ltr'>animum</span> 
     </span>
     <span class='ocr_line' id='line_1_52' title="bbox 720 1354 1292 1395; baseline -0.002 -10"><span class='ocrx_word' id='word_1_261' title='bbox 720 1356 955 1395; x_wconf 80' lang='lat' dir='ltr'>exspectatione</span> <span class='ocrx_word' id='word_1_262' title='bbox 966 1354 1150 1383; x_wconf 78' lang='lat' dir='ltr'>futurorum</span> <span class='ocrx_word' id='word_1_263' title='bbox 1164 1355 1292 1394; x_wconf 78' lang='lat' dir='ltr'>agitant.</span> 
     </span>
     <span class='ocr_line' id='line_1_53' title="bbox 720 1401 1293 1440; baseline -0.002 -9"><span class='ocrx_word' id='word_1_264' title='bbox 720 1401 796 1431; x_wconf 88' lang='lat' dir='ltr'>Vid.</span> <span class='ocrx_word' id='word_1_265' title='bbox 825 1401 884 1430; x_wconf 84' lang='lat' dir='ltr'>inf.</span> <span class='ocrx_word' id='word_1_266' title='bbox 910 1401 991 1436; x_wconf 83' lang='lat' dir='ltr'>XII,</span> <span class='ocrx_word' id='word_1_267' title='bbox 1018 1406 1083 1440; x_wconf 78' lang='lat'>940</span> <span class='ocrx_word' id='word_1_268' title='bbox 1111 1410 1179 1440; x_wconf 86' lang='lat' dir='ltr'>sqq.</span> <span class='ocrx_word' id='word_1_269' title='bbox 1209 1401 1293 1430; x_wconf 84' lang='lat' dir='ltr'>Hinc</span> 
     </span>
     <span class='ocr_line' id='line_1_54' title="bbox 719 1445 1293 1488; baseline -0.005 -10"><span class='ocrx_word' id='word_1_270' title='bbox 719 1454 821 1488; x_wconf 86' lang='lat' dir='ltr'>poetae</span> <span class='ocrx_word' id='word_1_271' title='bbox 839 1447 981 1476; x_wconf 84' lang='lat' dir='ltr'>certatim</span> <span class='ocrx_word' id='word_1_272' title='bbox 1004 1446 1066 1476; x_wconf 88' lang='lat' dir='ltr'>hoc</span> <span class='ocrx_word' id='word_1_273' title='bbox 1090 1445 1225 1476; x_wconf 79' lang='lat' dir='ltr'>artificio</span> <span class='ocrx_word' id='word_1_274' title='bbox 1244 1447 1293 1475; x_wconf 90' lang='lat' dir='ltr'>usi</span> 
     </span>
     <span class='ocr_line' id='line_1_55' title="bbox 720 1493 1291 1523; baseline -0.004 0"><span class='ocrx_word' id='word_1_275' title='bbox 720 1500 805 1523; x_wconf 89' lang='lat' dir='ltr'>sunt.</span> <span class='ocrx_word' id='word_1_276' title='bbox 823 1510 869 1515; x_wconf 91' lang='lat'>—</span> <span class='ocrx_word' id='word_1_277' title='bbox 899 1493 976 1522; x_wconf 85' lang='lat'><strong>502.</strong></span> <span class='ocrx_word' id='word_1_278' title='bbox 1002 1493 1072 1522; x_wconf 83' lang='lat' dir='ltr'>Nec</span> <span class='ocrx_word' id='word_1_279' title='bbox 1098 1502 1221 1521; x_wconf 78' lang='lat' dir='ltr'>servare</span> <span class='ocrx_word' id='word_1_280' title='bbox 1250 1503 1291 1521; x_wconf 86' lang='lat' dir='ltr'>m.</span> 
     </span>
     <span class='ocr_line' id='line_1_56' title="bbox 720 1537 1294 1578; baseline -0.003 -9"><span class='ocrx_word' id='word_1_281' title='bbox 720 1540 786 1569; x_wconf 81' lang='lat' dir='ltr'>Diu</span> <span class='ocrx_word' id='word_1_282' title='bbox 796 1539 871 1569; x_wconf 84' lang='lat' dir='ltr'>haesi</span> <span class='ocrx_word' id='word_1_283' title='bbox 883 1540 919 1568; x_wconf 86' lang='lat' dir='ltr'>in</span> <span class='ocrx_word' id='word_1_284' title='bbox 932 1538 994 1568; x_wconf 90' lang='lat' dir='ltr'>hoc</span> <span class='ocrx_word' id='word_1_285' title='bbox 1003 1539 1090 1574; x_wconf 77' lang='lat' dir='ltr'>Nec,</span> <span class='ocrx_word' id='word_1_286' title='bbox 1107 1537 1194 1578; x_wconf 88' lang='lat' dir='ltr'>quod</span> <span class='ocrx_word' id='word_1_287' title='bbox 1207 1548 1294 1578; x_wconf 83' lang='lat' dir='ltr'>pror-</span> 
     </span>
     <span class='ocr_line' id='line_1_57' title="bbox 720 1584 1291 1615; baseline -0.004 0"><span class='ocrx_word' id='word_1_288' title='bbox 720 1596 772 1615; x_wconf 87' lang='lat' dir='ltr'>sus</span> <span class='ocrx_word' id='word_1_289' title='bbox 788 1584 1038 1615; x_wconf 82' lang='lat' dir='ltr'>incommodum·</span> <span class='ocrx_word' id='word_1_290' title='bbox 1051 1595 1116 1614; x_wconf 86' lang='lat' dir='ltr'>esse</span> <span class='ocrx_word' id='word_1_291' title='bbox 1132 1584 1291 1614; x_wconf 82' lang='lat' dir='ltr'>videbam.</span> 
     </span>
     <span class='ocr_line' id='line_1_58' title="bbox 720 1629 1295 1671; baseline -0.003 -9"><span class='ocrx_word' id='word_1_292' title='bbox 720 1633 800 1662; x_wconf 85' lang='lat' dir='ltr'>Mox</span> <span class='ocrx_word' id='word_1_293' title='bbox 818 1631 883 1661; x_wconf 88' lang='lat' dir='ltr'>vidi</span> <span class='ocrx_word' id='word_1_294' title='bbox 898 1631 945 1660; x_wconf 93' lang='lat' dir='ltr'>nil</span> <span class='ocrx_word' id='word_1_295' title='bbox 958 1641 1024 1660; x_wconf 85' lang='lat' dir='ltr'>esse</span> <span class='ocrx_word' id='word_1_296' title='bbox 1040 1629 1127 1660; x_wconf 85' lang='lat' dir='ltr'>aliud</span> <span class='ocrx_word' id='word_1_297' title='bbox 1140 1641 1236 1671; x_wconf 85' lang='lat' dir='ltr'>quam</span> <span class='ocrx_word' id='word_1_298' title='bbox 1252 1631 1295 1660; x_wconf 85' lang='lat' dir='ltr'>vi-</span> 
     </span>
     <span class='ocr_line' id='line_1_59' title="bbox 720 1677 1294 1711; baseline -0.003 -4"><span class='ocrx_word' id='word_1_299' title='bbox 720 1679 802 1707; x_wconf 91' lang='lat' dir='ltr'>tium</span> <span class='ocrx_word' id='word_1_300' title='bbox 825 1677 896 1708; x_wconf 83' lang='lat' dir='ltr'>edd.</span> <span class='ocrx_word' id='word_1_301' title='bbox 925 1679 1034 1707; x_wconf 86' lang='lat' dir='ltr'>Burm.</span> <span class='ocrx_word' id='word_1_302' title='bbox 1063 1678 1142 1707; x_wconf 86' lang='lat' dir='ltr'>Nam</span> <span class='ocrx_word' id='word_1_303' title='bbox 1168 1686 1294 1711; x_wconf 86' lang='lat' dir='ltr'>omnes,</span> 
     </span>
     <span class='ocr_line' id='line_1_60' title="bbox 722 1722 1296 1763; baseline -0.005 -10"><span class='ocrx_word' id='word_1_304' title='bbox 722 1734 802 1763; x_wconf 90' lang='lat' dir='ltr'>quos</span> <span class='ocrx_word' id='word_1_305' title='bbox 824 1723 948 1759; x_wconf 83' lang='lat' dir='ltr'>evolvi,</span> <span class='ocrx_word' id='word_1_306' title='bbox 969 1723 1079 1762; x_wconf 86' lang='lat' dir='ltr'>scripti</span> <span class='ocrx_word' id='word_1_307' title='bbox 1097 1728 1128 1751; x_wconf 83' lang='lat' dir='ltr'>et</span> <span class='ocrx_word' id='word_1_308' title='bbox 1152 1722 1228 1751; x_wconf 74' lang='lat' dir='ltr'>editi</span> <span class='ocrx_word' id='word_1_309' title='bbox 1251 1722 1296 1750; x_wconf 85' lang='lat' dir='ltr'>Ee</span> 
     </span>
     <span class='ocr_line' id='line_1_61' title="bbox 721 1767 1293 1807; baseline -0.003 -10"><span class='ocrx_word' id='word_1_310' title='bbox 721 1779 746 1799; x_wconf 85' lang='lat' dir='ltr'>s.</span> <span class='ocrx_word' id='word_1_311' title='bbox 775 1769 921 1799; x_wconf 88' lang='lat' dir='ltr'>habent:</span> <span class='ocrx_word' id='word_1_312' title='bbox 950 1769 1056 1807; x_wconf 88' lang='lat' dir='ltr'>itaque</span> <span class='ocrx_word' id='word_1_313' title='bbox 1081 1767 1202 1796; x_wconf 87' lang='lat' dir='ltr'>mutavi</span> <span class='ocrx_word' id='word_1_314' title='bbox 1226 1776 1293 1796; x_wconf 91' lang='lat' dir='ltr'>non</span> 
     </span>
     <span class='ocr_line' id='line_1_62' title="bbox 722 1812 1292 1848; baseline -0.004 -5"><span class='ocrx_word' id='word_1_315' title='bbox 722 1821 918 1844; x_wconf 83' lang='lat' dir='ltr'>cunctanter.</span> <span class='ocrx_word' id='word_1_316' title='bbox 938 1829 985 1836; x_wconf 91' lang='lat'>—-</span> <span class='ocrx_word' id='word_1_317' title='bbox 1009 1813 1083 1842; x_wconf 85' lang='lat'>503.</span> <span class='ocrx_word' id='word_1_318' title='bbox 1105 1814 1149 1842; x_wconf 87' lang='lat' dir='ltr'>Ut</span> <span class='ocrx_word' id='word_1_319' title='bbox 1166 1812 1223 1842; x_wconf 88' lang='lat' dir='ltr'>lib.</span> <span class='ocrx_word' id='word_1_320' title='bbox 1241 1813 1292 1848; x_wconf 91' lang='lat'>11,</span> 
     </span>
     <span class='ocr_line' id='line_1_63' title="bbox 727 1858 1291 1900; baseline -0.002 -11"><span class='ocrx_word' id='word_1_321' title='bbox 727 1866 790 1895; x_wconf 72' lang='lat'>104</span> <span class='ocrx_word' id='word_1_322' title='bbox 815 1870 932 1900; x_wconf 71' lang='lat' dir='ltr'>magno</span> <span class='ocrx_word' id='word_1_323' title='bbox 957 1865 1137 1888; x_wconf 80' lang='lat' dir='ltr'>mercentur</span> <span class='ocrx_word' id='word_1_324' title='bbox 1156 1858 1291 1888; x_wconf 79' lang='lat' dir='ltr'><em>Aen&#39;doe.</em></span> 
     </span>
     <span class='ocr_line' id='line_1_64' title="bbox 723 1903 1293 1946; baseline -0.005 -10"><span class='ocrx_word' id='word_1_325' title='bbox 723 1905 964 1946; x_wconf 87' lang='lat' dir='ltr'>Comparandus</span> <span class='ocrx_word' id='word_1_326' title='bbox 979 1904 1020 1934; x_wconf 89' lang='lat' dir='ltr'>ad</span> <span class='ocrx_word' id='word_1_327' title='bbox 1041 1915 1107 1934; x_wconf 88' lang='lat' dir='ltr'>rem</span> <span class='ocrx_word' id='word_1_328' title='bbox 1126 1904 1238 1934; x_wconf 87' lang='lat' dir='ltr'>similis</span> <span class='ocrx_word' id='word_1_329' title='bbox 1254 1903 1293 1934; x_wconf 86' lang='lat' dir='ltr'>de</span> 
     </span>
     <span class='ocr_line' id='line_1_65' title="bbox 722 1949 1294 1990; baseline -0.005 -8"><span class='ocrx_word' id='word_1_330' title='bbox 722 1953 860 1982; x_wconf 84' lang='lat' dir='ltr'>Hectore</span> <span class='ocrx_word' id='word_1_331' title='bbox 883 1951 1019 1982; x_wconf 85' lang='lat' dir='ltr'>Patrocli</span> <span class='ocrx_word' id='word_1_332' title='bbox 1045 1949 1154 1990; x_wconf 82' lang='lat' dir='ltr'>spoliis</span> <span class='ocrx_word' id='word_1_333' title='bbox 1179 1957 1294 1980; x_wconf 80' lang='lat' dir='ltr'>ovante</span> 
     </span>
     <span class='ocr_line' id='line_1_66' title="bbox 722 1997 1292 2039; baseline -0.002 -12"><span class='ocrx_word' id='word_1_334' title='bbox 722 1998 813 2028; x_wconf 91' lang='lat' dir='ltr'>locus</span> <span class='ocrx_word' id='word_1_335' title='bbox 837 1997 925 2027; x_wconf 85' lang='lat' dir='ltr'>Iliad.</span> <span class='ocrx_word' id='word_1_336' title='bbox 947 1997 1197 2039; x_wconf 76' lang='lat' dir='ltr'>p,·193——-2o1</span> <span class='ocrx_word' id='word_1_337' title='bbox 1225 2005 1292 2036; x_wconf 84' lang='lat' dir='ltr'>sqq.</span> 
     </span>
     <span class='ocr_line' id='line_1_67' title="bbox 724 2042 1295 2083; baseline -0.005 -8"><span class='ocrx_word' id='word_1_338' title='bbox 724 2061 769 2068; x_wconf 86' lang='lat'>·--</span> <span class='ocrx_word' id='word_1_339' title='bbox 787 2045 863 2082; x_wconf 89' lang='lat'>507.</span> <span class='ocrx_word' id='word_1_340' title='bbox 892 2045 920 2073; x_wconf 90' lang='lat' dir='ltr'><strong><em>O</em></strong></span> <span class='ocrx_word' id='word_1_341' title='bbox 945 2042 1038 2072; x_wconf 87' lang='lat' dir='ltr'>dolor</span> <span class='ocrx_word' id='word_1_342' title='bbox 1063 2049 1160 2083; x_wconf 82' lang='lat' dir='ltr'>acque</span> <span class='ocrx_word' id='word_1_343' title='bbox 1188 2042 1295 2072; x_wconf 85' lang='lat' dir='ltr'>decus.</span> 
     </span>
     <span class='ocr_line' id='line_1_68' title="bbox 723 2088 1293 2129; baseline -0.005 -9"><span class='ocrx_word' id='word_1_344' title='bbox 723 2093 912 2121; x_wconf 86' lang='lat' dir='ltr'>Sumserunt</span> <span class='ocrx_word' id='word_1_345' title='bbox 950 2089 1026 2119; x_wconf 88' lang='lat' dir='ltr'>hinc</span> <span class='ocrx_word' id='word_1_346' title='bbox 1074 2088 1126 2118; x_wconf 89' lang='lat' dir='ltr'>alii</span> <span class='ocrx_word' id='word_1_347' title='bbox 1167 2089 1293 2129; x_wconf 80' lang='lat' dir='ltr'>passim.</span> 
     </span>
     <span class='ocr_line' id='line_1_69' title="bbox 722 2134 1293 2176; baseline -0.007 -10"><span class='ocrx_word' id='word_1_348' title='bbox 722 2136 874 2176; x_wconf 70' lang='lat' dir='ltr'>Exempla</span> <span class='ocrx_word' id='word_1_349' title='bbox 886 2135 1004 2165; x_wconf 86' lang='lat' dir='ltr'>habent</span> <span class='ocrx_word' id='word_1_350' title='bbox 1019 2134 1120 2167; x_wconf 86' lang='lat' dir='ltr'>Cerda</span> <span class='ocrx_word' id='word_1_351' title='bbox 1138 2141 1168 2164; x_wconf 89' lang='lat' dir='ltr'>et</span> <span class='ocrx_word' id='word_1_352' title='bbox 1185 2135 1293 2164; x_wconf 76' lang='lat' dir='ltr'>Burni.</span> 
     </span>
     <span class='ocr_line' id='line_1_70' title="bbox 722 2179 1296 2223; baseline -0.009 -10"><span class='ocrx_word' id='word_1_353' title='bbox 722 2184 867 2223; x_wconf 84' lang='lat' dir='ltr'>inprimis</span> <span class='ocrx_word' id='word_1_354' title='bbox 877 2181 1013 2214; x_wconf 84' lang='lat' dir='ltr'>Martial.</span> <span class='ocrx_word' id='word_1_355' title='bbox 1026 2182 1091 2220; x_wconf 74' lang='lat' dir='ltr'>xt,</span> <span class='ocrx_word' id='word_1_356' title='bbox 1107 2192 1119 2211; x_wconf 87' lang='lat'>1</span> <span class='ocrx_word' id='word_1_357' title='bbox 1128 2187 1145 2217; x_wconf 71' lang='grc'><strong>4</strong></span> <span class='ocrx_word' id='word_1_358' title='bbox 1158 2179 1296 2211; x_wconf 78' lang='lat' dir='ltr'>Romani</span> 
     </span>
    </p>
   </div>
  </div>
 </body>
</html>
