1414 2435
47 81 86 100 ιο
542 71 739 102 AENEIDOS

45 129 149 163 Laeta
168 125 255 162 dedi
272 140 280 161 :
296 137 396 162 nunc
415 125 613 163 sollicitam
634 128 749 164 timor
767 128 901 165 anxius
915 138 1038 179 urget.

48 185 160 221 Solve
179 192 317 231 metus,
336 193 448 234 atque
467 184 541 222 hoc
560 185 738 235 precibus
754 186 834 223 sine
852 199 964 237 posse
982 196 1190 238 parentem,
1208 205 1240 230 90

45 248 132 283 Neu
147 257 260 281 cursu
279 254 461 294 quassatae
479 246 575 291 ullo,
595 259 671 283 neu
688 245 840 283 turbine
855 246 959 284 venti

48 305 280 352 Vincantur3
300 305 421 354 prosit
438 305 576 342 nostris
594 304 633 340 in
651 305 844 342 montibus
863 313 975 343 ortas.
992 322 1007 338 »

47 363 164 400 Filius
180 362 271 399 huic
290 372 439 410 contra,
459 371 609 413 torquet
625 364 691 414 qui
710 364 834 401 sidera
851 364 984 401 mundi
1000 380 1009 401 :

52 440 67 455 «
87 426 121 460 Ο
143 422 331 472 genetrix,
355 436 431 472 quo
451 423 527 460 fata
546 426 684 460 vocas?
699 433 764 461 aut
780 425 873 474 quid
892 426 988 476 petis
1007 425 1113 464 istis?

48 481 251 518 Mortaline
267 494 382 518 manu
400 483 507 519 factae
526 482 737 519 immortale
756 484 894 520 carinae
1211 493 1242 525 9⁵

48 544 120 578 Fas
135 541 324 578 habeant?
339 550 540 592 certusque
557 543 701 579 incerta
718 542 888 593 pericula
902 543 1036 581 lustret

49 602 212 637 AEneas?
227 601 290 637 cui
308 609 412 638 tanta
429 604 512 638 Deo
527 602 710 651 permissa
728 610 893 652 potestas
907 603 922 638 i·

50 663 191 706 Immo,
207 659 276 697 ubi
291 661 477 698 defunctae
496 662 607 698 finem
622 671 831 711 portusque
849 661 1034 699 tenebunt

51 720 257 766 Ausonios,
277 720 368 756 olim
386 733 634 770 quaecumque
655 721 816 758 evaserit
834 720 966 764 undis,

50 779 362 828 Dardaniumque
380 779 515 817 ducem
530 781 734 817 Laurentia
750 780 896 817 vexerit
916 792 1006 816 arva
1022 794 1030 816 :
1200 796 1246 811 τοο

50 837 254 874 Mortalem
271 838 429 888 eripiam
447 839 624 886 formam,
642 838 844 888 magnique
856 836 1004 888 jubebo

51 898 229 947 AEquoris
249 910 328 934 esse
346 901 469 946 Deas3
488 899 608 948 qualis
624 899 762 936 Nereia
780 900 882 935 Doto

51 960 100 995 Et
120 958 276 995 Galatea
294 967 421 996 secant
439 968 676 1009 spumantem
693 967 847 1008 pectore
866 966 1038 1008 pontum.
1061 974 1076 991 n

50 1016 232 1054 Dixerat:
251 1017 366 1066 idque
384 1027 508 1055 ratum
528 1018 649 1067 stygii
663 1030 732 1067 per
749 1017 905 1054 flumina
924 1016 1068 1061 fratris,

53 1079 125 1115 Per
139 1077 223 1126 pice
243 1077 420 1113 torrentis
440 1087 597 1126 atraque
613 1077 794 1126 voragine
813 1077 937 1126 ripas,
1201 1084 1246 1107 ¹0⁵

55 1201 94 1230 In
116 1199 178 1230 hoc
205 1200 302 1241 igitur
325 1210 409 1230 sacra
433 1198 505 1230 fieri
532 1200 624 1230 solita

52 1246 151 1276 Matri
172 1245 275 1276 ldaeae.
298 1246 384 1277 conf.
401 1246 440 1276 ad
460 1256 541 1276 vers,
560 1246 622 1284 80,

54 1292 103 1321 uti
117 1293 192 1322 Jovi
210 1290 320 1321 eodem
341 1293 374 1321 iu
394 1292 467 1322 loco
480 1292 572 1322 Iliad.
588 1293 623 1330 θ,

57 1338 112 1372 48.
135 1353 182 1360 -
208 1337 262 1377 89.
284 1339 413 1368 Praestat
427 1337 513 1367 haud
528 1337 626 1368 dubie

55 1383 88 1414 h.
107 1383 129 1413 l.
148 1390 261 1424 urget:
282 1390 391 1423 estque
412 1384 502 1414 locus
525 1394 627 1413 exem-

55 1429 101 1469 pli
115 1428 327 1459 memorabilis
342 1430 425 1459 inter
440 1439 474 1460 ea
484 1451 493 1467 ‚
509 1429 628 1470 quibus

55 1474 214 1505 librorum
238 1475 454 1515 optimorum,
483 1475 534 1504 vel
560 1486 628 1505 0111-

57 1521 149 1550 nium
181 1530 370 1556 cousensus,
400 1528 431 1550 et
457 1521 629 1550 auctoritas

57 1566 175 1596 criticis
206 1565 401 1603 rationibus,
431 1576 448 1595 a
476 1566 629 1595 sermonis

58 1611 251 1652 proprietate
274 1617 306 1641 et
332 1611 482 1652 elegantia
505 1612 627 1652 petitiS,

59 1656 275 1698 posthabenda
297 1664 354 1687 est.
378 1657 508 1687 Anxius
536 1657 631 1698 augit

59 1704 167 1743 inepta
191 1710 270 1733 esset
290 1703 481 1733 allitteratio.
505 1719 552 1726 —
574 1713 629 1743 92.

61 1750 112 1779 Ne
126 1748 316 1785 vincantur,
333 1749 498 1779 solvantur
513 1755 543 1779 ct
558 1749 630 1779 sub-

61 1802 251 1835 mergamur.

109 1846 164 1880 94.
186 1842 254 1881 Quo
271 1840 351 1881 fizta
375 1843 503 1870 vocas?
526 1841 632 1870 inver-

63 1887 118 1923 115,
136 1893 258 1924 umtas3
273 1888 319 1916 uti
334 1887 394 1916 fam
408 1886 510 1921 verti,
522 1886 630 1928 flecti,

64 1931 183 1961 mutari
199 1932 350 1962 dicuntur
376 1942 383 1962 :
413 1939 470 1962 aut
486 1931 566 1972 quid
576 1942 631 1972 pc·-

64 1978 103 2007 le's
128 1977 194 2007 istis
225 1978 386 2015 trabibus,
413 1988 469 2008 seu
498 1977 632 2007 navibus

64 2023 118 2064 (h.
143 2024 177 2052 in
200 2034 306 2053 earum
329 2025 479 2064 gratiam,
503 2033 569 2053 nou
596 2028 633 2052 ut

64 2070 265 2099 Burmannus
288 2080 349 2109 pro
380 2069 468 2110 iscis)
506 2069 633 2099 immor*-

66 2115 132 2146 tale
159 2114 242 2156 sas;
273 2125 334 2155 pro
364 2115 567 2152 conditione5
599 2121 635 2144 ut

64 2162 127 2200 jus.
161 2163 331 2201 certusque
358 2161 505 2199 ἷκεν-ταί
533 2167 570 2192 ut
594 2160 634 2190 ab

675 1200 769 1230 initio
791 1200 896 1230 statim
919 1205 1059 1236 certum,
1083 1205 1113 1229 et
1134 1198 1247 1239 explo-

677 1253 780 1276 ratum
799 1245 913 1276 habeat
926 1247 1053 1282 AEueas,
1072 1246 1106 1274 in
1124 1245 1251 1284 pericu-

677 1292 716 1321 lis
755 1291 948 1321 instantibus
985 1301 1017 1320 se
1054 1290 1250 1320 incolumem

679 1337 758 1368 fore.
778 1354 825 1360 —-
844 1338 899 1377 98.
922 1338 1044 1372 Immo,
1065 1335 1118 1365 ubi
1135 1352 1182 1359 -—
1200 1338 1249 1368 Ne

681 1383 829 1424 procellis
850 1390 881 1413 et
905 1382 1057 1412 fluctibus
1072 1381 1251 1412 obruantur

680 1439 776 1459 naves
786 1451 795 1466 ‚
810 1439 842 1458 se
854 1428 1025 1469 prohibere
1042 1427 1127 1457 haud
1142 1438 1250 1468 posse,

681 1475 725 1504 ait
737 1475 885 1515 Jupiter-3
901 1480 937 1503 ut
949 1483 1025 1503 vero
1038 1483 1083 1502 eze
1093 1495 1101 1509 ‚
1115 1483 1187 1513 quae
1202 1475 1252 1503 ΙΕ-

682 1530 774 1549 neam
792 1519 985 1549 incolumem
999 1520 1034 1547 111
1055 1519 1179 1547 Latium
1195 1517 1249 1548 de·

682 1565 830 1602 tulerint,
848 1565 883 1595 in
897 1564 969 1594 deas
982 1564 1117 1593 marinas
1130 1570 1253 1594 muten-

682 1617 745 1647 tur,
761 1621 794 1640 se
807 1611 1012 1651 provisurum
1027 1620 1102 1639 esse.
1116 1607 1253 1650 Defimc-

683 1663 742 1692 tae,
764 1656 852 1696 quod
868 1656 992 1696 plenius
1011 1657 1078 1691 vl,
1099 1655 1140 1685 83
1166 1665 1254 1696 mag-

683 1701 731 1731 nis
745 1701 859 1742 pelagi
880 1700 1028 1742 defuncte
1045 1698 1186 1741 periclis.
1207 1717 1254 1723 —-

685 1758 740 1788 99.
774 1748 859 1777 Olim
894 1757 1091 1787 quemcunque
1124 1746 1257 1775 evaserit

685 1793 787 1824 undis.
812 1795 885 1824 Non
907 1793 992 1822 euim
1016 1801 1125 1822 omnes
1147 1801 1254 1821 erase-

686 1846 774 1876 ram3
789 1839 844 1870 sed
862 1849 958 1868 unam
976 1838 1107 1868 Orontis
1121 1843 1255 1877 tempes-

688 1893 732 1915 tas
745 1891 892 1914 merserat
909 1884 1006 1919 mari,
1022 1885 1056 1919 1,
1076 1892 1089 1911 1
1101 1883 1137 1912 13
1156 1891 1164 1911 :
1180 1893 1255 1921 qua-

685 1938 758 1960 tuor
782 1930 851 1959 aliae
874 1930 1010 1958 incensae
1030 1938 1047 1957 a
1068 1927 1256 1958 mulieribus

684 1977 718 2005 in
734 1975 859 2010 Sicilia,
875 1977 924 2011 V,
940 1974 1017 2014 699.
1035 1974 1118 2014 Ergo
1137 1983 1178 2003 ex
1192 1975 1256 2004 XX

686 2021 815 2051 navium
840 2030 974 2049 numero
997 2029 1062 2049 non
1081 2019 1142 2048 11151
1162 2019 1260 2059 quin-

686 2066 788 2097 decim
807 2065 981 2096 incolumes
996 2064 1138 2096 Tiberim
1158 2065 1255 2094 intra-

687 2119 807 2144 verant.

740 2159 812 2189 105.
834 2159 956 2188 Amnes
977 2155 1106 2198 rapidos
1127 2163 1158 2187 et
1172 2162 1256 2186 aeros
