1414 2435
80 66 142 97 136

577 67 770 100 AENEIDOS

74 126 124 161 At
141 135 232 160 vero
252 123 440 173 ingentem
460 124 632 174 quatiens
651 124 862 163 Mezentius
883 125 1030 163 hastam

74 182 264 220 Turbidus
284 183 496 232 ingreditur
512 197 658 233 eampo.
680 187 804 231 Quam
824 198 980 235 magnus
998 184 1140 231 orion,

76 244 203 287 Quum
218 242 333 291 pedes
351 242 492 280 incedit
511 243 626 280 medii
645 257 713 293 per
731 245 896 281 maxima
912 244 1028 282 Nerei

75 304 213 351 Stagna
233 302 334 339 viam
351 303 543 349 scindens,
561 304 722 341 humero
739 304 995 354 supereminet
1011 303 1150 350 unda53
1223 312 1270 344 765

75 363 170 406 Aut,
191 362 345 399 summis
363 363 531 399 referens
551 375 731 400 annosam
747 362 939 400 montibus
958 375 1115 408 ornum,

76 420 369 470 Ingrediturque
388 423 487 467 solo,
507 431 544 458 et
559 431 673 471 caput
692 423 791 459 inter
809 422 940 459 nubila
957 421 1086 459 condit
1102 435 1110 455 :

76 481 176 517 Talis
196 494 236 518 se
252 481 367 519 vastis
384 482 498 519 infert
517 482 730 519 Mezentius
748 482 873 519 armis.

76 540 174 576 Huic
195 549 328 578 contra
347 544 502 588 AEneas,
520 541 735 591 speculatus
755 541 795 577 in
814 540 962 590 agmine
978 541 1110 590 longo,

77 602 224 639 Obvius
243 603 298 638 ire
318 611 428 652 parat
445 616 453 638 :
473 609 599 637 manet
619 601 886 649 inperterritus
906 601 986 646 ille,
1227 617 1275 641 πο

78 665 235 699 Hostem
254 661 535 710 magnanimum
555 661 776 710 opperiens,
796 669 833 696 et
851 661 950 697 mole
969 672 1037 697 sua
1055 667 1144 705 stat;

77 726 203 771 Atque
224 721 341 758 oculis
360 721 525 770 spatium
542 733 715 757 emensus
727 748 736 765 ,
754 727 938 769 quantum
955 720 1044 757 satis
1062 720 1180 757 hastae
1199 733 1206 754 ε

79 798 93 814 «
113 784 275 827 Dextra,
296 780 389 816 mihi
408 779 519 825 deus,
540 787 577 815 et
598 779 713 816 telum
731 779 834 827 quod
854 779 992 816 missile
1012 779 1130 825 libro,

76 844 188 878 Nunc
208 841 351 878 adsint!
372 842 504 876 Voveo
521 838 710 888 praedonis
729 850 891 888 corpore
908 839 1026 888 raptis

77 900 258 937 Indutum
275 898 404 950 spoliis
424 899 551 950 ipsum
573 907 609 935 te
617 927 628 949 7
648 901 786 947 Lause,
808 906 993 948 tropaeum
1228 907 1276 940 775

126 1074 202 1112 763.
218 1073 390 1103 Turbidus:
404 1071 492 1112 quod
507 1073 582 1103 alias
596 1083 649 1102 sae-

77 1120 183 1156 vicus,
212 1119 319 1148 furens
345 1127 353 1148 :
378 1118 558 1158 ingreditur
586 1125 649 1148 tam

77 1175 210 1206 maguus
222 1187 230 1201 ,
255 1174 352 1204 quam
382 1174 519 1204 magnus
551 1164 650 1194 Orion

77 1210 208 1240 humero
216 1220 356 1250 superem
361 1209 426 1238 inec
431 1210 545 1245 undas,
555 1221 651 1249 quum

71 1256 171 1296 pedes
186 1255 315 1285 incedit.
329 1257 412 1286 Nota
431 1262 476 1284 est
494 1255 653 1296 prodigio-

76 1312 109 1331 sa
123 1303 251 1333 Orionis
266 1301 437 1342 proceritas
448 1323 457 1337 ‚
474 1307 504 1330 et
517 1311 575 1340 per
589 1311 652 1330 ma-

75 1358 108 1377 re
132 1349 283 1378 incessus.
308 1346 371 1377 vid.
400 1346 591 1386 Apollodor.
616 1348 648 1384 Ι,

78 1398 96 1427 4
109 1415 117 1430 ,
135 1394 152 1423 3
166 1416 174 1430 ,
189 1394 246 1423 ubi
260 1393 345 1423 conf.
357 1394 433 1424 Not.
450 1395 530 1424 Nata
543 1392 649 1422 fabula

75 1448 91 1467 a
113 1438 214 1469 sidere
235 1439 332 1477 hujus
354 1439 494 1468 nominis
518 1439 649 1479 ejusque

75 1492 160 1516 ortu.
183 1486 285 1515 Orion
310 1485 416 1514 oriens
445 1483 494 1514 ἐπ’
518 1477 647 1515 ὀκεσινὼ

73 1528 176 1566 πόδας
197 1528 296 1570 ἴσχει,
317 1537 353 1559 ut
374 1541 441 1559 rem
460 1530 648 1561 Theocritus

74 1576 164 1607 effert
183 1578 246 1606 vu
274 1575 368 1616 ldytl.
400 1577 452 1611 54.
481 1576 533 1606 Ad
554 1576 648 1616 Poly-

71 1622 179 1663 phemi
207 1629 358 1652 staturam
387 1623 530 1662 corporis
560 1621 645 1652 idem

69 1668 269 1699 transtulerat
280 1670 371 1698 Maro
385 1679 454 1708 sup.
472 1669 538 1705 111,
556 1669 621 1703 664
635 1691 642 1704 ‚

70 1714 148 1745 665.
166 1714 266 1745 Nerei
278 1722 393 1756 stagna
412 1725 506 1754 supra
528 1715 569 1744 ad
586 1715 642 1745 lib.

70 1762 100 1797 Ι,
118 1761 309 1800 126.--766
321 1783 329 1798 ‚
349 1761 425 1798 767.
438 1762 504 1790 Aut
513 1760 641 1801 (quum)

69 1806 254 1847 ingreditur.
279 1824 324 1830 —
348 1808 450 1837 Etiam
482 1808 642 1837 Homerus

68 1854 221 1883 Orionem
250 1861 433 1884 venatorem
456 1852 586 1883 exhibet
608 1854 642 1883 iu

70 1901 188 1940 Necyia
214 1900 328 1941 odyss.
353 1903 390 1935 λ,
411 1900 449 1937 57
461 1910 545 1930 1.-
563 1910 601 1937 77
614 1910 639 1930 t.

70 1946 155 1974 Molo
180 1957 237 1975 sua
261 1953 326 1976 stae
341 1953 482 1975 sumtum
505 1956 521 1974 a
543 1956 640 1986 rupe,

68 2001 138 2030 qua:
158 2002 215 2021 sun
232 1992 372 2032 pondere
388 1992 499 2021 librata
513 1991 641 2021 firmum

67 2038 162 2066 ninum
194 2038 296 2068 habet.
331 2040 377 2067 De
404 2048 524 2079 magum
549 2037 640 2067 molis

67 2082 195 2112 homino
212 2090 313 2113 stante
333 2085 440 2113 nescio
465 2095 560 2125 quam
585 2083 639 2113 be-

68 2139 105 2158 ne
122 2127 263 2162 dicatum
280 2130 370 2158 aliter
385 2141 432 2159 res
445 2141 477 2159 se
491 2130 620 2159 liaberet
631 2152 639 2165 ,

65 2177 89 2205 <i
110 2175 141 2204 iu
162 2174 312 2204 conflictu
326 2197 333 2211 ,
351 2177 383 2204 iu
401 2177 570 2205 certamine
586 2186 637 2206 ur-

701 1078 827 1114 geretur
840 1094 849 1109 ,
886 1068 1112 1112 impelleretur.
1147 1071 1274 1101 Servius

703 1118 863 1158 explicat:
887 1119 922 1147 in
940 1118 998 1146 hac
1021 1117 1121 1153 mole,
1144 1123 1181 1145 ut
1195 1115 1275 1145 dici-

704 1171 776 1201 tur,
803 1165 838 1193 in
868 1164 1021 1204 vestigio;
1047 1161 1136 1203 quod
1162 1171 1276 1201 parum

704 1209 885 1250 placet—7
894 1220 908 1247 7
917 1210 947 1240 3.
962 1210 1159 1249 Interpungo
1170 1215 1178 1237 z
1190 1208 1279 1237 Dex-

705 1263 771 1292 tra,
789 1254 868 1284 mihi
890 1255 985 1291 deus,
1002 1263 1034 1284 ec
1047 1254 1143 1284 telum
1157 1270 1204 1276 —
1217 1253 1276 1282 ad-

704 1300 790 1330 sint!
809 1311 849 1330 ne
865 1302 1053 1342 accipiatur:
1070 1300 1186 1330 dextra
1201 1294 1280 1328 mi'lzi

703 1346 780 1376 dens
793 1353 857 1382 est,
877 1354 909 1376 ec
921 1347 1029 1376 telum.
1040 1348 1121 1376 Tum
1131 1345 1164 1375 in
1179 1345 1278 1374 telum

704 1394 786 1422 Ven.
809 1393 903 1422 Vibro
928 1392 1096 1433 oblongus
1114 1392 1275 1423 Pierii.—

703 1440 754 1469 Sic
770 1439 828 1469 inf.
844 1440 925 1475 xlt,
937 1439 980 1478 95
990 1461 998 1475 ,
1011 1438 1055 1477 96
1068 1439 1179 1472 Nunc,
1197 1447 1276 1466 mm-

703 1495 801 1524 quam
820 1483 983 1526 frustrata
1012 1490 1148 1513 vocatus
1172 1484 1274 1512 Hasta

702 1541 807 1565 meos,
837 1540 920 1558 nunc
950 1536 1073 1569 tempus
1107 1529 1199 1558 adest
1215 1545 1272 1558 —.

701 1576 817 1606 Similis
847 1576 937 1605 locus
968 1581 1014 1605 est
1049 1574 1216 1615 Apollonii
1242 1576 1273 1611 1,

703 1622 768 1657 446
783 1632 848 1661 seq.
858 1638 904 1643 —
917 1632 932 1659 7
941 1631 955 1658 7
964 1622 993 1651 5.
1007 1621 1174 1650 Inductmn
1187 1620 1272 1650 Leid.

697 1667 889 1708 triumphum
902 1669 1004 1709 Bigot.
1016 1675 1045 1696 et
1056 1677 1115 1708 pro
1123 1677 1188 1697 var.
1199 1666 1271 1697 lect.

697 1725 746 1755 pr.
765 1714 938 1755 Haiuburg.
951 1737 959 1750 ,
976 1720 1089 1743 natum
1111 1723 1152 1743 ex
1173 1714 1272 1753 scrip-

698 1768 769 1790 tura
783 1762 894 1790 vitiosa
909 1759 1094 1801 trophaeum.
1111 1758 1172 1790 Sed
1188 1758 1272 1789 vole-

697 1806 750 1836 bat
774 1807 954 1837 Mezentius
978 1808 1116 1836 Lausum
1139 1804 1272 1834 induere

696 1854 791 1883 armis
805 1856 909 1884 AEneae
920 1875 928 1890 ‚
946 1860 981 1883 ut
995 1853 1029 1882 in
1044 1858 1164 1892 tropaeo
1181 1858 1270 1880 trun·

696 1909 752 1928 cus
772 1901 865 1929 armis
890 1898 981 1929 indui
1004 1898 1269 1937 solet.—Quum

695 1945 747 1975 alii
770 1952 886 1986 tropaea
908 1945 942 1974 in
962 1944 1094 1974 deornm
1113 1942 1270 1973 honorem

696 1997 882 2020 consecrent
893 2012 901 2025 ,
917 1990 1095 2020 Mezentius
1111 1996 1222 2025 vovet,
1238 2000 1270 2019 se

694 2037 788 2066 armis
818 2035 1007 2066 induturum
1038 2046 1103 2065 esse
1132 2037 1269 2065 Lausum

693 2082 796 2112 filium
807 2105 814 2119 ,
832 2089 868 2111 ut
883 2081 962 2113 adeo
977 2082 1030 2111 ille
1045 2089 1192 2121 tanquam
1207 2089 1270 2111 tro-

694 2139 796 2169 paeutn
816 2127 936 2164 adstet,
954 2127 1042 2169 quod
1059 2135 1124 2158 erat
1136 2134 1269 2158 truncus

695 2175 787 2204 armis
809 2173 951 2204 indutus.
