1414 2435
555 71 678 101 LIBER
701 71 778 100 XII.

1205 70 1267 107 267

72 137 169 170 Ante
189 131 317 169 volant
332 157 342 176 ‚
361 128 601 177 sonitumque
622 127 748 163 ferunt
765 125 812 162 ad
830 125 943 163 litora
953 126 1057 164 venti
1078 140 1086 161 :
1221 135 1271 162 1535

72 193 171 230 Talis
192 193 231 229 in
251 191 427 228 adversos
449 187 586 224 ductor
604 185 802 222 Rhoeteius
818 185 937 222 hostis

74 256 222 302 Agnien
242 251 338 300 agit3
360 248 466 286 densi
486 248 617 285 cuneis
631 259 670 283 se
685 247 846 296 quisque
860 247 1000 282 coactis

74 312 344 361 Adglomerant
366 322 374 344 :
395 308 482 345 ferit
499 321 586 345 ense
603 319 757 357 gravem
770 306 1020 356 Thymbraeus
1043 307 1202 355 Osirim,

74 372 297 409 Archetium
316 368 558 412 Mnestheus,
579 367 791 418 Epulonem
810 366 1014 404 obtruncat
1033 368 1195 405 Achates
1207 396 1216 413 ‚

75 431 328 479 Ufentemque
349 432 469 477 Gyas;
486 427 588 464 cadit
606 428 686 477 ipse
706 427 929 464 Tolumnius
950 440 1088 477 augur,
1224 436 1275 464 «πω

75 490 224 527 Primus
243 489 283 525 in
303 489 482 525 adversos
502 488 619 525 telum
638 488 703 537 qui
724 495 886 524 torserat
904 487 1035 524 hostis.

75 550 238 586 Tollitur
257 549 296 585 in
313 549 448 585 coelum
470 548 634 592 clamor,
651 547 828 596 versique
848 546 1013 584 vicissim

75 610 344 646 Pulverulenta
360 609 449 658 fuga
461 608 594 644 Rutuli
610 608 700 644 dant
719 617 825 657 terga
838 621 907 657 per
927 620 1047 657 agros.

73 671 160 718 Ipse
180 681 303 716 neque
325 680 476 704 aversos
497 667 674 716 dignatur
693 677 860 704 sternere
879 668 1011 712 morti3

74 729 154 763 Nec
171 727 267 776 pede
283 738 502 775 congressos
523 738 650 774 aequo,
668 739 737 762 nec
757 727 829 762 tela
849 726 1002 762 ferentis
1227 733 1274 760 4⁹³3

75 786 294 835 Insequitur
304 800 314 830 3
329 785 450 821 solum
470 784 586 820 densa
601 785 641 818 in
661 785 820 833 caligine
833 787 1005 820 Turnum

75 845 246 893 Vestigat
261 846 441 888 lustrans,
470 843 593 878 solum
613 842 652 878 in
672 843 877 879 certamina
893 843 1026 892 poscit.

76 907 159 942 Hoc
178 916 357 941 concussa
378 910 483 940 metu
497 911 660 939 mentem
680 906 842 940 Juturua
861 903 994 953 virago

75 965 257 1014 Aurigam
273 965 393 1000 Turni
411 962 536 999 media
554 963 652 998 inter
668 963 749 999 lora
762 964 964 1000 Metiscum

76 1025 247 1068 Excutit,
263 1031 299 1059 et
312 1025 423 1072 longe
443 1023 590 1071 lapsum
605 1031 754 1058 temone
774 1023 972 1071 relinquit;
1222 1035 1272 1064 1570

76 1085 164 1131 Ipsa
184 1082 304 1127 subit,
324 1080 575 1129 manibusque
590 1081 766 1118 undantis
785 1081 902 1119 flectit
921 1083 1103 1129 habenam,

81 1143 223 1178 Cuncta
244 1154 394 1190 gerens,
412 1153 640 1191 vocemque,
659 1151 696 1179 et
715 1154 875 1193 corpus,
893 1152 929 1180 et
947 1157 1051 1180 arma
1067 1143 1228 1181 Metisci.

80 1318 146 1348 quo
168 1307 237 1347 ipso
259 1316 318 1336 nos
333 1306 367 1335 in
383 1307 650 1346 exspectationem

80 1355 125 1382 rei
140 1355 223 1393 rapit
238 1359 385 1392 tanquam
404 1351 507 1381 adhuc
519 1352 649 1382 futurae.

80 1399 212 1435 —456.
236 1400 356 1428 Ductor
377 1397 549 1433 Rlzoeteius,
569 1399 650 1427 Tro-

79 1446 194 1483 janus:
211 1455 242 1474 v.
263 1447 332 1473 AEn.
355 1444 411 1473 lib.
428 1445 494 1480 111,
514 1443 588 1472 108.
605 1461 651 1466 -—

84 1492 161 1528 457.
181 1492 265 1520 Bene
283 1490 409 1520 Servius
425 1499 433 1519 ε
457 1489 649 1527 densentur,

82 1543 119 1566 ut
148 1536 306 1566 cuneatim
334 1535 494 1565 dimicent.
510 1536 648 1582 —458

84 1582 219 1611 Gravem
233 1592 298 1611 non
310 1583 382 1611 satis
401 1580 525 1610 definiit
539 1588 630 1621 poeta
640 1604 648 1619 ‚

82 1638 147 1667 quo
163 1637 257 1657 sensu
276 1629 375 1668 accipi
392 1627 500 1664 vellen
522 1637 581 1656 nec
600 1638 648 1657 re-

81 1673 141 1702 fert
158 1695 167 1709 ,
195 1683 268 1702 uam
307 1673 491 1713 simpliciter
535 1680 645 1710 ornat;

81 1719 194 1748 fortem
217 1719 350 1757 exponit
375 1719 512 1747 Servius.
535 1718 649 1748 Refero

81 1763 118 1794 ad
129 1765 346 1794 anctoritatem
359 1786 368 1800 ‚
383 1763 565 1803 dignitatem
576 1786 585 1800 ,
598 1774 651 1793 an-

82 1821 150 1840 nos.
162 1811 227 1850 Qui
240 1809 365 1839 caedunt
377 1832 385 1846 ,
404 1807 606 1846 Thymbraeus
620 1817 651 1839 et

81 1858 195 1893 ceteri,
222 1855 257 1885 hi
282 1867 298 1885 e
330 1855 474 1892 Trojanis
501 1860 584 1884 sunt.
604 1872 650 1878 --

84 1903 159 1938 460.
180 1903 372 1942 Comparant
392 1900 488 1930 verba
510 1900 590 1929 Iliad
604 1912 649 1938 π,

86 1948 162 1979 558.
181 1949 229 1978 De
242 1948 415 1978 Tolumnio
438 1957 507 1986 sup.
529 1947 649 1976 258-

85 1994 303 2029 266.—466.
320 1994 370 2024 Sic
395 1995 515 2023 Hector
538 1994 647 2023 Patro-

83 2038 168 2068 clum
189 2040 366 2080 insequitur
391 2039 480 2069 Iliad.
502 2049 547 2075 π,
568 2040 644 2076 731.

86 2085 164 2114 Tela
192 2085 355 2126 serentes,
389 2086 559 2116 inferentes
571 2108 578 2120 ‚
610 2093 647 2116 ut

82 2130 204 2160 AEneid.
226 2141 355 2172 quoque
384 2131 440 2162 lib.
470 2134 534 2169 XI,
559 2132 646 2171 872,

81 2175 114 2207 h.
132 2186 159 2207 e.
172 2199 181 2214 ‚
197 2176 325 2208 adortos
336 2188 385 2216 se,
396 2185 504 2209 contra
519 2183 646 2210 stames.

753 1313 767 1342 4
775 1307 828 1337 68.
845 1309 982 1337 Iuturna
991 1307 1119 1350 virago.
1131 1310 1275 1339 Servius:

703 1353 812 1393 virago
825 1352 944 1383 dicitur
958 1354 1073 1383 mulier
1083 1377 1091 1391 ‚
1103 1364 1174 1394 quae
1187 1355 1278 1385 virile

702 1399 814 1438 implet
827 1399 981 1430 officium.
1002 1401 1082 1429 Eum
1100 1407 1278 1440 sequnntur

705 1444 768 1473 alii.
783 1446 939 1486 Argutius
953 1445 1073 1475 dictum
1087 1453 1167 1486 puto
1182 1457 1277 1485 quam

704 1492 820 1521 verius.
839 1492 958 1531 Virago
979 1498 1010 1521 et
1034 1493 1124 1533 virgo
1147 1502 1277 1532 prorsus

704 1536 834 1565 eandem
860 1539 924 1565 vim
952 1537 1070 1567 habent
1093 1548 1102 1568 .·
1123 1538 1177 1567 sed
1200 1539 1276 1570 alte-

703 1592 774 1611 rum
789 1583 950 1622 antiquius
960 1583 1102 1623 adeoque
1113 1585 1204 1624 epico
1214 1595 1277 1614 car-

702 1629 788 1657 mine
805 1628 942 1669 dignius,
964 1630 1047 1658 Hinc
1069 1630 1152 1669 apud
1166 1638 1274 1670 poetas

702 1674 812 1714 virago
829 1674 948 1713 Pallas,
968 1676 1086 1712 Diana,
1104 1676 1253 1716 Nympha
1266 1701 1273 1713 ‚

704 1726 739 1748 nt
765 1718 913 1762 παρθένος
925 1743 934 1757 ,
966 1719 1144 1762 παρθενικὴ.
1177 1723 1273 1760 Quod

705 1768 938 1795 veroJuturnae
949 1766 982 1795 h.
998 1767 1018 1795 l.
1036 1767 1147 1794 tribuit
1160 1768 1252 1796 Maro
1264 1791 1272 1803 ‚

704 1810 881 1840 sublectum
905 1818 951 1840 est
975 1812 1106 1840 Homeri
1126 1813 1274 1852 exemplo

703 1855 793 1885 Iliad.
814 1865 846 1892 ε,
871 1856 935 1885 835
960 1867 1048 1896 sqq.,
1074 1856 1130 1885 ubi
1153 1858 1270 1896 Pallas,
1300 1863 1307 1866 ’

702 1900 824 1938 dejecto
843 1901 992 1931 Sthenelo
1003 1925 1010 1938 ‚
1021 1903 1186 1932 Diomedis
1204 1915 1272 1935 cnr-

702 1957 773 1976 rnm
793 1947 888 1977 simili
914 1947 1010 1978 modo
1033 1949 1123 1988 regit.
1143 1949 1205 1979 Sed
1223 1950 1269 1980 lo-

702 2003 756 2022 cus
782 1993 835 2023 ille
865 1993 936 2033 plus
970 1993 1130 2034 dignitatis
1157 1995 1268 2034 habet,

701 2049 795 2079 quam
812 2039 864 2069 hic
879 2061 887 2076 ,
904 2041 938 2069 in
960 2050 1024 2080 quo
1040 2051 1211 2073 versamur.
1222 2061 1269 2067 ——-

702 2085 777 2125 469.
793 2086 955 2116 Metiscum
967 2092 1097 2116 tuentur
1106 2094 1182 2119 vett.
1196 2088 1268 2121 edd.

701 2138 730 2161 et
749 2132 841 2163 codd.
860 2143 933 2162 cum
951 2133 1169 2164 Grammaticis
1182 2137 1268 2176 apud

701 2179 810 2210 Heins.
830 2179 920 2210 Solus
939 2178 1124 2221 Fulgentius
1139 2179 1178 2211 de
1193 2192 1270 2212 con¹⁴
