1414 2435
74 58 92 84 5
106 65 116 84 ›
575 52 768 84 AENEIDOS

73 114 308 160 Purpuream
326 109 445 146 vomit
463 109 525 147 ille
544 110 724 156 animam3
745 118 782 146 et
799 122 885 146 cum
901 107 1081 157 sanguiue
1097 106 1213 143 mixta

74 171 171 206 Vina
189 170 305 205 refert
321 170 496 206 moriens.
517 170 590 207 Hic
607 170 710 206 furto
728 169 896 206 fervidus
914 169 1045 213 instat;

1219 173 1266 196 351³

75 232 235 279 Jamque
253 228 301 265 ad
319 229 484 279 Messapi
503 229 625 266 socios
644 228 843 275 tendebat,
859 227 927 265 ubi
946 228 1071 277 ignem

76 289 248 325 Deficere
267 296 496 334 extremum,
517 297 554 324 et
574 288 750 338 religatos
767 288 838 324 rite
855 287 1009 324 videbat

77 350 242 396 Carpere
262 360 415 396 gramen
435 360 553 396 equos
572 361 580 382 :
600 347 769 384 breviter
787 359 905 394 quum
923 346 1010 381 talia
1028 345 1158 388 Nisus,

78 408 204 444 Sensit
222 406 322 442 enim
338 407 454 442 nimia
473 406 576 441 caede
597 413 710 454 atque
729 404 906 454 cupidine
925 405 1035 450 ferri,

80 485 94 499 α
114 466 368 509 Absistamus,
386 465 438 501 ait
453 479 461 500 :
486 477 573 500 nam
592 465 659 500 lux
677 464 829 500 inimica
847 465 1090 513 propinquat.

1227 471 1272 493 335

77 529 278 563 Poenarum
297 524 524 561 exhaustum
542 523 631 560 satis
651 531 724 571 est;
747 523 810 559 via
829 523 927 560 sacta
945 536 1014 572 per
1031 522 1168 559 hostes.
1190 539 1203 553 υ

79 585 204 621 Multa
220 584 347 620 virum
365 583 486 619 solido
505 591 660 632 argento
677 583 846 633 perfecta
866 581 1085 632 relinquunt

80 649 290 693 Armaque,
311 651 552 692 craterasque
571 640 700 688 simul,
719 643 975 693 pulchrosque
996 651 1150 692 tapetas.

80 704 267 753 Euryalus
284 703 457 752 phaleras
476 702 717 749 Rhamnetis,
737 712 774 740 et
793 715 908 739 aurea
925 702 1036 738 bullis

82 867 229 898 Servium
247 865 341 896 multi
366 865 581 896 distinxerunt
596 874 604 895 :
624 872 655 894 et

85 913 188 942 multa
198 919 297 941 morte
309 911 429 952 recepit
438 915 633 952 Purpureum
643 923 653 946 ,-

85 958 198 988 eduxit
224 958 363 999 gladium
401 959 504 988 multo
543 968 655 987 eruore

83 1015 301 1045 purpureum;
316 1004 412 1044 idque
426 1004 596 1034 rotundius
606 1014 658 1033 ex-

83 1052 131 1080 ire
145 1050 280 1081 videtur.
296 1052 340 1081 Ut
352 1061 440 1080 nunc
454 1057 501 1080 est
515 1059 522 1080 :
537 1058 569 1080 et
582 1049 658 1079 mul-

85 1104 121 1126 ta
144 1104 244 1126 morte
267 1096 383 1137 recepit
396 1120 405 1132 ‚
427 1097 514 1126 nude
536 1103 582 1126 est
599 1107 657 1136 po-

85 1145 182 1173 situm
214 1142 325 1172 eodem
352 1154 456 1173 sensu.
484 1161 530 1167 —
553 1142 659 1172 ,Multa

87 1196 187 1218 morte
221 1188 354 1228 recepit,
389 1191 520 1218 retraxit
553 1199 659 1218 ensem

88 1235 191 1264 multo
216 1246 290 1264 cum
311 1237 484 1276 sanguine3
504 1243 539 1265 ut
558 1232 658 1276 φόνος.

88 1283 173 1311 Tum
194 1292 385 1321 purpuream
407 1281 552 1311 animam
577 1281 660 1311 dixit

89 1328 274 1367 sanguinem
306 1328 433 1358 vitalem
451 1351 459 1365 ,
492 1339 566 1358 cum
597 1337 661 1368 quo

90 1373 154 1401 vita
168 1372 303 1402 efflatur.
320 1391 367 1396 —-
388 1375 465 1414 349.
484 1373 591 1402 Vomit
607 1374 663 1402 ille

93 1418 238 1447 animam
261 1429 331 1448 cum
348 1419 507 1460 sanguine
526 1419 663 1448 mixtam

95 1466 178 1495 Ven.
204 1466 249 1494 Ec
271 1464 359 1495 abest
381 1469 510 1505 quoque
531 1464 665 1496 Oudart.

95 1517 128 1540 et
154 1510 277 1541 Zulich.
304 1510 443 1540 Biia-tam
475 1511 567 1539 etiam
594 1513 666 1540 Par-

98 1555 181 1585 rhas.
208 1566 282 1585 cum
301 1555 398 1586 Goth.
425 1562 556 1585 18η-
582 1557 667 1594 349,

102 1602 179 1631 350.
215 1602 260 1631 Ec
284 1612 354 1631 cum
382 1601 537 1642 sanguine
565 1601 667 1630 mixta

103 1647 189 1677 Vina
214 1646 327 1688 rofi-re,
357 1645 521 1690 ἀναφέρει,
549 1649 669 1686 rejicit,

102 1700 139 1723 ut
154 1696 241 1724 Serv.
263 1696 396 1724 Sensum
416 1695 512 1734 igitur
534 1693 625 1723 foedae
641 1701 671 1723 et

102 1741 234 1780 ingrata}
247 1741 291 1769 rei
304 1747 396 1780 poeta
408 1740 520 1769 habuit
535 1740 671 1776 nullum,

104 1787 162 1825 qui
185 1787 243 1815 ista
268 1796 440 1815 memorare.
464 1797 530 1815 non
547 1786 672 1815 dubita-

108 1833 163 1861 vit.
183 1831 241 1862 sod
258 1842 316 1861 nec.
332 1832 400 1866 alii,
416 1832 525 1862 Ovidii
541 1840 571 1862 et
585 1834 674 1862 Statii

108 1878 251 1918 exempla
269 1878 368 1908 Corda
391 1878 514 1915 laudat,
537 1878 675 1919 descrip-

109 1925 227 1954 tionem
251 1931 312 1953 tam
339 1925 516 1961 molestam,
542 1932 573 1955 et
596 1935 674 1954 nau-

110 1981 191 1999 seam
207 1978 385 2001 moventem
399 1971 592 2012 refugerunt.
609 1973 679 2001 Fer·

112 2017 137 2045 ri
152 2016 217 2045 lia-c
229 2025 370 2056 possunt.
382 2018 436 2047 ubi
451 2028 523 2047 cum
540 2016 678 2047 foeditate

112 2072 219 2090 sensus
243 2062 376 2092 horroris
404 2065 534 2093 excitari
565 2063 679 2099 debet,

113 2114 150 2137 ut
173 2107 210 2137 de
232 2110 314 2139 Caco
329 2111 424 2146 VIII,
451 2111 529 2149 196;
545 2109 623 2140 adde
638 2111 679 2146 V,

114 2153 192 2195 469.
208 2155 279 2186 Non
290 2155 416 2197 jungam
423 2155 677 2199 fitrcoservt'dus,

707 865 763 895 sed
781 864 900 895 fervide
919 865 1015 894 instat
1029 863 1140 906 firrw,
1164 865 1278 895 furti-«a

707 917 739 940 et
757 911 883 941 occulta
903 911 998 941 caede.
1113 947 1117 949 Α

757 958 950 988 350-356,
966 956 1130 987 Manifesta
1148 958 1280 988 Homeri

709 1004 838 1044 vestigia
863 1003 951 1034 Iliad.
978 1014 996 1033 κ
1014 1026 1022 1039 ,
1054 1009 1119 1043 494
1147 1014 1215 1043 sqq.
1246 1005 1278 1032 iu

710 1049 816 1080 Rheso
826 1073 834 1086 ‚
851 1060 952 1090 usque
967 1049 1006 1079 ad
1024 1050 1041 1079 5
1051 1055 1100 1085 14.
1117 1051 1282 1088 Messapus

711 1095 854 1126 excubiis
868 1102 933 1126 erat
946 1095 1114 1136 praefectus
1130 1105 1200 1135 sup.
1219 1096 1261 1125 IX
1274 1117 1282 1126 .

717 1143 780 1182 159
798 1149 857 1172 etc.
882 1145 994 1184 Ignem
1015 1150 1193 1172 extremum
1213 1142 1283 1181 quis

712 1188 837 1218 dubitet
848 1189 997 1228 jungere,
1013 1196 1048 1218 ut
1062 1189 1169 1218 lumen
1183 1194 1285 1217 extre-

714 1245 818 1270 mum,
840 1235 966 1273 jamjam
989 1235 1053 1264 fere
1081 1240 1285 1264 consumtum

714 1288 745 1311 et
760 1280 930 1318 deficiens,
950 1280 991 1311 cf.
1007 1283 1181 1311 Burmann.
1200 1278 1285 1308 Reli-

713 1335 807 1369 galos
823 1327 899 1362 rite,
921 1338 962 1357 ex
976 1337 1081 1363 more,
1099 1337 1140 1356 ex
1158 1325 1287 1355 militari

718 1373 965 1409 consuetudine,
983 1373 1094 1415 ligatos
1105 1396 1113 1409 ‚
1129 1373 1171 1402 ait
1189 1374 1288 1407 Sei-5¹4

719 1419 832 1458 quidni
858 1419 1042 1458 simpliciter
1068 1419 1258 1457 accipiamus
1282 1427 1288 1445 :

720 1475 819 1504 equos
834 1465 892 1493 rite
910 1464 1066 1504 alligatos,
1088 1464 1136 1492 uti
1157 1473 1205 1492 res
1218 1473 1290 1502 pos-

721 1510 812 1539 cebat
822 1531 831 1546 ,
844 1510 891 1538 uti
907 1516 1154 1539 consentaneum
1170 1515 1236 1537 erat
1251 1509 1292 1537 fa-

723 1566 792 1585 cere
805 1577 814 1590 ‚
852 1566 892 1585 ne
931 1555 1023 1584 liberi
1066 1554 1289 1584 discurrerem.

723 1601 821 1642 Apud
838 1603 968 1631 Homer.
986 1602 1019 1630 in
1034 1612 1068 1631 ea
1085 1612 1118 1631 re
1143 1600 1231 1630 Iliad.
1253 1610 1271 1628 ν.
1284 1623 1291 1635 ,

726 1649 789 1685 475
814 1649 887 1688 equi
907 1658 948 1677 ex
972 1657 1067 1677 curru
1093 1654 1235 1676 extremo
1253 1646 1291 1676 li-

725 1695 788 1735 gati
803 1700 888 1724 suut.
911 1710 958 1717 --
974 1694 1051 1723 356.
1072 1696 1242 1723 Poenamm
1259 1692 1292 1722 h.

726 1740 746 1770 l.
762 1751 820 1781 pro
836 1739 920 1769 caede
935 1739 973 1769 ad
989 1738 1208 1781 ulciscendum
1223 1738 1294 1768 hos-

727 1794 788 1816 tem
804 1786 882 1816 faeta
894 1798 902 1824 ;
916 1785 1015 1817 caedes
1029 1787 1102 1816 satis
1116 1785 1223 1814 multae
1237 1785 1295 1813 fac-

729 1840 767 1862 1ae
783 1839 868 1863 snut.

777 1880 839 1916 3:37
859 1896 905 1902 —-
922 1879 996 1909 366.
1028 1878 1159 1907 Omissis
1187 1879 1297 1907 ceteris.

729 1925 838 1965 spoliis
865 1931 929 1954 arte
953 1923 1134 1957 elaboratis,
1156 1924 1298 1964 phaleras

731 1977 762 2001 et
792 1970 955 2011 cingulum
984 1969 1167 2001 Rhamnetis
1197 1970 1297 1999 aufert

731 2017 907 2057 Euryalu83
931 2027 993 2046 una
1018 2026 1090 2045 cum
1109 2015 1194 2056 galea
1213 2017 1297 2046 Mes-

732 2063 797 2104 sapi
807 2085 816 2099 ,
828 2073 890 2103 qua
905 2062 1012 2103 paullo
1026 2069 1097 2102 post
1111 2062 1177 2102 ipse
1191 2062 1299 2102 prodi-

733 2116 787 2139 tur
804 2108 957 2139 hostibus.
985 2108 1154 2143 Phalerrrf
1177 2108 1301 2138 dubita-

734 2163 788 2187 tur
803 2162 833 2186 et
852 2155 884 2187 h.
903 2155 925 2187 l.
941 2155 1044 2186 simne
1063 2155 1136 2196 equi
1161 2165 1199 2185 nn
1215 2156 1302 2196 eqni-
