1414 2435
52 44 72 73 ὃ
551 38 747 74 'AENEIDOS

55 99 251 150 Objiciunt
269 107 397 150 portas
416 107 559 146 tamen,
576 107 614 136 et
631 102 824 149 praecepta
841 94 1046 144 facessunt,
1215 103 1248 132 45

57 161 279 209 Armatique
298 160 400 197 cavis
419 168 639 210 exspectant
658 156 829 194 turribus
847 155 1006 194 hostem.

111 222 280 266 Turnus,
299 230 342 258 ut
361 228 446 256 ante
462 219 593 256 volans
613 217 764 255 tardum
781 224 1024 267 praecesserat
1042 228 1192 266 agmen,

60 279 205 330 Viginti
221 279 326 316 lectis
345 279 516 328 equitum
535 278 736 314 comitatus
754 285 792 313 et
810 275 899 313 urbi

61 340 294 389 Improvisus
315 339 440 385 adest;
459 337 615 375 maculis
633 349 747 386 quem
762 335 947 373 Thracius
964 335 1058 373 albis

62 401 193 436 Portat
212 411 349 447 equus,
369 397 559 446 cristaque
578 396 671 445 tegit
691 396 796 446 galea
815 408 930 432 aurea
948 394 1077 432 rubra.
1226 403 1258 427 50

67 475 82 490 «
103 457 240 506 Ecquis
261 456 332 493 erit
350 468 517 500 mecum,
532 455 712 504 juvenes,
732 453 798 503 qui
816 454 962 503 primus
981 453 1021 489 in
1039 454 1207 490 hostem?

64 520 140 564 En,
158 533 173 549 »
195 517 246 553 ait
264 530 272 551 :
290 524 326 553 et
341 516 511 565 J'aculum
528 514 759 564 adtorquens
778 513 915 550 emittit
931 514 969 549 in
990 526 1120 562 auras,

66 576 298 625 Principium
314 588 467 625 pugnae,
484 583 522 610 et
541 586 674 622 campo
691 586 771 610 sese
791 572 932 609 arduus
951 572 1077 609 infert.

68 637 242 674 Clamore
261 635 456 682 excipiunt
474 632 585 678 socii,
605 633 836 681 fremituque
855 641 1066 681 sequuntur

68 696 292 733 Horrisono.
314 695 505 729 Teucrum
522 692 710 729 mirantur
727 692 864 728 inertia
882 692 996 728 corda
1011 707 1021 738 ;
1235 701 1265 724 55

69 756 158 792 Non
177 765 286 802 aequo
307 752 397 788 dare
413 764 452 789 se
472 764 625 801 campo,
641 764 719 788 non
738 750 851 788 obvia
871 751 969 787 ferre

69 816 186 849 Arma
201 812 322 857 viros,
342 810 407 847 sed
427 819 550 847 castra
570 811 711 847 fovere.
732 813 818 847 Huc
837 809 1012 847 turbidus
1035 819 1148 859 atque
1166 810 1240 846 buc

70 875 224 909 Lustrat
244 882 342 919 equo
363 882 510 916 muros,
531 869 751 919 aditumque
771 883 840 919 per
859 869 944 906 avia
962 869 1109 918 quaerit.

72 932 128 966 Ac
144 928 263 965 veluti
282 928 394 978 pleno
413 929 525 978 lupus
544 928 742 965 insidiatus
760 929 867 975 ovili,

74 991 204 1034 Quum
224 987 350 1023 fremit
366 987 413 1023 ad
431 987 575 1033 caulas,
595 997 728 1024 ventos
749 1000 952 1037 perpessus
973 995 1010 1024 et
1031 986 1182 1035 imbris,
1238 1000 1269 1018 v·

73 1051 195 1087 Nocte
213 1060 328 1097 super
346 1047 470 1083 media
486 1061 493 1081 :
514 1047 586 1084 tuti
604 1047 674 1084 sub
695 1047 879 1084 matribus
899 1047 984 1096 agni

74 1108 247 1145 Balatum
267 1114 464 1154 exercent3
478 1106 558 1154 ille,
579 1120 689 1159 asper
708 1116 746 1144 et
764 1106 963 1158 improbus
983 1107 1059 1153 ira,

78 1264 160 1295 Nam
177 1263 232 1302 qni
247 1261 371 1299 suadet,
385 1268 555 1301 monstrat,
574 1263 652 1304 qnid

79 1310 120 1338 sit
133 1307 312 1337 faciendum
323 1330 331 1345 ,
345 1315 376 1337 et
389 1319 450 1348 qua
464 1310 596 1340 ratione.
606 1327 653 1333 —-

82 1354 137 1389 46.
156 1353 224 1383 Suis
240 1364 299 1393 pro
315 1353 399 1383 cavis
412 1356 516 1395 Sprot.
532 1366 563 1386 v,
576 1356 654 1385 Bur-

80 1409 190 1430 mann.
213 1398 342 1429 Urbibus
360 1400 478 1431 Medic.

132 1445 186 1480 48.
212 1447 250 1474 In
265 1444 371 1475 verbis
395 1452 426 1475 et
443 1446 513 1476 urbi
535 1447 656 1487 Impro-

84 1489 164 1520 visus
192 1490 298 1526 adest,
326 1490 407 1520 forte
429 1498 461 1520 et
482 1501 592 1522 vacare
608 1494 656 1522 vi-

84 1535 154 1565 deri
166 1541 280 1575 potest.
294 1536 464 1566 Enimvero
476 1537 636 1578 jungenda
648 1547 656 1568 :

89 1582 213 1611 Turnus
239 1581 352 1620 viginti
375 1581 536 1620 equitibus
561 1583 655 1611 comi-

88 1633 173 1656 tatus
199 1633 230 1655 ει
255 1624 438 1665 improvisus
463 1627 532 1655 urbi
555 1628 655 1658 adest.

88 1673 198 1711 Itaque
217 1672 508 1711 interpunctionem
523 1680 595 1712 post
609 1683 659 1702 co-

89 1717 218 1746 mitatus
231 1716 355 1746 sustuli.
372 1718 411 1746 In
426 1727 508 1757 equo
526 1717 659 1748 Thracio

92 1773 158 1793 nou
186 1761 391 1798 haerendum
418 1764 508 1800 cujus
538 1765 660 1803 generis

90 1817 246 1848 equorum
266 1807 356 1847 copia
374 1808 407 1836 in
422 1809 509 1838 Latio
523 1810 578 1838 vix
593 1816 660 1839 tum

91 1863 156 1884 esse
170 1853 292 1893 potuit;
309 1852 364 1882 sed
381 1860 472 1883 ornat
486 1854 659 1894 epitheton.

91 1916 138 1922 ..-
151 1899 204 1936 57,
221 1898 295 1927 Viro
307 1898 429 1928 Zulich.
442 1899 661 1940 He'c—aeqne

93 1943 143 1973 hic
158 1954 220 1975 sec.
237 1945 352 1974 Moret.
362 1962 408 1967 ——
420 1945 657 1987 Castrajbvere,

92 2000 152 2030 pro
171 1990 308 2029 vulgari,
324 2000 355 2019 sc
375 1991 407 2020 in
421 1992 528 2021 castris
543 1998 659 2022 tenere.

92 2045 124 2065 v.
149 2034 186 2064 ad
204 2036 261 2064 Ge.
287 2037 348 2071 111,
371 2042 447 2071 420.
470 2038 508 2066 Et
532 2039 660 2069 Turnus

90 2079 228 2110 turbidus
245 2102 253 2113 .
283 2080 427 2110 turbatus
440 2104 448 2118 ,
476 2081 598 2122 pudore
629 2090 660 2113 et

90 2125 135 2159 ira
159 2126 319 2162 incensus,
346 2126 432 2168 quod
454 2127 573 2159 aditum
590 2139 658 2159 mu-

720 1182 739 1195 Ὅ

704 1275 830 1301 rorum,
853 1274 916 1305 qna
936 1264 1044 1295 subire
1066 1271 1189 1306 posset,
1209 1276 1275 1295 non

705 1310 844 1340 videbat.

755 1356 797 1396 59
815 1366 883 1396 sqq.
901 1356 1101 1396 Comparatio
1118 1357 1186 1397 lupi
1204 1368 1277 1387 cum

707 1403 917 1442 pugnantium
933 1401 1019 1432 rabie
1033 1404 1106 1433 satis
1119 1402 1276 1443 frequens,

707 1447 769 1477 Sed
787 1449 822 1477 in
847 1446 944 1477 modo
967 1448 1122 1478 tractandi
1146 1449 1277 1488 Apollo-

708 1493 800 1521 nium
822 1493 853 1529 Ι,
883 1493 968 1528 1243
994 1503 1040 1533 sq.
1070 1500 1141 1523 ante
1167 1494 1279 1524 oculos

709 1537 856 1567 habuisse
871 1544 902 1568 et
918 1548 1045 1568 ornasse
1066 1538 1208 1577 videtui-3
1232 1551 1280 1570 re-

709 1589 819 1622 spectu
837 1584 930 1612 etiam
949 1583 988 1613 ad
1004 1586 1179 1615 Homerum
1193 1585 1281 1617 habi-

712 1634 762 1663 to,
787 1628 842 1668 qni
862 1629 975 1658 similia
1001 1629 1040 1659 de
1064 1630 1156 1660 leone
1174 1641 1278 1671 perse-

712 1679 831 1712 quutus
852 1681 917 1703 erat
942 1674 1032 1706 Iliad.
1052 1678 1088 1711 λ,
1115 1676 1177 1713 547
1199 1687 1279 1718 sqq.;

714 1728 747 1760 ρ,
763 1719 826 1756 647
845 1730 913 1759 sqq.
932 1721 1035 1751 Nocte
1049 1732 1142 1761 super
1155 1723 1278 1758 media,

713 1763 795 1793 ultra
820 1765 954 1795 mediam
984 1774 1125 1803 noctem,
1150 1774 1187 1797 nt
1208 1779 1280 1798 eum

711 1809 806 1850 longa
820 1821 907 1841 mora
925 1812 1052 1842 incensa
1071 1812 1166 1842 fames
1180 1813 1219 1843 ad
1237 1825 1282 1844 ra-

713 1854 797 1885 biem
812 1863 899 1896 agat;
917 1857 1001 1888 conf.
1018 1869 1048 1888 v.
1074 1858 1134 1894 63,
1152 1858 1206 1895 64.
1229 1861 1281 1890 Im

712 1900 800 1930 set-vit
811 1902 883 1931 meli
888 1913 937 1937 us.
953 1913 1047 1942 quam
1064 1903 1221 1944 improbus
1234 1905 1282 1935 ira

709 1946 871 1987 juugitur.
887 1958 926 1977 ne
942 1947 1040 1979 altero
1053 1949 1125 1979 loco
1142 1949 1281 1982 abundet

713 1990 761 2020 ira
771 2015 779 2026 ,
797 1992 895 2023 altero
909 2000 1011 2023 nutem
1028 1995 1100 2025 loco
1118 1996 1206 2026 saevit
1220 2007 1279 2026 nu-

712 2036 789 2067 dum
813 2045 841 2068 et
866 2046 960 2069 tenne
983 2041 1190 2082 relinquatur.
1217 2043 1279 2072 Im-

706 2083 822 2123 probus
834 2086 927 2114 ctiam
941 2086 1044 2116 solum
1061 2098 1117 2127 per
1134 2098 1166 2118 se
1181 2087 1220 2117 de
1235 2089 1279 2118 im

711 2136 742 2160 et
765 2130 845 2163 fame
858 2138 888 2162 et
903 2131 1136 2164 vehementiore
1151 2145 1278 2176 quoque
