1414 2435
120 71 161 101 4ο

616 69 807 101 AENEIDOS

116 124 374 173 Alitibusque‚
388 126 509 175 jaces!
529 139 598 164 nec
615 137 667 172 te,
688 137 753 165 tua
772 129 924 174 funera,
946 138 1064 166 mater

118 183 302 230 Produxi,
323 186 490 234 pressive
507 187 654 233 oculos,
675 195 740 224 aut
757 188 913 225 volnera
930 188 1022 234 lavi,

116 246 230 280 Veste
248 253 392 293 tegens,
412 244 482 282 tibi
501 259 615 296 quam
630 256 758 284 noctes
777 247 912 285 festina
928 248 1084 297 diesque

119 303 332 352 Urgebam,
349 314 386 342 et
406 306 480 342 tela
495 319 608 344 curas
626 306 776 344 solabar
797 307 922 344 anilis!

118 365 204 408 Quo
224 366 383 413 sequar?
402 375 467 402 aut
484 380 568 415 quae
585 380 686 403 nunc
701 376 804 404 artus
822 367 1024 416 avolsaque
1042 366 1231 413 membra,
1261 377 1309 407 ⁴90

117 423 164 459 Et
185 423 297 460 funus
317 425 483 461 lacerum
503 425 610 463 tellus
627 425 766 463 habet?
782 426 856 463 hoc
872 426 966 462 mihi
984 426 1031 463 de
1047 435 1101 472 te,

118 482 233 527 Nate,
254 483 395 520 refers?
414 483 486 520 hoc
502 497 585 521 sum
606 494 782 534 terraque
801 485 972 534 marique
990 488 1141 523 secuta?

120 541 240 590 Figite
258 555 334 588 me,
353 543 384 580 si
403 556 477 592 qua
496 552 552 580 est
571 543 708 592 pietas;
726 545 765 580 in
784 557 844 580 me
863 543 990 579 omnia
1008 545 1083 593 tela

120 603 320 653 Conjicite,
340 617 363 640 o
383 604 531 650 Rutul'13
554 617 613 640 me
633 605 795 652 primam
815 603 1001 640 absumite
1019 603 1136 639 ferro!

121 664 200 698 Aut
221 671 280 706 tu,
298 673 431 710 magne
450 670 559 710 pater
578 661 726 708 divum,

118 794 158 823 tis
183 800 272 830 nota,
299 794 350 823 vel
377 805 418 824 ex
441 793 549 825 Iliadis
575 797 685 836 primis

117 839 262 869 versibus
272 862 280 876 ,
295 841 398 869 visum
411 848 458 870 est
473 841 686 873 infaustissimi

121 896 210 915 casus
225 895 290 915 esse
300 907 309 922 ‚
328 887 355 916 si
368 888 418 916 cui
438 887 535 918 funus
548 888 623 918 duci
636 900 688 919 ne-

119 933 235 972 quiret.
273 932 326 962 Ad
363 941 528 974 sequentes
559 946 688 976 qnoque

119 988 228 1007 versus
250 978 453 1010 illustrandos
479 982 621 1022 undique
643 983 690 1013 lo-

121 1035 231 1054 corum
254 1025 344 1064 copia
364 1028 522 1067 suppetit,
538 1030 632 1058 etiam
651 1039 692 1059 ex

120 1071 190 1111 ipso
213 1072 372 1109 Homero,
402 1083 432 1103 v.
457 1084 484 1103 c.
510 1075 626 1115 odyss.
649 1087 690 1113 ω,

124 1127 187 1156 29¹
200 1127 268 1157 sqq.
284 1117 372 1148 Iliad.
384 1129 406 1158 χ
416 1141 424 1156 ,
442 1119 484 1149 86
498 1131 565 1161 sqq.
578 1121 618 1151 cf.
633 1122 691 1152 inf.

123 1165 170 1200 X,
191 1164 252 1201 557
271 1174 339 1204 sqq.
352 1172 386 1195 et
402 1175 460 1196 vss,
480 1176 521 1196 ex
534 1168 625 1197 Attio
641 1178 692 1207 ap.

124 1210 191 1239 Cic.
216 1212 311 1240 Tusc.
339 1213 403 1251 Qu.
429 1213 462 1248 Ι,
485 1218 539 1248 44.
555 1230 601 1237 —
616 1214 692 1249 486.

123 1256 225 1285 Locus
248 1257 506 1296 interpretatione
525 1260 581 1289 vix
600 1270 694 1300 expe—

123 1301 270 1331 diendus.
291 1303 417 1333 Servius
425 1303 581 1344 funerum
597 1316 694 1346 expo-

124 1348 187 1384 nit,
204 1347 235 1377 h.
256 1358 283 1378 e.
310 1359 396 1386 eam,
420 1350 460 1380 ad
480 1352 694 1397 quaxgssfunus

123 1395 279 1433 pertinet,
309 1396 397 1434 quasi
428 1396 601 1428 funeream.
626 1398 694 1428 Ad-

125 1439 207 1469 dunt
225 1440 277 1469 alii
291 1439 431 1480 fimet-as
447 1443 623 1482 producere
645 1454 694 1474 ca-

126 1485 258 1522 davera,
276 1486 425 1527 pra’ficas
451 1491 551 1528 sequi.
583 1491 694 1519 Gram-

126 1531 243 1560 matico
261 1532 404 1561 acumine
423 1531 516 1573 digna
535 1536 695 1574 antiquata

126 1587 191 1606 vox
203 1598 210 1611 ‚
228 1586 294 1606 non
315 1577 502 1608 Maroniaua
523 1579 694 1619 elegantia!

125 1622 213 1662 Quid
229 1622 316 1662 quod
337 1633 396 1652 nec
412 1624 499 1653 vocis
515 1625 696 1665 exemplum
711 1639 715 1642 ⁴

126 1675 228 1698 exstat
238 1690 247 1703 ‚
265 1669 324 1698 nisi
343 1679 383 1699 ex
399 1669 532 1700 lectione
547 1672 614 1701 Jos.
627 1673 697 1702 Sca-

127 1715 216 1756 ligeri
230 1714 262 1743 in
279 1716 374 1745 Ennii
387 1716 582 1757 epitaphium
596 1717 695 1747 illata:

129 1761 439 1804 necfimerajletmn
448 1762 555 1803 fit-rit.
575 1763 613 1793 cf.
633 1765 696 1793 Da-

127 1809 186 1838 vis.
204 1807 242 1836 ad
259 1808 326 1838 Cic.
341 1810 436 1838 Tusc.
447 1811 510 1850 Qu.
523 1812 552 1845 Ι,
573 1815 626 1849 49.
641 1811 699 1839 Lo-

129 1864 203 1882 cum
219 1864 284 1883 esse
303 1863 489 1896 corruptum
507 1855 616 1886 nullus
640 1855 699 1885 du-

127 1900 196 1929 bito
208 1921 216 1935 ‚
232 1907 325 1940 atque
339 1912 411 1931 eum
427 1903 509 1931 inter
523 1913 557 1932 ea
572 1912 637 1932 esse
653 1912 700 1931 re·

128 1945 291 1976 serendum
302 1958 430 1984 censeo,
442 1949 474 1978 in
484 1958 620 1988 quorum
631 1958 699 1977 cor-

131 1992 261 2032 rupit-lis
290 2004 399 2023 omncs
426 1995 550 2024 codices
573 1995 698 2033 conspi-

130 2046 199 2068 rant
211 2061 219 2073 ‚
246 2049 347 2079 eoque
379 2047 526 2070 testatum
560 2040 694 2073 faciunt,

128 2094 160 2111 sc·
180 2085 245 2112 istis
265 2084 546 2125 depravationibus
567 2087 699 2115 seriores

130 2142 194 2160 esse
211 2141 329 2161 omnes,
344 2149 389 2154 —
403 2134 468 2161 ,Vc-c
486 2140 516 2162 ee
531 2139 585 2162 ma
599 2131 698 2172 sune.-

129 2187 166 2206 να
184 2183 287 2206 mater
304 2177 450 2207 Proferri
465 2189 476 2206 .·
497 2185 531 2207 ut
550 2187 637 2207 nunc
656 2177 698 2207 lc-

743 663 940 708 miserere3
957 670 1098 710 tuoque
1262 671 1312 703 ⁴9⁵

738 796 824 836 gitur
835 817 843 831 ‚
862 796 941 825 ratio
954 796 1154 835 grammatica
1171 798 1310 837 accipere

738 843 782 871 sic
795 841 906 879 jubet,
928 848 965 870 ut
983 848 1038 870 cua
1051 841 1173 883 fimera
1194 843 1235 872 sit
1256 853 1308 883 ap-

739 889 878 928 positum
903 888 989 917 vocis
1009 894 1039 917 te
1049 899 1061 924 ;
1080 888 1199 918 scilicet
1214 888 1311 918 funus

742 934 886 971 ducitur,
898 933 1106 974 producitur,
1125 934 1266 974 adeoque
1280 942 1311 964 et

743 989 860 1021 corpus
877 990 884 1010 :
903 979 994 1021 friget
1010 987 1114 1010 tamen
1132 981 1180 1010 vel
1201 982 1245 1009 sic
1263 981 1310 1010 lo-

744 1037 799 1067 cus
815 1037 889 1056 cum
905 1027 1067 1056 cadavere.
1084 1026 1251 1057 Probabile
1268 1026 1312 1057 fe-

745 1074 865 1109 cimus,
895 1071 1065 1114 legendum
1088 1083 1152 1102 esse
1169 1071 1314 1113 βψω-ε,-

739 1129 798 1148 nec
823 1129 881 1159 ego
898 1118 994 1148 funus
1020 1125 1110 1148 tuum
1135 1118 1232 1156 du1i3
1251 1129 1311 1159 pro

739 1165 801 1195 hoc
817 1164 940 1194 doctius
959 1164 1080 1193 dictum
1098 1174 1106 1195 ι
1125 1175 1184 1194 nec
1196 1171 1226 1194 te
1238 1175 1311 1205 pro-

741 1210 962 1252 duxifimere.
986 1210 1038 1240 Ad
1062 1212 1250 1240 sententiam
1275 1211 1312 1241 il-

745 1256 940 1287 lustrandam
954 1256 1060 1286 laudat
1074 1267 1182 1286 versus
1199 1257 1314 1286 Ennia-

746 1314 806 1333 nos
817 1303 962 1334 Macrob.
977 1305 1038 1333 Sat.
1052 1304 1095 1332 VI
1104 1324 1112 1339 ‚
1130 1312 1147 1332 α
1158 1325 1166 1339 ,
1178 1312 1218 1332 ex
1232 1303 1318 1333 Cres·-

747 1349 868 1390 phonte
884 1359 893 1380 :
912 1359 1013 1389 neque
1036 1356 1154 1378 terram
1169 1347 1312 1388 injicere,

748 1406 850 1436 neque
879 1402 1009 1425 cruenta
1038 1394 1210 1424 convestire
1241 1393 1318 1424 milti

749 1452 882 1481 corpora
897 1441 1001 1476 licuit,
1023 1451 1082 1470 nec
1099 1440 1221 1470 miseroe
1234 1439 1316 1470 lave-

748 1497 782 1516 re
809 1487 953 1516 lact-mna
974 1486 1093 1516 salsum
1114 1485 1316 1526 sangninem.

749 1549 795 1554 —
806 1533 882 1567 488.
899 1534 990 1561 Veste
1004 1539 1125 1572 tegens.
1144 1533 1250 1561 Minus
1266 1532 1319 1561 be-

748 1587 789 1606 ne
804 1576 843 1606 de
858 1584 942 1606 veste
956 1577 1082 1606 funebri
1093 1600 1101 1613 ‚
1117 1575 1256 1618 ἐντάφιον
1270 1578 1316 1607 ὼ·-

750 1624 852 1659 citur,
870 1624 1009 1664 cogitant
1026 1625 1132 1663 Iutpp.
1147 1630 1177 1653 et
1192 1623 1332 1666 σπεῖρον.

750 1670 866 1699 Laertae
879 1679 894 1697 a
915 1669 1071 1709 Penelope
1093 1676 1238 1699 curatum
1254 1669 1319 1700 huc

750 1714 915 1745 advocant.
945 1716 991 1744 De
1023 1714 1082 1744 filii
1113 1714 1319 1745 adolescentis

751 1768 852 1790 morte
867 1767 966 1790 mater
987 1761 1132 1801 profecto
1154 1771 1219 1794 non
1233 1763 1319 1802 cogi-

752 1807 854 1843 tabat;
870 1805 924 1836 sed
939 1809 968 1837 ei
992 1814 1107 1837 vestem
1127 1807 1318 1837 ornatiorem

751 1852 890 1894 parabat.
901 1871 948 1876 —
958 1859 1036 1893 49¹·
1054 1853 1141 1887 Hoc,
1158 1851 1256 1883 scilic.
1271 1863 1319 1883 ca-

752 1907 829 1939 put,
849 1898 936 1940 quod
949 1907 1020 1929 aute
1042 1897 1153 1929 oculos
1170 1905 1235 1928 erat
1255 1900 1318 1929 suf-

752 1944 855 1974 fixum
884 1946 1000 1985 pertica
1034 1954 1063 1974 v.
1094 1944 1315 1985 465.-492.

752 1992 821 2020 Ηοι·
845 2001 911 2019 sum
930 1993 1063 2020 secuta?
1092 1997 1128 2020 ut
1156 1990 1232 2020 mihi
1261 1992 1316 2022 ali-

751 2035 878 2076 quando
911 2035 943 2065 id
968 2043 1047 2066 esset
1069 2036 1114 2065 sic
1135 2035 1317 2077 adspectan-

751 2081 846 2112 dum!
865 2083 931 2112 Nisi
947 2081 1005 2112 hoc
1028 2092 1087 2122 pro
1102 2092 1140 2112 eo
1151 2104 1159 2119 ,
1175 2091 1319 2123 propter-

751 2139 790 2158 ea
802 2151 809 2163 ,
829 2128 916 2158 malis
928 2129 1078 2169 accipere.
1095 2129 1199 2158 Funus
1214 2136 1319 2160 autem

754 2180 796 2215 49
805 2185 815 2204 ῐ
831 2181 876 2204 est
889 2173 1031 2211 cadaver,
1043 2181 1078 2205 ut
1092 2174 1165 2204 alibi
1177 2185 1316 2217 quoque.
