1414 2435
144 103 210 139 364

501 104 535 132 P.
561 99 744 132 'VIRGILII
767 100 804 130 Μ
809 99 963 132 ARONIS

139 159 334 208 Inritaque
350 166 553 207 expertum
572 156 714 194 fallacis
733 158 889 207 praemia
906 158 1030 208 vulgi,

141 217 347 267 Cecropius
367 218 493 255 suavis
513 218 708 267 exspirans
727 217 902 255 hortulus
921 230 1032 254 auras

139 279 324 317 Florentis
341 279 456 317 viridi
477 279 629 328 Sophiae
649 278 900 327 conplectitur
916 277 1071 326 umbra,

137 341 239 376 Num
257 352 341 377 mea
360 347 506 389 quaeret
523 352 569 376 co
589 339 746 389 dignum
766 338 839 375 sibi
859 352 1029 388 quaerere
1048 341 1220 377 carmen?

137 404 266 451 Longe
286 401 390 438 aliud
409 401 577 439 studium
596 408 710 449 atque
729 400 822 437 alios
839 400 1011 438 adcincta
1026 400 1192 449 labores,

136 461 259 499 Altius
280 462 328 499 ad
347 462 474 512 magni
495 460 692 511 suspendit
709 459 835 497 sidera
853 460 1005 507 mundi,

135 523 183 559 Et
201 522 383 572 placitum
404 522 537 572 paucis
557 534 648 558 ausa
668 530 724 558 est
741 520 970 558 adscendere
990 520 1122 557 collem
1140 536 1147 557 :

136 583 224 617 Non
243 589 370 618 tamen
393 581 571 617 absistam
591 589 757 630 coeptum
772 580 949 617 detexere
968 593 1115 618 munus.

136 645 181 679 In
201 654 277 692 quo
291 644 377 693 jure
395 655 496 679 meas
516 642 662 679 utinam
678 641 916 691 requiescere
935 644 1082 686 Musas,

135 705 184 739 Et
202 703 336 739 leviter
355 701 538 739 blandum
560 702 671 739 liceat
689 702 882 752 deponere
900 714 1056 738 morem.

138 761 273 808 *Quod
293 763 324 799 si
342 762 545 798 mirificum
561 763 734 810 proferre
754 763 881 799 valent
899 774 1016 811 genus
1036 773 1164 798 omnes

138 821 363 857 *Mirificum
380 821 500 866 saecli,
520 820 635 856 modo
655 819 703 856 sit
722 820 793 856 tibi
809 821 904 856 velle
921 819 1059 864 libid03

141 879 183 917 Si
201 893 261 916 me
276 881 355 929 jam
372 892 516 917 summa
536 878 728 928 Sapientia
746 887 926 928 pangeret
943 891 1046 925 arce3

141 941 317 984 Quatuor
336 938 502 986 antiquis
522 950 606 986 quae
626 937 832 973 heredibus
853 945 908 974 est
927 936 1014 973 data
1033 949 1202 983 consor-53

141 997 252 1034 Unde
271 998 468 1034 hominum
487 1007 634 1032 errores
652 996 762 1044 longe
782 997 930 1044 lateque
949 1008 1018 1045 per
1037 995 1166 1032 orbem

140 1055 366 1105 Despicere‚
386 1064 499 1104 atque
519 1053 671 1091 humilis
692 1066 839 1103 possem
859 1062 1098 1091 contemnere
1116 1068 1224 1093 curas
1242 1072 1249 1091 :

142 1117 230 1152 Non
250 1127 319 1164 ego
340 1123 376 1150 te
396 1114 507 1151 talem
528 1126 732 1150 venerarer
751 1126 906 1150 munere
924 1113 1006 1159 tali3

141 1175 227 1210 Non
248 1173 446 1223 equidem3
466 1173 639 1224 quamvis
655 1172 845 1211 interdum
863 1172 994 1211 ludere
1012 1172 1142 1218 nobis,

142 1334 268 1372 studiis,
289 1336 406 1377 quibus
422 1336 505 1378 apud
522 1337 634 1378 vulgus
657 1338 705 1367 in-

143 1382 312 1412 clarescere
327 1382 480 1422 voluerit,
500 1383 708 1424 philosophice

142 1428 272 1468 Epicuri
290 1439 419 1469 operam
442 1430 514 1459 dare
537 1431 589 1459 ait.
613 1430 708 1459 Color

143 1475 294 1504 orationis
322 1475 430 1505 similis
459 1483 505 1506 est
531 1476 708 1507 Catulliano

144 1521 277 1549 carmini
296 1523 400 1551 LXIV
420 1522 490 1551 Etsi
512 1533 562 1551 me
584 1521 710 1551 assiduo

143 1565 320 1606 confectum
347 1578 423 1596 cura
447 1568 555 1597 dolore
580 1569 712 1597 Sevocat

143 1622 164 1640 a
192 1611 307 1648 doctis,
340 1613 491 1649 Hortalo,
521 1613 709 1653 virginibus.

146 1657 243 1687 Vario
263 1669 372 1688 amore
390 1659 513 1695 lamlis;
531 1660 625 1688 variis
644 1671 709 1688 1111)-

144 1703 192 1733 dis
208 1715 242 1734 ac
258 1706 316 1735 viis
332 1705 455 1735 laudem
473 1713 501 1735 et
526 1705 637 1735 famam
657 1717 709 1735 ve-

144 1757 236 1780 natus
252 1758 327 1781 crat.
342 1769 388 1775 —
402 1753 432 1782 3.
452 1751 617 1792 Cecropius
639 1751 708 1781 hor-

144 1795 235 1827 tulus.
261 1799 390 1838 Epicuri
414 1805 530 1828 sectam
557 1809 591 1827 ac
618 1798 709 1827 disci-

143 1842 262 1881 plinam
280 1856 335 1884 per
358 1844 487 1874 hortum
509 1845 592 1883 ejus,
617 1856 709 1884 quem

144 1888 278 1919 Athenis
304 1890 431 1928 habuit,
454 1892 486 1920 111
511 1901 575 1931 quo
598 1890 710 1920 docere

144 1935 278 1970 solebat,
295 1937 444 1966 declarari
467 1938 676 1968 notissimum.

191 1981 292 2012 (3—8.
314 1986 418 2019 Musa,
435 1984 526 2021 cnjus
544 1993 659 2012 nomen
676 1984 709 2013 in

147 2029 307 2067 corruptis
332 2041 390 2060 vss.
417 2030 517 2070 quarti
544 2029 647 2058 verbis
665 2029 708 2058 la-

148 2078 211 2101 tere
224 2083 348 2104 neccsse
367 2082 428 2111 est,
455 2075 599 2104 accincta
621 2075 712 2104 aliud

147 2118 279 2148 studium
299 2129 328 2150 ec
342 2121 479 2156 labores,
499 2121 528 2151 11.
546 2132 572 2151 c.
592 2131 711 2161 aggres-

147 2173 177 2191 sa
205 2164 286 2193 alind
319 2167 473 2198 studium.
502 2166 711 2207 philosophiae

148 2209 261 2239 scilicet
280 2211 290 2249 ζ
304 2219 334 2240 111
355 2216 422 2245 Elin.
448 2214 503 2249 lV,
524 2213 586 2251 ³⁸93
607 2211 708 2253 magl-

760 1347 814 1367 cas
842 1337 971 1368 invitam
1003 1337 1166 1379 accingier
1195 1340 1329 1379 artes).

761 1384 921 1425 suspendit
933 1383 945 1424 (
957 1383 1007 1413 vel
1025 1395 1073 1420 se,
1089 1384 1122 1414 h.
1138 1395 1164 1414 e.
1181 1395 1330 1425 suspensa

762 1437 822 1468 est,
841 1441 994 1471 suspenso
1013 1431 1118 1460 animo
1138 1431 1329 1471 contempla-

762 1483 832 1513 tur,
850 1477 900 1506 vel
925 1487 991 1512 me,
1011 1484 1048 1506 ut
1069 1477 1176 1508 Julius
1197 1476 1330 1508 Sabinus

764 1523 887 1563 explet,
907 1530 977 1559 aut,
997 1523 1085 1562 quod
1107 1522 1237 1559 melius,
1262 1523 1330 1552 sub-

764 1568 887 1609 tendit)
907 1568 1003 1597 alcius
1025 1568 1073 1597 ad
1093 1569 1206 1609 magni
1225 1568 1329 1598 sidera

765 1614 890 1649 mundi,
910 1622 942 1643 cc
959 1624 1037 1643 ausa
1064 1621 1127 1649 esc,
1149 1614 1262 1644 collem
1277 1616 1329 1645 Sa·

763 1661 906 1700 pientiae,
932 1659 971 1689 ad
996 1670 1090 1700 quem
1114 1661 1208 1700 pauci
1230 1670 1328 1690 emer·

763 1713 858 1747 gunt,
879 1705 1067 1736 adscendere
1084 1716 1091 1736 :
1112 1706 1270 1736 absolvam
1287 1713 1330 1736 ta-

764 1762 836 1781 men
851 1759 991 1793 coeptum
1008 1763 1144 1782 carmen.

815 1804 854 1834 14
869 1816 914 1821 -
934 1805 987 1834 41.
1012 1800 1044 1829 Si
1068 1800 1101 1828 in
1123 1798 1330 1839 philosophia*

763 1844 869 1875 studio
893 1846 956 1883 jain
974 1845 1046 1874 satis
1069 1844 1329 1885 profecissem....,

764 1897 800 1920 ut
818 1892 916 1929 majus
934 1901 1060 1920 carmen
1079 1889 1118 1920 de
1143 1901 1247 1920 rerum
1275 1901 1328 1920 na-

765 1943 833 1966 tura
847 1937 1047 1967 conscribere
1063 1946 1185 1977 possem
1199 1945 1207 1966 :
1220 1935 1281 1966 hoc
1296 1938 1330 1966 ti-
1351 1933 1356 1936 ⁶

763 1982 796 2012 bi
811 1983 999 2013 dedicarem.
1013 1999 1060 2005 —-
1074 1982 1123 2011 15.
1138 1983 1219 2015 Arx.
1234 1993 1327 2023 qnam

763 2036 900 2068 quatuor
930 2029 1045 2058 summi
1072 2027 1253 2068 philosophi
1284 2036 1328 2058 te-

763 2082 857 2111 nent,
883 2074 986 2110 Plato,
1007 2074 1209 2112 Aristoteles,
1226 2075 1327 2111 Zeno,

762 2121 919 2160 Epicurus
934 2119 1013 2161 (pro
1031 2121 1157 2149 Zenone
1172 2119 1328 2161 Pythago-

762 2176 827 2194 ram
859 2171 980 2194 veteres
1012 2165 1198 2205 interpretes
1227 2166 1330 2196 nomi-

762 2210 872 2252 nant).
900 2212 972 2240 Arx
999 2211 1077 2241 data
1107 2219 1155 2241 est
1180 2222 1325 2246 consors,

1304 657 1332 672 10

1303 947 1333 970 15

1403 2212 1410 2299 ..an-fl

1404 2379 1411 2435 ...ι
1404 2315 1414 2374 ἕλ’
