1414 2435
594 68 716 98 LIBER
740 69 816 98 XII.

111 145 123 158 ιι
145 130 201 164 Nc
214 155 224 172 ,
244 139 389 177 quaeso,
409 138 456 161 ne
476 137 535 161 mc
554 124 718 161 lacrimis
731 152 740 169 ‚
760 137 856 161 ncvc
873 125 997 161 omine
1016 134 1121 162 tanto

111 191 342 237 prosequere
361 186 400 222 in
420 185 506 222 duri
526 185 731 221 certamina
745 185 880 221 Martis
900 195 1068 232 euntem,

112 250 145 284 O
163 255 303 293 mater3
323 259 446 295 neque
467 245 566 282 enim
586 247 717 281 Turno
735 256 842 280 mora
860 243 981 281 libera
1001 245 1144 282 mortis.

111 307 274 344 Nuntius
293 306 374 343 haec
392 306 526 342 Idmon
546 305 711 354 Phrygio
728 317 811 340 mea
831 304 931 341 dicta
951 313 1111 353 tyranno
1272 314 1302 346 75

111 366 222 402 Haud
240 365 426 415 placitura
443 365 544 401 refer
562 380 569 400 :
588 367 715 409 Quum
734 364 899 413 primum
915 365 1077 402 crastina
1097 365 1190 401 coelo

109 426 280 463 Puniceis
300 426 449 462 invecta
465 425 558 462 rotis
579 428 730 461 Aurora
749 423 938 470 rubescit,

108 489 194 523 Non
210 489 378 522 Teucros
399 493 484 534 agat
500 486 539 521 in
557 484 738 529 Rutulos3
760 486 949 521 Teucrum
972 498 1074 522 arma
1092 485 1302 534 quiescant,

110 549 156 582 Et
174 546 358 583 Rutulum
376 560 383 581 τ
404 553 535 581 nostro
552 544 772 580 dirimamus
792 545 973 594 sanguine
992 545 1146 582 bellum.

88 650 92 655 ᾖ
110 607 180 642 1110
196 614 388 655 quaeratur
402 606 541 654 conjux
560 604 716 640 Lavinia
736 616 882 654 campo.
900 621 915 636 n
1022 597 1025 599 ⁵
1272 613 1302 636 ss..

163 669 252 703 Haee
272 665 339 703 ubi
360 665 459 702 dicta
478 665 603 709 dedit,
617 664 848 713 rapidusque
866 665 903 700 in
925 673 1022 701 tecta
1041 664 1214 709 recessit,

112 726 232 763 Poscit
250 738 367 774 equos
379 754 389 772 ,
409 723 624 774 gaudetque
642 731 749 760 tuens
771 732 856 760 ante
875 736 942 759 ora
963 722 1175 768 frementis,

110 903 205 926 verat.
216 913 262 919 --
275 907 288 934 7
298 907 327 926 2.
345 896 459 926 Omine
475 902 565 925 tanto
575 907 588 932 ;
604 896 679 936 ipsis

108 943 242 972 lacrimis
268 944 419 972 ominosis
443 942 455 984 (
471 942 555 972 conf.
573 942 610 971 ad
628 945 679 973 Ti-

108 989 187 1019 buli.
205 991 220 1018 Ι
231 1012 239 1026 ,
262 990 278 1019 3
293 1012 301 1026 ,
321 988 382 1030 13)
398 990 433 1018 in
448 990 536 1019 exitu
550 988 587 1017 ad
601 999 680 1029 pug-

108 1045 192 1066 nam.
218 1038 350 1066 Prorsus
377 1035 415 1065 ad
442 1036 573 1065 Homeri
600 1035 678 1064 duc-

109 1088 178 1110 tum
200 1082 291 1113 Iliad.
310 1093 354 1120 ω,
382 1083 445 1111 218
460 1105 468 1118 ‚
490 1092 566 1121 219.
593 1081 676 1112 conf.

112 1127 200 1156 Iliad.
215 1126 249 1164 ζ,
269 1129 334 1164 486
353 1139 421 1169 sqq.
437 1130 486 1158 Ex
503 1129 678 1168 posteriore

110 1173 183 1202 Ioco
200 1180 232 1202 et
243 1184 283 1203 ex
298 1175 397 1204 altero
419 1175 584 1215 Apollonii
603 1174 678 1203 iude

112 1219 210 1248 ducto
227 1219 284 1249 lib.
302 1221 335 1256 Ι,
354 1221 418 1259 295
439 1231 525 1261 seqq.
546 1220 679 1250 illustra-

111 1272 164 1294 tur
189 1266 343 1295 sententia
360 1266 554 1295 verborum:
578 1277 680 1306 neque

111 1310 195 1340 enim
228 1313 333 1340 Turno
357 1322 447 1340 mora
471 1312 571 1340 libera
596 1323 678 1341 mor-

110 1357 167 1393 tis,
199 1359 223 1387 si
246 1368 330 1387 mors
355 1358 453 1387 fatalis
474 1359 587 1395 instat,
612 1369 678 1388 non

109 1403 244 1433 liberum
258 1403 336 1433 mihi
351 1410 396 1433 est
413 1405 441 1433 ei
456 1414 559 1433 moras
574 1405 679 1442 injice—

109 1460 152 1479 re.
169 1451 236 1480 Nisi
249 1450 301 1479 illa
315 1450 458 1490 exempla
471 1445 574 1480 essent
584 1472 591 1486 ,
606 1451 679 1480 sim-

107 1496 316 1536 plicissimum
347 1503 412 1526 erat
430 1519 438 1532 ‚
473 1503 608 1526 mortem
639 1496 677 1527 de

107 1553 230 1572 summo
242 1542 432 1579 discrimine,
447 1542 485 1571 ad
498 1542 585 1582 quod
598 1553 676 1583 pug-

107 1598 146 1617 na
179 1588 376 1626 adducebat,
406 1590 548 1629 accipere
569 1599 577 1620 :
608 1599 675 1618 non

105 1634 169 1671 jam
198 1634 272 1664 licet
307 1634 480 1664 detrectare
514 1645 653 1676 pugnam
666 1658 674 1671 ,

107 1679 158 1708 vel
176 1687 277 1709 morte
295 1686 378 1710 certa
398 1687 470 1710 ante
493 1681 604 1711 oculos
619 1692 674 1721 po-

107 1726 174 1755 sita.
201 1723 318 1755 Verior
341 1726 438 1765 igitur
469 1727 562 1756 altera
587 1728 673 1767 apud

106 1772 250 1801 Servium
275 1772 378 1802 ratio:
401 1782 503 1812 neque
532 1772 616 1801 enim
640 1772 672 1802 in

101 1825 259 1857 potestate
288 1828 360 1847 mea
390 1825 453 1853 est,
481 1828 601 1847 moram
631 1818 674 1847 in-

97 1863 187 1905 sene
203 1863 403 1894 venientibus
410 1864 507 1905 finis.
525 1865 575 1893 Sic
594 1874 673 1903 quo-

105 1921 167 1950 que
183 1911 291 1941 Julius
305 1910 449 1941 Sabinus.
459 1910 561 1948 —76.
579 1910 675 1939 Hand

102 1956 264 1996 placitura
276 1964 422 1998 tanquam
434 1958 548 1997 ignavo
557 1958 672 1992 AEueae,

107 2004 163 2042 qui
186 2010 354 2033 retractare
382 2003 477 2033 vellet
503 2003 584 2032 dicta
596 2025 603 2039 ‚
637 2010 673 2032 nt

107 2058 177 2089 sup.
187 2060 218 2080 v.
232 2060 244 2079 1
256 2060 283 2087 1,
296 2061 308 2080 x
317 2061 347 2081 2.
359 2067 406 2073 —
417 2050 471 2088 78.
481 2050 673 2089 Comparant

108 2093 196 2125 Iliad.
209 2106 243 2139 γ,
260 2097 300 2126 68
316 2107 384 2137 sqq.
395 2113 442 2119 —-
455 2097 509 2127 80.
523 2096 672 2127 Praeclare

107 2139 184 2171 haec.
198 2142 280 2172 Hinc
295 2145 412 2173 Lucan.
428 2145 508 2179 VII,
526 2142 589 2178 348
606 2153 670 2172 me-

107 2185 159 2215 dio
171 2187 274 2226 posuit
285 2189 362 2219 dens
378 2188 485 2219 omnia
500 2199 624 2229 campo,

782 896 836 931 81,
863 895 1076 936 Trepidusque
1101 897 1227 937 Meuag.
1253 907 1301 936 pr.

733 941 793 971 Sed
807 953 871 982 que
884 942 997 971 inutile
1012 949 1057 972 est
1074 952 1155 971 onus
1165 965 1173 979 ‚
1191 952 1227 971 ac
1244 943 1303 972 ful-

735 998 823 1017 crum
855 999 973 1018 versus.
1001 988 1194 1018 Tollendum
1223 989 1304 1018 arbi-

734 1041 811 1064 tror.
846 1034 1012 1065 Sublatum
1041 1045 1168 1074 quoque
1201 1035 1304 1064 voluit

734 1081 972 1121 Cuninghamus
981 1103 989 1118 ‚
1003 1087 1033 1110 et
1046 1081 1175 1111 sustulit
1185 1082 1305 1110 Brunc-

731 1126 814 1157 kius.
835 1144 883 1150 ·——
907 1128 946 1156 81
977 1137 1046 1167 sqq.
1072 1128 1125 1157 An
1149 1129 1261 1163 Maro,
1277 1130 1303 1157 si

732 1180 898 1203 retractare
910 1173 1051 1203 licuisset
1069 1184 1195 1203 carmen
1207 1196 1214 1210 ‚
1230 1184 1303 1214 pro-

732 1219 864 1248 baturus
879 1219 988 1248 fuisset
1000 1230 1068 1248 eam
1077 1221 1300 1256 narrationem,

733 1275 804 1305 quae
817 1266 976 1305 sequitur,
996 1265 1120 1295 dubito.
1138 1268 1240 1295 Locus
1257 1275 1303 1296 est

733 1322 789 1351 per
804 1321 836 1340 se
853 1311 1118 1351 elegantissimus,
1139 1311 1176 1340 ad
1196 1323 1300 1342 exem·

733 1357 784 1397 pla
805 1363 946 1386 veterum
961 1357 1094 1387 heroum
1112 1359 1300 1388 armantium

732 1413 763 1432 se
779 1410 1002 1443 attemperatus
1013 1426 1020 1440 ‚
1039 1404 1184 1443 inprimis
1204 1404 1241 1433 ad
1257 1405 1303 1434 lo-

732 1459 806 1478 cum
825 1449 863 1478 de
883 1449 1008 1479 Achille
1026 1450 1118 1479 armis
1138 1450 1303 1480 Vulcaniis

730 1495 845 1526 induto
874 1495 964 1526 Iliad.
987 1506 1024 1532 τ,
1054 1496 1131 1534 367.
1158 1496 1217 1526 Sed
1245 1498 1301 1527 vix

730 1542 854 1582 placere
869 1548 973 1582 potest
984 1564 992 1578 ‚
1007 1541 1095 1582 quod
1109 1544 1257 1572 Turnum
1271 1551 1303 1573 et

729 1590 860 1618 AEneam
874 1588 940 1617 haec
959 1589 1065 1618 omnia
1081 1588 1182 1618 facere
1195 1597 1303 1620 narrat

729 1633 800 1671 die,
826 1645 880 1664 seu
898 1645 1051 1675 vespere,
1079 1634 1135 1676 qui
1152 1646 1301 1677 pugnam

730 1680 900 1711 antecedit.
925 1680 1036 1710 Induit
1059 1691 1161 1718 arma,
1189 1688 1227 1710 ut
1249 1692 1301 1711 ex-

730 1727 852 1766 ploret,
878 1737 917 1756 an
939 1727 1081 1756 humeris
1103 1734 1174 1766 apte
1200 1727 1302 1756 inhae-

728 1779 817 1801 reant
828 1795 836 1808 ‚
856 1773 1020 1812 experitur
1038 1772 1158 1801 hastam
1172 1779 1245 1809 etc„
1263 1779 1301 1802 ut

729 1819 843 1847 iterum
862 1824 977 1854 exuat,
1002 1825 1034 1847 et
1058 1828 1089 1846 se
1116 1819 1214 1858 quieti
1237 1818 1298 1849 det.

726 1865 806 1893 Nam
831 1864 975 1903 sequitur
1001 1873 1046 1894 vs,
1076 1865 1138 1893 113
1169 1866 1301 1894 Postera

729 1908 790 1937 ‘vix
822 1919 958 1938 summos
991 1914 1051 1939 etc.
1085 1911 1162 1940 Non
1194 1917 1298 1941 tamen

727 1966 917 1995 quemquam
930 1955 998 1984 haec
1011 1955 1180 1986 offendisse
1194 1957 1298 1987 video.

727 2002 800 2032 'Non
819 2001 898 2031 male
915 2001 1009 2038 dicas,
1030 2001 1181 2032 declarari
1198 2013 1213 2033 a
1228 2013 1299 2044 poc-

728 2054 757 2077 ta
783 2058 942 2077 summum
973 2047 1118 2078 ardorem
1139 2050 1240 2079 Turni
1268 2057 1299 2079 et

726 2105 840 2135 pugnae
861 2094 1013 2125 studium.
1042 2097 1138 2126 Recte
1162 2096 1296 2136 utique;

727 2141 823 2170 modo
843 2151 882 2170 ne
903 2141 1042 2171 animum
1066 2142 1136 2182 quis
1160 2141 1198 2171 ad
1220 2149 1298 2171 tem-

728 2189 812 2228 poris
828 2187 1022 2218 notationem
1039 2187 1191 2218 retulerit.
