1414 2435
601 64 723 97 LIBER
747 66 805 97 lx.
1260 72 1302 98 ff,

108 120 157 157 Ni
176 123 326 158 Turnus
345 120 453 158 cedat
468 123 704 159 Teucrorum
721 123 907 161 moenibus
925 124 1018 163 altis.
1256 136 1308 158 δεῖ

109 182 210 230 Ergo
228 194 298 218 nec
315 182 448 231 clypeo
462 182 613 232 juvenis
633 183 837 221 subsistere
854 193 1017 232 tantum,

109 242 188 276 Nec
205 241 338 278 dextra
356 243 456 279 valet
473 258 481 278 :
500 243 646 292 injectis
664 245 716 281 sic
734 244 902 295 undique
923 247 1004 283 telis

108 300 309 338 Obruitur.
332 304 474 352 Strepit
495 303 654 340 adsiduo
675 318 767 341 cava
786 315 959 355 tempora
979 306 1120 343 circum

106 361 262 399 Tinnitu
280 363 402 413 galea,
424 373 460 400 et
480 365 578 401 saxis
598 365 720 402 solida
739 379 813 402 aera
833 367 1029 414 fatiscunt3

107 421 370 472 Discussaeque
386 423 490 474 jubae
510 425 643 474 capiti3
664 439 733 462 nec
753 426 891 463 sufficit
910 427 1026 463 umbo
1259 438 1306 459 διο

106 481 268 529 Ictibus;
290 483 520 533 ingeminant
538 484 655 521 hastis
675 495 712 522 et
727 489 863 533 Troes,
881 495 919 524 et
938 488 1018 536 ipse

105 543 324 581 Fulmineus
344 544 565 582 Mnestheus
587 560 595 581 τ
617 553 697 582 tum
717 555 797 583 toto
818 560 979 597 corpore
998 548 1116 585 sudor

107 602 303 651 Liquitur‚
324 613 361 640 et
380 604 553 654 piceum,
569 618 639 641 nec
661 606 849 655 respirare
866 615 1032 655 potestas
1044 635 1054 652 ‚

107 661 264 698 Flumen
284 663 379 712 agit3
400 664 516 700 fessos
535 664 657 714 quatit
677 678 763 701 acer
783 664 969 701 anhelitus
990 673 1105 701 artus.

106 722 203 756 Tum
224 721 377 758 demum
395 736 564 772 praeceps
583 724 681 760 saltu
698 737 778 761 sese
798 723 973 760 omnibus
993 724 1107 760 armis
1257 736 1304 757 sc.

107 884 291 915 Villebnme
306 884 345 914 ad
357 886 470 916 Silium
486 887 517 923 Ι,
539 896 551 915 1
562 887 600 916 13
619 886 681 916 sibi

105 932 182 962 velit
202 940 210 961 ε
234 944 250 956 κ
267 933 365 968 Dicta
381 932 496 972 Virgil.
514 934 577 969 IX,
596 933 679 970 804,

106 978 164 1008 ubi
182 986 293 1008 contra
312 977 410 1008 fidem
429 978 574 1008 codicum
598 990 679 1009 non-

107 1025 190 1054 nulli
203 1024 425 1066 leguntjussa.
440 1039 456 1050 >›
475 1042 521 1047 —
537 1025 613 1055 805.
636 1025 682 1055 Νἰ

111 1072 233 1100 Turnus
244 1072 352 1107 cedat,
369 1070 489 1111 pendet
502 1070 565 1100 nisi
576 1082 593 1100 a
607 1082 678 1102 voc.

107 1115 197 1145 hand
213 1117 342 1153 mollia,
361 1117 456 1153 dura,
469 1118 680 1147 minantia.—

109 1163 175 1192 806
191 1173 258 1203 sqq.
273 1165 391 1193 Totum
409 1163 516 1192 locum
533 1174 598 1193 esse
614 1165 680 1194 Ho-

106 1210 261 1238 mericum
288 1215 442 1238 notarunt
465 1219 585 1239 omnes.
604 1211 679 1248 Aja-

108 1265 177 1284 cem
192 1265 232 1284 ex
250 1254 340 1285 Iliad.
357 1266 382 1284 π
393 1277 401 1291 ,
423 1265 485 1284 102
501 1266 568 1294 sqq.
586 1256 682 1285 refert

108 1303 238 1331 Turnus
255 1310 263 1331 :
281 1308 312 1331 et
328 1307 374 1330 est
394 1301 485 1330 locus
508 1301 586 1329 alter
607 1312 681 1330 cum

107 1347 207 1377 altero
219 1347 461 1388 comparandus.
483 1346 544 1377 Sed
561 1348 595 1376 in
611 1358 681 1377 ver-

107 1393 225 1423 borum
247 1394 442 1423 ornamentis
464 1393 565 1423 multa
586 1394 679 1423 Maro

108 1441 228 1480 accepit
241 1440 280 1469 ab
294 1441 410 1476 Ennio,
424 1440 480 1479 qui
493 1440 680 1470 Homericos

107 1496 217 1515 versus
230 1487 295 1524 jam
314 1493 386 1515 ante
400 1492 606 1525 expresserat.
622 1488 682 1516 Lo-

107 1542 182 1561 cum
210 1542 251 1562 ex
281 1532 397 1562 Annal.
429 1533 492 1561 XV
517 1531 682 1572 adscripsit

108 1577 256 1608 Macrob.
269 1580 316 1608 VI
333 1580 394 1608 Sat.
414 1579 431 1607 3
453 1577 601 1618 dignum,
625 1579 682 1618 qui

108 1623 160 1653 hic
175 1634 304 1664 quoque
321 1624 444 1665 legatur
461 1633 469 1654 2
487 1625 523 1653 in
537 1624 621 1654 bello
636 1626 680 1654 Is-

109 1670 191 1699 trico
213 1680 341 1699 versans
362 1677 456 1710 poeta
479 1681 619 1710 pugnam
636 1672 681 1700 Is-

109 1722 234 1746 trorum
253 1726 327 1745 cum
350 1715 451 1746 Coelio
465 1716 612 1746 Tribuno
626 1716 680 1746 de-

109 1761 290 1792 scribebat:
309 1761 456 1801 Undique
472 1762 677 1798 conveniunt,

111 1809 205 1838 velut
218 1807 324 1844 imber,
342 1808 407 1837 tela
424 1807 558 1837 Tribuno
571 1819 582 1836 .·
598 1808 682 1838 Con-

99 1854 212 1897 figunt
216 1865 369 1895 parmam
380 1866 392 1890 ;
408 1853 506 1883 tinnit
517 1852 681 1884 hastilibus

111 1901 223 1937 umbo;
240 1902 356 1931 AErato
368 1899 472 1929 sonitu
482 1899 610 1941 galea&
625 1900 684 1930 sed

113 1957 172 1976 nec
183 1954 262 1987 pote
279 1947 447 1987 quisquam
469 1945 612 1986 Undique
633 1946 679 1976 1ιὶ-

111 1993 208 2023 tendo
231 2004 342 2034 corpus
362 1992 546 2035 (Tribuni)
565 1992 680 2022 discer-

109 2049 186 2078 pere
192 2039 297 2080 fi‘rro.
317 2041 449 2079 Semper
467 2038 680 2068 abundameis

111 2083 222 2115 hastas
224 2085 417 2128 frangitque
434 2084 609 2125 quatitque.
624 2087 679 2115 To-

110 2137 177 2161 tum
185 2131 283 2162 sudor
289 2131 385 2161 habet
392 2141 503 2171 corpus
510 2143 522 2167 ,·
534 2131 679 2161 multum-

109 2187 171 2217 que
194 2177 341 2214 laborat.·
360 2179 428 2209 Nec
449 2176 630 2218 respirandi
633 2177 680 2220 fic

734 886 826 927 copia
845 897 855 916 :
874 886 1119 928 pra’petefierro
1142 887 1217 917 [ειν-ί
1239 889 1304 918 tela

735 944 833 962 manu
842 933 993 974 jacientis
1007 933 1232 965 sollicitabant.
1250 937 1306 964 Oc-

734 980 883 1009 cumbunt
904 979 998 1009 multi
1011 980 1074 1008 leto
1084 979 1239 1020 ferroque
1254 981 1303 1010 la-

727 1026 844 1066 pique,
865 1027 932 1055 Aut
946 1025 1030 1054 incra
1049 1036 1162 1055 moeros
1177 1034 1234 1056 auc
1249 1037 1304 1056 ex-

734 1079 784 1101 tra
807 1071 948 1112 praecipe
984 1082 1069 1101 casu.
1102 1074 1207 1111 Quem
1237 1073 1306 1102 talis

733 1125 826 1158 poeta
840 1118 1016 1158 praecessit,
1032 1118 1156 1157 qualem
1177 1117 1229 1147 hic
1243 1120 1305 1148 En-

733 1165 824 1193 nium
841 1163 1002 1199 videmus,
1019 1174 1092 1192 eum
1106 1164 1140 1193 in
1155 1165 1307 1194 orationis

733 1216 848 1238 ornatu
863 1210 989 1249 poetico
1011 1209 1049 1238 ad
1071 1220 1229 1239 summum
1248 1222 1305 1251 po-

734 1255 830 1284 tuisse
851 1256 1018 1295 pervenire
1041 1255 1221 1285 mirandum
1239 1267 1306 1286 nou

733 1308 789 1331 est.
805 1302 893 1337 Jam,
910 1300 1052 1338 cuilibet,
1067 1309 1227 1341 comparet
1239 1303 1308 1331 imi-

734 1353 865 1376 tatorem
881 1346 975 1375 alium
985 1368 993 1382 ‚
1007 1348 1141 1376 Statium
1156 1349 1188 1376 II
1204 1348 1305 1378 Theb.

732 1394 766 1422 in
791 1392 903 1434 Tydeo
928 1391 1050 1422 insidiis
1078 1393 1307 1424 Thebanorum

734 1449 884 1480 oppresso
902 1439 963 1476 527
983 1449 1063 1478 sqq„
1081 1439 1145 1468 602
1163 1450 1208 1479 sq.
1225 1447 1255 1469 ct
1268 1441 1307 1481 qd

733 1485 820 1515 hunc
838 1485 946 1515 locum
973 1485 1038 1514 668
1066 1496 1134 1526 sqq.
1158 1502 1205 1509 —-
1229 1486 1306 1517 806.

738 1534 875 1561 Tantum
889 1530 1007 1567 --51'c;
1021 1542 1080 1572 pro
1095 1531 1233 1572 vulgari,
1249 1543 1307 1562 nec

734 1578 846 1618 clypeo
857 1600 865 1612 ‚
883 1579 1044 1618 excipiens
1060 1577 1119 1607 tela
1129 1600 1138 1615 ,
1159 1588 1217 1608 nec
1230 1578 1307 1608 dex-

734 1632 800 1660 tra,
821 1634 966 1665 pugnans
983 1634 1075 1661 ense,
1098 1624 1171 1654 satis
1195 1624 1305 1654 subsis-

734 1678 818 1706 tere,
845 1681 933 1700 nunc
952 1671 1111 1707 resistere,
1131 1668 1303 1708 ὑποςῆναι,

734 1723 851 1746 statum
876 1723 999 1753 tenere,
1027 1716 1110 1745 valet
1134 1724 1142 1745 ε
1166 1732 1212 1738 -
1228 1716 1307 1746 adeo

734 1762 883 1792 obruitur
900 1762 980 1792 telis.
990 1779 1037 1784 --
1048 1762 1125 1801 809.
1142 1761 1308 1791 Faliscum

734 1818 815 1842 oera,
836 1806 954 1837 cedunt
967 1807 1101 1843 ictibu53
1115 1807 1200 1848 galea
1210 1831 1218 1846 ‚
1232 1819 1306 1837 nam

735 1853 774 1882 de
789 1853 848 1882 hac
868 1854 986 1893 agitur,
1004 1854 1067 1893 agit
1088 1853 1198 1891 rimas,
1216 1865 1303 1883 rum-

733 1900 831 1939 pitur.
849 1899 888 1928 cf.
905 1897 944 1928 ad
960 1899 1077 1939 Georg.
1095 1900 1126 1935 1,
1146 1900 1230 1936 1803
1248 1901 1305 1929 ita-

733 1956 795 1985 que
820 1955 893 1974 cum
913 1944 1030 1974 dilectu
1057 1944 1213 1982 adjectum
1238 1947 1303 1985 epi-

733 1991 863 2027 theton,
893 1990 1006 2021 solida.
1034 2007 1081 2013 ——-
1101 1991 1178 2022 813.
1202 1991 1305 2020 Sudor

727 2037 853 2078 piceum
872 2036 1001 2079 flumen
1029 2036 1120 2078 agiu
1147 2036 1209 2067 hoc
1238 2044 1303 2073 est,

731 2083 906 2113 sordidum.
935 2083 1061 2114 Servius
1073 2105 1080 2119 ,
1108 2083 1238 2123 pulvere
1273 2091 1303 2112 ct

731 2140 855 2160 cruore.

780 2177 796 2206 8
806 2177 856 2206 15.
868 2175 943 2206 Vid.
958 2186 1052 2217 supra
1066 2174 1102 2205 ad
1118 2175 1212 2212 hujus
1227 2174 1299 2204 libri

1101 2238 1140 2273 b..
