1414 2435
567 104 675 135 COPA
681 127 688 134 .

89 163 204 197 Parce
224 160 294 206 illi;
314 168 481 196 vestrum
501 158 676 196 delicium
696 170 751 198 est
769 161 905 198 asinus.

40 221 150 256 Nunc
169 229 280 256 cantu
299 218 434 256 crebro
454 229 635 268 rumpunt
655 220 808 258 arbusta
827 220 964 257 cicadae
983 236 990 255 ε

91 283 201 317 Nunc
219 281 331 317 etiam
349 280 388 316 in
408 280 530 329 gelida
549 280 637 317 sede
656 281 796 318 lacerta
812 282 914 318 latet.

43 340 83 377 Si
101 340 217 390 sapis,
237 341 367 377 aestivo
386 340 570 377 recubans
591 350 627 377 te
646 341 780 390 prolue
798 341 917 386 vitro;

92 401 169 436 Seu
188 399 244 435 vis
264 400 438 448 crystallo
458 400 557 437 ferre
576 412 694 436 novos
715 400 858 436 calices.
1199 408 1229 432 30

43 458 110 495 Eia
127 471 194 508 age
213 459 412 509 pampinea
432 460 548 496 sessus
569 459 760 508 requiesce
780 459 850 496 sub
873 460 1022 506 umbra;

95 521 141 555 Et
163 519 360 568 gravidum
380 532 489 557 roseo
506 528 613 556 necte
633 527 746 568 caput
766 520 955 570 strophio;

44 577 213 615 Candida
231 579 403 616 formosae
422 579 601 628 decerpes
622 591 688 615 ora
707 578 854 628 puellae.

95 637 172 675 Ah!
193 647 340 688 pereat,
361 639 422 675 cui
440 647 526 676 sunt
543 637 666 688 prisca
683 638 902 688 supercilia!

46 697 148 744 Quid
165 699 282 735 cineri
301 699 449 748 ingrato
468 710 596 735 servas
615 697 712 734 bene
731 698 870 735 olentia
888 701 1008 736 serta?
1202 707 1231 730 3⁵

96 762 204 795 Anne
225 768 405 795 coronato
422 758 479 794 vis
498 758 623 808 lapide
640 758 711 794 ista
729 758 826 807 legi?

47 821 147 854 Pone
167 831 312 854 merum
331 827 368 854 et
387 818 492 854 talos.
511 820 685 862 Pereant‚
705 817 770 866 qui
787 817 948 854 crastina
967 822 1115 855 curant!

101 880 206 914 Mors
224 889 354 913 aurem
372 877 512 913 vellens
532 891 540 913 ε
561 876 704 923 Vivite,
725 876 794 924 ait,
812 876 935 913 venio.

98 1003 152 1033 26.
171 1004 201 1030 V
200 1008 275 1032 estoe
293 1000 459 1038 delicium,
483 1003 524 1033 Is.
540 1004 618 1032 Vos-

51 1051 90 1079 sii
116 1049 375 1088 elegantissimam
407 1048 618 1086 conjecturam

54 1094 256 1134 amplectitur
271 1103 398 1134 quoque
419 1095 527 1124 Burm.
542 1095 621 1123 Ves-

54 1147 118 1170 tam
145 1146 176 1169 et
200 1138 344 1179 Cybelen
371 1139 560 1179 permutari,
587 1141 622 1169 in

55 1185 166 1216 eodem
178 1185 250 1214 loco
264 1184 397 1214 obvium
416 1191 472 1214 est.
486 1185 551 1214 Nec
567 1185 622 1214 ab-

55 1231 149 1262 surde
167 1237 272 1260 tamen
291 1230 455 1260 Gallorum
474 1230 623 1260 delicium

54 1277 190 1307 habetur
205 1277 326 1314 asinus,
351 1287 425 1306 cum
441 1278 533 1306 tacita
553 1276 624 1307 libi-

58 1323 140 1353 dinis
158 1322 414 1362 exprobratione.

105 1370 160 1399 28.
183 1369 276 1398 Nunc
291 1379 388 1404 vere,
406 1368 457 1398 vel
477 1379 571 1405 vero,
590 1369 624 1398 in

57 1415 127 1452 lib.‚
136 1413 222 1444 unde
232 1415 340 1444 Heius.
352 1415 434 1452 conj.
447 1416 542 1444 Nunc
552 1425 626 1444 ver-

60 1472 105 1491 na
124 1460 156 1490 in
178 1459 289 1502 gelicla
306 1470 378 1499 sepe
397 1460 518 1490 lacerta
537 1460 626 1490 latet.

59 1508 168 1537 Burm.
184 1516 260 1535 vero
277 1507 371 1535 Nunc
387 1505 501 1535 ‘viridis
515 1505 628 1547 gelida

60 1564 133 1593 sepe
151 1553 173 1582 l.
189 1552 210 1582 I.
228 1554 329 1581 Immo
345 1552 411 1592 lege
428 1561 435 1581 :
455 1545 559 1581 Νιιιιὲ
568 1562 629 1580 να-

60 1599 110 1628 ria
129 1598 162 1628 in
179 1597 289 1639 gelida
308 1608 381 1637 sepe
399 1597 520 1627 lacerta
541 1597 627 1628 latet.

60 1647 101 1675 Et
115 1644 177 1674 hoc
197 1654 284 1673 nunc
298 1643 392 1673 video
411 1643 525 1674 diserte
539 1643 628 1673 exhi-

61 1691 136 1720 bere
150 1699 206 1718 ms.
223 1688 396 1719 Helmstad.

111 1737 165 1765 32.
192 1734 369 1773 Strophium
390 1745 448 1774 pro
471 1735 549 1764 vitta
574 1744 631 1764 seu

63 1782 173 1817 fascia,
200 1781 251 1810 cui
279 1781 489 1810 innectuntur
519 1780 629 1817 flores,

65 1828 206 1867 adeoque
221 1837 280 1866 pro
296 1833 389 1857 serto.

114 1874 167 1904 33.
185 1875 362 1913 Decerpcns
381 1871 446 1902 duo
459 1871 564 1909 codd.,
580 1872 633 1901 sic-

671 1012 733 1042 que
746 1000 918 1031 Helmstad.
934 1011 990 1031 ms.
1004 1003 1184 1032 Formosum
1197 1010 1237 1032 te-

673 1058 758 1077 nerae
780 1047 969 1087 decerpens;
992 1048 1044 1078 alii
1068 1059 1140 1078 cum
1165 1048 1236 1078 edd.

674 1100 738 1123 ant.
754 1094 918 1123 Formosus
936 1101 1053 1123 eenerae
1069 1094 1214 1135 decerpes
1229 1106 1239 1123 :

673 1139 735 1169 hoc
754 1140 913 1169 revocavit
927 1139 1125 1171 Wernsdorf.

724 1186 779 1219 34.
792 1184 919 1220 Prisca,
936 1186 1040 1225 qualia
1059 1186 1146 1216 fuere
1162 1187 1242 1226 pris-

676 1241 786 1260 corum
799 1230 982 1268 hominum,
996 1242 1118 1269 severa,
1133 1233 1244 1269 tristia,

677 1276 826 1313 adducta,
837 1284 873 1306 ut
887 1276 965 1306 adeo
980 1277 1060 1307 bene
1075 1278 1244 1307 lectionem

676 1322 758 1352 hanc
772 1329 898 1352 tueatur
910 1324 1083 1353 Burmann.
1095 1324 1245 1353 adversus

678 1369 821 1398 virorum
849 1368 1017 1399 doctorum
1050 1376 1225 1399 commenta
1236 1392 1245 1407 ,

678 1422 709 1444 et
733 1412 894 1444 Leidensis
917 1414 1034 1444 codicis
1051 1415 1220 1445 lectionem
1237 1425 1244 1445 :

679 1460 783 1499 crispa
802 1460 980 1500 supercilia.
995 1462 1056 1491 Ms.
1072 1460 1246 1491 Helmstad.

681 1505 732 1536 ΛΙι
745 1513 897 1545 pereant,
922 1506 1034 1546 quibus
1057 1505 1125 1537 Ιιιτε
1138 1506 1247 1546 prisca

681 1551 859 1591 supercilia.

731 1598 784 1634 37.
816 1600 906 1627 Pone
941 1608 1060 1628 merum
1095 1605 1127 1628 et
1155 1599 1247 1628 calos.

682 1645 756 1673 Haec
773 1644 918 1674 invitatio
935 1644 973 1673 ad
988 1645 1060 1673 vina
1076 1651 1106 1673 et
1119 1644 1248 1680 ludum,

682 1700 752 1730 quae
777 1688 866 1719 decet
888 1691 1017 1730 Epicuri
1039 1689 1250 1730 discipulum,

683 1737 736 1765 cui
770 1735 912 1775 voluptas
941 1745 1099 1764 summum
1128 1735 1250 1764 bonum

683 1787 745 1817 est,
767 1781 887 1820 ubique
906 1782 939 1810 in
959 1781 1081 1810 Horatii
1103 1781 1247 1810 carmini-

684 1827 745 1856 bus
766 1828 923 1864 occurrit,
947 1834 977 1856 et
1001 1827 1171 1867 elegantius
1194 1837 1246 1856 ex-

685 1883 799 1913 pressa.
