1414 2435
586 112 709 143 LIBER
735 114 808 143 XII.
1238 114 1300 142 303

106 172 273 209 Exitium
291 171 416 208 dirum
432 170 539 206 hasta
560 170 702 217 ferens,
722 184 884 221 orasque
904 171 1065 209 recludit

105 233 266 277 Loricae,
289 241 325 268 et
342 230 466 280 clypei
485 239 674 268 extremos
694 231 947 282 septemplicis
969 232 1089 279 orbis;
1253 240 1301 271 025

106 294 177 328 Pet·
195 290 362 328 medium
379 289 541 328 stridens
562 291 695 328 transit
715 291 838 328 femur
857 307 865 328 :
886 291 1019 328 incidit
1038 292 1135 328 ictus

106 353 242 400 Ingens
261 350 308 387 ad
328 360 468 388 terram
488 350 681 401 duplicato
700 352 845 402 poplite
863 354 1025 388 Turnus.

107 413 349 461 Consurgunt
365 411 508 461 gemitu
523 412 675 458 Rutuli,
694 421 872 462 totusque
894 412 1056 462 remugit

106 473 218 507 Mons
236 472 396 518 circum,
417 479 454 509 et
472 484 607 509 vocem
626 472 699 510 late
719 485 875 510 nemora
895 473 970 510 alta
988 472 1198 508 remittunt.

106 531 173 568 Ille
189 532 342 570 humilis
357 533 596 583 supplexque
611 533 741 570 oculos
756 533 1005 583 dextramque
1023 539 1240 583 precantem
1256 538 1305 570 9³0

107 591 356 638 Protendens,
378 610 393 625 α
413 592 600 642 Equidem
619 593 761 639 merui,
779 607 849 630 nec
870 593 1073 643 deprecor,
1093 590 1216 640 inquit
1224 604 1236 635 ς

107 653 225 688 Utere
245 659 346 689 sorte
365 661 430 689 tua
450 667 458 688 ε
479 653 608 690 miseri
627 662 663 690 te
683 653 714 690 si
732 666 807 703 qua
824 653 992 704 parentis

108 713 278 760 Tangere
299 725 391 749 cura
406 721 549 763 potest3
570 726 657 760 oro,
679 714 750 751 fuit
771 723 809 752 et
830 714 900 751 tibi
919 714 1002 751 talis

110 769 292 808 Anchises
311 772 479 820 genitor,
500 774 626 810 Dauni
645 775 824 811 miserere
844 782 1022 818 senectae;

110 833 156 867 Et
175 844 251 877 me,
272 845 338 868 seu
358 845 496 882 corpus
514 833 718 882 spoliatum
737 834 878 870 lumine
898 833 1035 878 mavis,
1260 838 1307 870 9³5

110 890 240 927 Redde
259 891 351 929 meis
371 905 379 926 :
401 893 542 940 vicisti,
564 903 601 931 et
618 894 762 930 victum
781 894 937 930 tendere
957 893 1098 943 palmas

112 951 268 988 Ausonii
285 952 416 989 videre
438 968 445 988 :
467 961 531 990 tua
549 961 604 990 est
622 954 780 989 Lavinia
800 955 956 1001 conjux3

116 1120 195 1150 ibid.
213 1131 242 1150 v.
259 1121 320 1150 321
337 1130 345 1156 3
363 1126 432 1148 tum
448 1119 599 1150 omnibus
618 1130 688 1150 cor-

117 1167 203 1207 poris
224 1165 346 1195 viribus
372 1167 486 1196 emittit
503 1166 689 1196 hastam.—

118 1219 205 1252 924‚
237 1212 314 1251 925.
347 1213 443 1241 Hasta
476 1213 592 1250 trajicit
621 1213 688 1254 cly-

120 1269 214 1299 peum
231 1259 265 1287 in
281 1264 420 1287 extrema
431 1281 440 1295 ,
459 1265 537 1299 puta
548 1281 556 1296 ,
579 1267 669 1299 parte
680 1283 688 1297 ,

119 1312 187 1335 tum
202 1305 308 1334 loricae
328 1315 415 1334 oram
435 1305 638 1342 inferiorem,
659 1313 690 1335 et

116 1353 150 1381 in
160 1351 279 1381 femore
294 1350 390 1381 sedet.
401 1353 477 1391 Sup.
487 1351 544 1382 lib.
560 1353 592 1382 X
602 1375 610 1390 ,
623 1352 686 1390 587

117 1408 162 1437 sq.
191 1397 291 1427 simile
323 1397 386 1427 fere
412 1397 529 1427 vulnus
555 1396 611 1435 fit,
636 1398 691 1428 sed

116 1445 151 1473 in
183 1444 317 1484 inguine
329 1465 337 1480 ‚
366 1443 508 1484 adeoque
545 1445 688 1474 mortale.

116 1490 258 1526 Scilicet,
274 1489 384 1530 quod'
373 1500 437 1528 Jam
451 1489 504 1519 alii
523 1489 689 1528 siderum,

116 1536 222 1566 noluit
239 1543 332 1576 poeta
353 1536 473 1565 vulnus
490 1536 582 1566 letale
606 1547 691 1574 esse,

117 1589 153 1612 ut
169 1582 260 1612 locus
284 1588 365 1612 esset
386 1583 444 1618 iis,
467 1593 538 1622 quae
553 1593 692 1623 sequun-

118 1634 189 1666 tur3
218 1628 337 1669 quibus
362 1628 401 1658 ad
427 1630 553 1670 tragicae
576 1629 692 1659 fabulae

116 1674 239 1704 exitum
261 1685 338 1714 epos
365 1685 459 1705 suum
483 1677 616 1716 propius
640 1675 692 1705 ad

118 1718 238 1749 duxit:
265 1719 361 1749 simili
392 1721 457 1750 fere
488 1731 596 1758 more,
624 1732 690 1762 quo

117 1764 253 1794 Achillis
272 1765 392 1794 vulnus
407 1767 541 1796 Hectori
560 1769 604 1796 ita
621 1768 689 1796 illa-

118 1818 186 1840 tum
204 1817 269 1848 est,
285 1817 324 1839 nt
347 1810 442 1840 verba
461 1811 565 1841 adhuc
590 1813 690 1842 facere

117 1863 222 1909 posset
235 1867 274 1908 73,
294 1856 380 1891 328,
401 1857 478 1917 329.
491 1858 626 1898 -925,
644 1859 689 1888 A-

114 1904 192 1942 jacis
216 1900 310 1937 σάκος
335 1900 455 1934 {nram
452 1902 501 1933 'm
504 1915 518 1933 ν
543 1904 615 1944 quis
633 1914 689 1933 ne-

118 1950 195 1979 scit?
209 1965 252 1972 —·
275 1949 353 1989 926.
379 1951 425 1979 Ec
443 1949 582 1979 medium
596 1949 691 1979 multi

118 2005 192 2025 eum
211 1995 310 2026 Goth.
336 2001 408 2026 tert.
427 1996 492 2026 Erf.
516 2003 546 2026 et
570 1995 688 2026 Medic.

122 2041 215 2079 Pier„
223 2041 312 2081 quod
320 2052 431 2072 verum
443 2042 597 2072 arbitror:
608 2052 691 2071 oras-

121 2096 182 2125 que
194 2087 363 2119 recludit...
378 2088 467 2118 orbes
475 2110 484 2126 ‚
494 2089 524 2118 E
525 2096 539 2118 c
549 2088 689 2118 medium

121 2131 257 2162 stridens
267 2133 508 2175 transicsemur.
524 2134 691 2176 Stringens

124 2177 263 2209 Parthas.
293 2181 362 2210 Ictu
388 2183 516 2222 Hagen.
539 2199 586 2205 —-
611 2191 689 2221 927.

124 2223 298 2263 Duplicato
307 2226 446 2266 poplite,
461 2227 619 2268 eleganter
632 2237 690 2268 pro

743 1119 864 1150 inflexo
879 1130 973 1161 genu,
991 1120 1029 1149 cf.
1045 1129 1138 1159 supra
1149 1121 1195 1149 XI
1208 1141 1216 1155 ,
1235 1117 1312 1153 645.

790 1167 869 1206 928.
893 1166 1092 1206 Consurgunt
1111 1164 1235 1206 gemilu
1252 1166 1313 1194 Ru-

743 1213 804 1242 tuli
821 1223 832 1241 :
855 1212 991 1242 sollenni
1013 1218 1115 1252 poetae
1130 1221 1234 1246 more,
1249 1221 1314 1250 quo

744 1269 759 1288 a
792 1258 917 1299 vulgari
953 1259 1129 1288 orationem
1161 1256 1312 1291 abducit,

743 1315 802 1346 pro
817 1315 825 1335 :
837 1304 974 1346 gemitus
987 1304 1172 1334 Rutulorum
1188 1313 1316 1332 consur—

742 1351 800 1392 git.
816 1367 861 1373 -
878 1351 945 1390 930
968 1361 1036 1390 sqq.
1065 1348 1164 1379 Vides
1194 1351 1312 1378 Hecto-

744 1408 830 1434 rem,
851 1407 890 1427 ne
913 1397 1076 1437 sepultura
1100 1402 1219 1431 careat,
1240 1404 1314 1434 sup-

744 1444 915 1484 plicantem
937 1442 1026 1472 Iliad.
1044 1453 1082 1481 χ,
1106 1442 1170 1471 333
1187 1451 1255 1480 sqq.
1267 1457 1312 1462 --

746 1491 812 1530 930
822 1512 830 1527 ,
849 1491 891 1529 93
900 1500 912 1519 x
921 1513 928 1519 .
943 1488 1057 1518 Oculos
1067 1488 1239 1523 convertit,
1251 1497 1316 1515 ma-

747 1547 804 1565 nus
823 1534 1005 1576 protendit,
1020 1534 1076 1564 sed
1093 1533 1175 1563 illud
1193 1533 1269 1562 latet
1282 1533 1315 1561 in

745 1582 808 1612 hoc
825 1592 833 1613 ε
858 1588 895 1611 ut
912 1583 1003 1611 toties
1019 1579 1066 1611 fit.
1080 1597 1125 1602 —
1145 1580 1223 1619 933.
1245 1577 1317 1607 Fuit

746 1636 776 1658 ec
803 1627 858 1657 tibi
882 1627 967 1658 talis.
996 1629 1118 1658 Notum
1144 1624 1315 1655 artificium

745 1675 994 1715 supplicantium
1025 1683 1032 1704 :
1062 1672 1100 1702 ad
1134 1670 1316 1710 exemplum

744 1721 826 1751 illud
848 1721 991 1751 omnium
1013 1719 1148 1749 aliorum
1164 1723 1314 1757 praestan-

743 1768 900 1796 tissimum
927 1767 1080 1797 :Ma-mni
1107 1773 1190 1803 πατρ
1195 1772 1225 1795 ος
1252 1771 1284 1790 σε
1287 1760 1313 1790 io

743 1819 804 1842 etc.
831 1811 920 1840 Iliad.
943 1822 988 1845 ω,
1013 1809 1089 1844 486.
1117 1792 1240 1837 Dedere
1257 1806 1315 1836 alia

744 1857 851 1887 Guell.
869 1863 900 1885 et
917 1855 1029 1885 Cerda.
1047 1853 1226 1885 Rhetomm
1245 1863 1317 1882 acu-

743 1913 816 1932 men
823 1901 959 1942 figuram
967 1899 1091 1931 extudit
1103 1900 1318 1934 anacoenosin‚

743 1958 836 1988 quam
852 1947 913 1977 hoc
928 1948 998 1987 ipso
1017 1945 1164 1986 exemplo
1181 1945 1321 1977 illustrat¹

743 1995 810 2025 Jul.
826 1992 990 2025 Rufinian.
1013 2004 1046 2033 p.
1074 1992 1151 2022 205.
1177 1990 1239 2022 Sed
1262 1990 1317 2020 tali

745 2051 818 2070 cum
833 2041 884 2076 vi,
901 2040 960 2069 hac
975 2035 1127 2071 δεινότητι
1143 2037 1239 2067 semel
1253 2043 1316 2066 tan-

745 2093 813 2116 tum
831 2086 891 2116 hoc
908 2085 972 2115 dici
991 2086 1108 2126 potuit.
1122 2083 1257 2124 ——935.
1273 2084 1317 2112 Ee

746 2143 796 2162 me
806 2155 815 2169 ,
831 2143 885 2162 seu
898 2142 1019 2173 corpus.
1035 2133 1116 2161 Viro
1133 2129 1208 2161 forti
1221 2129 1315 2170 digna

745 2180 865 2216 oratio;
884 2185 991 2220 aperte
1016 2184 1150 2209 mortem
1172 2186 1238 2206 uon
1264 2174 1317 2203 de-

745 2232 894 2266 precatur
911 2235 918 2255 ε
935 2227 1008 2255 vitae
1025 2231 1131 2255 tamen
1145 2233 1238 2253 usum
1256 2231 1316 2250 nec
