1414 2435
123 68 189 100 386

485 66 520 95 Ρ.
545 64 728 95 VIRGILII
751 64 910 95 MARON
911 65 947 95 IS

121 129 252 162 Donec
272 123 344 160 tale
363 121 478 159 decus
498 121 628 158 formae
647 120 812 165 vexavit,
836 129 873 156 et
892 132 1010 170 aegros

122 187 207 221 Non
227 182 329 229 tulit,
349 191 386 218 et
404 181 560 218 miseros
576 179 737 216 mutavit
754 179 911 229 virginis
932 189 1052 224 artus,

123 244 291 280 Caeruleo
311 241 455 292 pollens
473 241 611 290 conjux
631 240 823 290 Neptunia
839 254 968 290 regno.

122 303 197 340 Sed
217 311 342 338 tamen
361 309 555 337 externam
575 299 740 349 squamis
759 299 898 336 vestire
915 299 1096 350 puellam,

122 362 338 411 Infidosq'ue
354 361 454 397 inter
473 370 641 397 teneram
658 360 882 397 conmittere
902 361 1016 410 piscis

1267 371 1315 398 ⁴85

119 425 205 459 Non
221 421 351 458 statuit
369 435 377 456 :
396 421 555 456 nimium
571 428 627 457 est
644 419 798 456 avidum
817 432 933 469 pecus
948 418 1209 469 Amphitrites.

121 481 252 519 Aereis
273 481 400 531 potius
419 478 619 516 sublimem
637 478 788 515 sustulit
807 478 893 524 alis,

121 545 227 580 Esset
246 550 288 578 ut
309 542 348 577 in
367 539 477 576 terris
494 538 583 575 facti
602 537 649 575 de
667 538 820 575 nomine
837 538 952 585 Ciris,

121 602 216 639 Ciris
235 599 426 649 Amyclaeo
444 596 646 635 formosior
664 610 796 635 ansere
811 597 936 636 Ledae.

121 665 176 698 Ac
196 661 299 697 velut
316 660 356 696 in
375 659 488 696 niveo
507 667 646 696 tenerae
665 671 783 707 quum
802 658 978 709 primitus
998 671 1072 695 ovo

123 721 273 770 Effigies
292 718 489 757 animantis
508 726 545 754 et
563 718 779 755 internodia
798 717 979 756 membris

122 780 336 828 Inperfecta
353 791 454 815 novo
474 777 623 814 fluitant
640 787 818 814 concreta
837 779 978 824 calore;

125 841 186 877 Sic
205 839 350 888 liquido
371 837 503 887 Scyllae
519 837 789 873 circumfusum
810 850 963 885 aequore
983 850 1120 886 corpus

125 898 299 936 Semiferi
321 897 473 934 incertis
493 895 606 932 etiam
622 908 723 932 nunc
741 895 914 945 partibus
936 904 1039 932 artus

121 959 299 1008 Undique
320 957 535 1001 mutabant,
556 963 668 1004 atque
689 955 858 1005 undique
874 955 1130 994 mutabantur.

125 1018 212 1055 Oris
231 1018 353 1054 honos
372 1015 555 1066 primum,
573 1023 610 1051 et
628 1014 755 1051 multis
775 1023 905 1064 optata
924 1014 1078 1060 labella,

124 1080 170 1114 Et
187 1077 324 1126 patulae
346 1075 478 1111 frontis
495 1073 655 1124 species,
677 1086 920 1111 concrescere
939 1074 978 1110 in
998 1087 1116 1111 unum

124 1141 298 1186 Coepere,
317 1144 353 1172 et
371 1135 501 1185 gracili
519 1142 687 1170 mentum
706 1134 918 1183 producere
935 1143 1071 1172 rostro.

174 1198 288 1242 Tum,
310 1207 384 1244 qua
406 1206 445 1230 se
464 1192 631 1230 medium
649 1193 782 1243 capitis
802 1193 1004 1231 discrimen
1024 1192 1177 1244 agebat,

125 1355 183 1374 nas
201 1341 342 1383 sequitur
356 1351 452 1381 quum
462 1340 601 1380 parvula
615 1340 694 1371 clas-

129 1390 188 1426 sis,
217 1387 300 1429 Aser
323 1393 354 1416 ec
376 1386 506 1416 hiberno
524 1385 696 1417 bacchatur

120 1430 153 1466 ἱιι
168 1445 295 1476 aequore
312 1433 411 1464 t11rb0.
429 1435 637 1473 Comparatur
653 1434 693 1464 al-

119 1484 213 1525 ligata
244 1482 318 1511 navi.
344 1480 447 1520 Scylla
473 1490 547 1509 cum
569 1480 691 1511 minore

120 1530 246 1569 navigio
276 1528 350 1557 navi
381 1526 516 1567 alligato.
546 1528 589 1556 Ut
616 1528 657 1556 sit
681 1537 689 1557 z

120 1576 207 1605 velut
225 1573 339 1614 cymba
355 1573 502 1613 parvula,
522 1583 623 1612 quum
642 1583 688 1602 se-

121 1622 230 1661 quitur
245 1629 371 1659 magnas
388 1619 515 1655 classes,
542 1625 572 1647 et
589 1629 690 1658 quum

121 1667 217 1696 turbo
236 1666 314 1696 Afer
335 1665 508 1694 bacchatur
533 1664 567 1694 in
586 1675 690 1704 :equo-

121 1724 170 1748 re3
197 1713 228 1742 h.
257 1723 284 1742 e.
313 1711 392 1741 dum
419 1712 537 1741 interea
561 1711 690 1741 Africus

121 1759 274 1799 procellas
295 1764 413 1787 movet.

170 1805 235 1840 484
245 1822 293 1827 —-
303 1805 380 1839 486.
396 1803 509 1834 Noluit
522 1809 643 1834 mutare
657 1804 691 1834 in

122 1852 239 1890 piscem
250 1874 257 1886 ‚
273 1861 344 1879 uam
359 1852 400 1880 ita
415 1861 431 1879 a
447 1849 561 1880 belluis
574 1857 603 1880 et
615 1851 692 1891 pris-

124 1897 206 1926 tibus
228 1896 375 1926 devorata
401 1897 527 1931 fuisset,
552 1898 608 1937 qui
632 1898 689 1926 mi-

122 1942 614 1983 =1oribuspiscibusinsidiantur.
626 1944 691 1972 Ex-

122 1997 245 2019 ternam
259 1989 402 2029 puellam
414 2012 421 2024 ,
434 1990 468 2018 in
481 1997 611 2019 externa
625 2000 691 2019 cor-

122 2037 208 2074 poris
232 2035 408 2076 superficie.
432 2037 587 2065 Tem-ram
607 2047 691 2066 com-

126 2081 245 2111 mittere
261 2083 344 2111 ineer
356 2081 457 2122 pisces
472 2093 483 2111 .·
503 2093 578 2122 pro,
599 2083 691 2123 pisci-

121 2125 198 2160 bus,
214 2139 266 2156 seu
285 2129 459 2168 relinquere
475 2130 555 2158 iuter
572 2129 691 2159 belluas

123 2173 271 2210 marinas,
286 2175 459 2204 insolenter
471 2174 609 2212 dictum;
623 2175 689 2205 scil.

747 1348 911 1379 metuens,
927 1352 968 1371 ne
984 1340 1024 1370 ab
1043 1341 1081 1370 iis
1099 1340 1315 1372 devoraretur.

746 1389 847 1417 Pecus
857 1386 1065 1427 Amphitrites
1081 1398 1092 1416 .·
1105 1387 1232 1427 antiqua
1245 1398 1318 1428 poe-

746 1440 848 1464 tarum
867 1433 1013 1463 formula.

793 1486 858 1520 490
872 1491 940 1520 sqq.
956 1481 1057 1510 Totus
1069 1477 1160 1508 locus
1172 1478 1211 1509 de
1224 1486 1317 1509 meta-

744 1526 908 1566 morphosi
923 1526 998 1562 hac,
1021 1531 1051 1554 et
1069 1526 1216 1565 inprimis
1229 1535 1316 1555 com-

742 1574 864 1613 paratio
872 1572 1028 1602 inchoatae
1038 1571 1223 1600 mutationis
1229 1571 1315 1611 Scyl-

742 1619 781 1648 1ae
803 1619 838 1648 iu
856 1618 960 1648 alitem
988 1627 1062 1647 cum
1086 1617 1195 1647 vitello
1211 1618 1266 1647 ovi
1281 1618 1316 1647 in

742 1665 868 1705 pullum
891 1664 1044 1699 abeunte,
1060 1673 1101 1693 ex
1124 1663 1316 1703 elegantissi-

743 1711 801 1740 mis
818 1718 878 1746 est;
904 1718 935 1740 et
957 1711 1073 1745 miror,
1093 1719 1160 1739 eam
1178 1709 1314 1745 Nasoni,

742 1757 996 1798 ingeniosissimo
1019 1756 1162 1794 homini,
1188 1765 1254 1786 non
1281 1755 1316 1785 iu

744 1810 882 1834 mentem
908 1804 1041 1833 venisse.
1065 1819 1111 1825 —-
1127 1808 1211 1842 49¹,
1237 1807 1314 1841 49²·

745 1849 1081 1891 Inter-nodiafluitant
1095 1846 1240 1878 membris
1254 1857 1314 1887 pro

744 1897 883 1937 vulgari,
903 1895 1082 1926 iuternodia
1097 1893 1315 1925 membrorum

745 1942 880 1973 fluitant.
891 1959 937 1966 --
946 1943 1022 1982 493.
1039 1939 1173 1981 Liquido
1186 1939 1316 1968 circum-

735 1988 848 2030 fitsum
873 1998 999 2030 oequore
1022 1996 1132 2027 corpus
1157 1996 1168 2015 :
1189 1987 1315 2021 nescio,

745 2046 783 2065 an
800 2042 942 2076 argutei·;
967 2033 1021 2064 sed
1046 2032 1151 2063 malim
1169 2043 1235 2062 uon
1254 2039 1316 2062 tam

745 2088 907 2112 exeuntum
936 2079 1070 2110 vinculis
1093 2085 1124 2108 et
1153 2079 1231 2109 mari
1263 2088 1317 2108 na-

746 2135 830 2161 tans,
847 2137 942 2167 quam
964 2122 1087 2166 potius,
1105 2132 1140 2155 ut
1157 2125 1264 2165 pullus
1279 2125 1314 2153 in

746 2185 808 2205 ovo
821 2174 945 2215 liquore
959 2171 1113 2209 ambitur,
1128 2172 1172 2202 sic
1184 2171 1319 2202 humore
