1414 2435
592 45 714 76 LIBER
738 48 766 75 X
774 70 780 76 .

1221 60 1281 89 109

88 103 308 151 Strymonio
327 103 500 141 dextram
517 101 675 152 fulgenti
694 103 833 152 deripit
854 117 940 142 ense

88 161 232 199 Elatam
251 163 290 200 in
305 163 495 214 jugulum3
514 175 605 199 saxo
626 163 713 200 ferit
732 176 799 200 ora
820 163 1019 210 Thoantis,
1233 176 1281 203 413

89 223 259 273 Ossaque
278 223 461 273 dispergit
478 222 636 260 cerebro
657 224 845 272 permixta
862 233 1029 261 cruento.

86 285 178 320 Fata
196 297 333 321 canens
350 283 453 321 silvis
473 283 622 334 genitor
641 284 780 321 celarat
797 285 993 332 Halesnm;

85 345 137 380 Ut
157 344 283 381 senior
299 344 375 382 leto
398 344 570 381 canentia
589 344 732 381 lumina
750 345 879 390 solvit,

83 402 250 453 Injecere
269 417 422 441 manum
442 406 586 450 Parcae,
605 404 762 453 telisque
782 414 978 442 sacrarunt

78 465 250 502 Evandri
272 480 280 502 ε
300 478 413 516 quem
431 465 485 502 sic
503 465 623 502 Pallas
639 465 735 515 petit
754 475 840 502 ante
855 475 1030 515 precatus
1048 482 1055 502 :

1231 481 1280 507 420

84 541 99 558 α
119 527 178 562 Da
195 539 314 571 nunc,
334 523 481 574 Thybri
501 533 627 573 pater,
647 524 767 570 ferro,
788 525 891 574 quod
911 526 1049 563 missile
1068 526 1185 573 libro,

80 588 287 623 Fortunam
308 593 422 634 atque
440 583 542 620 viam
561 583 648 620 duri
667 597 737 633 per
756 594 887 634 pectus
908 585 1052 631 Halesi3

79 647 170 682 Haec
185 657 289 682 arma
308 642 542 693 exuviasque
558 643 633 680 viri
652 652 717 680 tua
732 657 894 693 quercus
913 643 1082 681 habebit.
1103 661 1118 677 »

79 704 212 742 Audiit
232 704 294 741 illa
313 703 406 739 deus
423 718 431 739 :
453 702 543 738 dum
563 703 657 739 texit
675 706 832 740 Imaona
850 703 1029 748 Halesus,

77 765 242 802 Arcadio
257 763 386 800 infelix
407 762 483 800 telo
502 762 566 799 dat
584 771 716 812 pectus
733 763 932 799 inermum.
1227 776 1275 803 425

129 828 180 861 At
199 837 276 861 non
297 822 400 859 caede
419 821 494 858 viri
513 828 616 858 tanta
635 821 839 872 perterrita
857 825 1020 868 Lausus,

77 887 166 923 Pars
185 884 315 933 ingens
331 881 441 929 belli,
460 880 548 918 sinit
570 881 719 931 agmina
739 897 747 918 :
769 882 915 932 primus
934 882 1120 921 Abantem

77 1009 201 1051 colligit
217 1020 310 1040 arma
321 1032 330 1046 ,
356 1024 372 1035 «
388 1016 461 1050 post
475 1014 601 1038 scutum
615 1019 648 1038 se

77 1057 206 1093 clansit;
225 1057 269 1086 sic
288 1062 319 1086 et
337 1057 400 1086 XII
412 1077 421 1092 ,
438 1061 500 1095 491
523 1069 539 1081 »
557 1056 645 1086 Serv.

74 1105 129 1133 Est
150 1099 308 1137 συσταλεὶς
325 1100 354 1132 ἐν
375 1097 505 1137 ἀσπίδι,
522 1099 575 1130 ὑπ’
592 1097 646 1130 ἀσ-

74 1145 176 1183 πίδος.
196 1166 243 1171 —
260 1148 337 1184 415.
353 1148 487 1178 Elaeam
505 1146 645 1189 injugu-

73 1195 138 1225 lum
150 1217 158 1230 ‚
178 1202 253 1235 puta
265 1217 273 1231 ,
298 1194 422 1231 Halesi,
439 1204 533 1234 quem
553 1194 641 1234 Stry-

72 1241 198 1272 monins
223 1251 295 1271 ense
314 1240 365 1269 vel
386 1239 474 1269 hasta
494 1239 639 1279 petebat3

72 1303 87 1314 ει
103 1287 214 1328 jugulo
236 1298 294 1317 suo
308 1285 425 1315 vulnus
442 1286 640 1315 minantem»

69 1337 157 1365 Serv,
189 1334 275 1364 Huic
302 1332 489 1373 Strymonio
520 1331 636 1372 igitur,

68 1391 164 1421 quem
189 1390 229 1410 ex
251 1379 396 1417 Trojanis
422 1377 518 1407 fuisse
541 1384 638 1418 puta,

66 1427 198 1457 Halesus
223 1435 354 1455 manum
380 1434 454 1454 ense
482 1430 634 1464 amputat.

115 1478 192 1511 417.
216 1472 317 1501 Facta
344 1481 407 1501 see.
432 1471 550 1500 Moret.
572 1470 634 1500 Ca-

65 1516 140 1549 ven's'
167 1517 289 1558 aliquot
315 1517 398 1547 Pier.
424 1523 456 1546 et
479 1526 540 1556 pro
567 1515 632 1546 div.

64 1565 136 1595 lect.
159 1575 209 1605 pr.
228 1563 361 1600 Hamb.,
377 1564 486 1603 sicque
511 1562 564 1592 alii
581 1573 631 1603 ap.

65 1614 152 1642 Serv.
160 1613 267 1640 Potest
277 1616 308 1639 et
316 1609 377 1639 hoc
390 1608 528 1645 defendi,
538 1609 632 1638 etiam

65 1656 226 1697 praeferri,
255 1664 371 1684 cavens
407 1655 552 1691 celarat;
577 1655 632 1685 sed

63 1703 197 1732 alterum
212 1706 243 1730 et
261 1701 367 1741 ipsum
382 1700 505 1730 bouum
523 1707 587 1738 est,
600 1708 633 1731 et

63 1759 79 1778 a
95 1749 185 1779 libris
209 1745 400 1777 defenditur.
411 1747 548 1787 —Ergo
568 1748 631 1777 Ha-

60 1795 118 1825 lesi
133 1803 246 1836 parens
259 1798 324 1823 erat
339 1798 435 1829 vates,
444 1792 500 1832 qui
517 1791 631 1830 filium,

63 1842 155 1880 cujus
182 1840 242 1870 fata
270 1838 484 1880 praevidebat,
511 1837 578 1868 fore
596 1845 633 1868 nt

61 1889 96 1917 in
111 1887 197 1917 bello
221 1885 345 1915 caderet
355 1907 364 1922 ,
381 1884 509 1921 eduxit,
525 1884 631 1924 quoad

61 1935 201 1970 viveret,
219 1933 254 1962 in
278 1932 376 1961 silvis.
398 1930 514 1962 Similis
542 1930 630 1961 locus

61 1979 152 2010 Iliad.
164 1978 194 2018 β,
210 1978 403 2013 830-834,
413 1994 460 2000 -—
470 1976 548 2013 418.
571 1978 631 2006 Ln-

62 2025 149 2055 mt'na
169 2024 321 2056 canentia
343 2023 491 2054 audacter
507 2033 566 2063 pro
579 2033 626 2053 se-

62 2071 197 2108 nilibus,
219 2082 275 2102 seu
296 2071 379 2101 senis
400 2070 559 2106 canentis3
577 2079 626 2099 ca-

60 2124 138 2147 nent
152 2119 238 2147 enim
259 2117 425 2158 supercilia
437 2139 446 2153 ‚
466 2122 606 2156 tempora
617 2139 626 2152 ‚

59 2166 135 2204 ipsae
150 2174 248 2205 genae.
263 2179 310 2186 -—
321 2169 397 2203 419.
414 2164 452 2193 In
466 2162 562 2192 altero
579 2163 629 2201 ju-

219 2229 283 2264 IV.

701 1009 760 1046 ris,
776 1009 810 1039 in
826 1010 924 1040 altero
937 1021 1098 1041 sacrorum
1115 1013 1272 1045 vocabulo

700 1065 792 1084 usum
809 1063 934 1096 poetam
951 1057 1098 1088 observat
1119 1060 1245 1090 Servius
1262 1070 1270 1090 :

699 1102 836 1138 Manus,
866 1103 990 1142 inquit,
1019 1103 1165 1144 injecti0,
1192 1117 1270 1146 quo-

698 1147 799 1184 ciens,
828 1149 919 1178 nulla
936 1149 1056 1189 judicis
1081 1152 1271 1183 auctoritate

697 1201 902 1233 exspectata,
926 1206 992 1225 rem
1017 1196 1106 1226 nobis
1127 1197 1266 1228 debitam

693 1239 910 1271 vindicamus.
920 1242 1083 1282 Agnoscas
1097 1243 1189 1273 facile
1198 1255 1267 1274 ver-

694 1284 734 1315 ba
761 1286 851 1324 juris.
878 1287 1027 1316 Alterum
1060 1287 1193 1318 ductum
1225 1301 1265 1320 ex

693 1341 746 1368 eo,
762 1331 850 1371 quod
872 1333 941 1362 Diis
966 1333 1016 1362 vel
1039 1334 1190 1364 Manibus
1216 1346 1264 1365 sa-

692 1378 771 1407 crati
795 1377 967 1415 dicuntur,
982 1379 1100 1419 quihus
1124 1382 1261 1412 morien-

689 1422 767 1453 dum
781 1431 837 1455 est.
849 1424 890 1455 cf.
903 1425 1049 1456 Mam-oh.
1065 1428 1113 1456 III
1123 1449 1131 1464 ,
1150 1438 1165 1465 7
1179 1439 1188 1469 3
1204 1438 1261 1458 nn-

687 1469 726 1500 de
748 1471 844 1500 etiam
866 1471 900 1500 in
924 1471 1160 1503 evocandorum
1188 1473 1263 1504 deo·

685 1527 758 1545 rum
786 1516 922 1546 formula
955 1517 1153 1549 devoventur
1188 1519 1260 1550 hos-

685 1563 766 1592 tium
788 1563 889 1603 capita
911 1572 919 1593 :
939 1563 1004 1594 vid.
1028 1564 1106 1595 ibid.
1138 1567 1204 1602 111,
1225 1577 1256 1606 9.

689 1609 767 1638 Tela
786 1608 948 1645 Evandri,
974 1610 1124 1641 Pallantis
1148 1611 1235 1642 hasta
1247 1635 1255 1648 ‚

685 1656 759 1695 quia
781 1665 797 1684 a
816 1662 903 1696 patre
924 1663 1082 1697 acceptam
1099 1658 1254 1688 attulerat.

684 1717 731 1723 ·--
746 1707 822 1737 424.
842 1698 975 1731 Halesus
986 1724 995 1737 ,
1014 1703 1163 1743 clypeum
1179 1715 1257 1744 prae-

684 1746 816 1776 tendens
832 1747 932 1777 amico
945 1749 1067 1777 Imaoni
1077 1771 1086 1785 ‚
1100 1759 1194 1778 suum
1212 1750 1257 1789 ip-

684 1793 748 1822 sius
775 1800 885 1833 pectus
910 1793 1027 1830 nudat,
1050 1800 1086 1823 ut
1108 1794 1255 1824 Pallantis

683 1837 780 1867 hastae
796 1844 927 1879 pateret.

732 1885 809 1918 426.
820 1886 950 1920 Lausus,
960 1886 1110 1915 Mezentii
1126 1885 1147 1915 f.
1159 1885 1249 1926 (VII,

684 1930 750 1969 649
761 1929 773 1970 )
784 1952 792 1967 ,
810 1940 896 1959 nunc
915 1931 1044 1970 prodit3
1064 1931 1205 1961 amabilis
1221 1940 1252 1962 et

683 1976 815 2007 Pallanti
832 1975 918 2005 haud
941 1987 1069 2017 prorsus
1093 1977 1252 2007 dissimilis

677 2023 820 2061 juvenis3
833 2023 858 2051 is
870 2033 934 2051 non
949 2022 1026 2052 sinit
1037 2023 1171 2063 agmina
1186 2034 1252 2053 esse

674 2068 843 2109 perterrita
857 2075 957 2098 morte
967 2069 1090 2106 Halesi3
1105 2072 1184 2099 Pars
1202 2070 1248 2099 ιἠ-

678 2125 758 2157 gens
772 2115 860 2150 belli,
878 2125 992 2156 pugn-”e
1002 2138 1010 2152 ,
1026 2117 1247 2156 pugnantium.

683 2161 771 2191 Abas
781 2162 860 2191 estis
871 2160 908 2190 de
919 2172 983 2201 quo
993 2172 1063 2202 sup.
1074 2164 1116 2197 X,
1131 2172 1141 2191 t
1151 2173 1251 2201 70.—

1082 2240 1095 2262 Ῑ
1105 2240 1126 2260 Ο
