1414 2435
574 92 697 122 LIBER
721 91 797 123 XII.

137 159 157 193 J
161 166 325 193 unonem
345 153 490 189 interea
507 162 575 187 rex
595 149 867 200 omnipotentis
885 150 1041 202 Olympi

84 215 334 266 Adloquitur,
353 213 456 250 fulva
474 224 621 263 pugnas
639 210 809 248 denube
828 220 997 248 tuentem
1019 225 1026 247 :

36 277 39 280 “
87 294 102 311 «
121 280 216 324 Quae
229 277 306 326 jam
324 274 407 311 finis
426 273 520 319 erit,
540 273 706 323 conjux?
727 272 821 322 quid
838 271 1003 322 denique
1022 274 1162 310 restat?

86 337 297 386 Indigetem
317 337 463 371 AEnean
481 334 552 371 scis
571 333 674 383 ipsa,
697 340 734 370 et
751 332 849 370 scire
867 333 1017 379 fateris,

84 395 228 434 Deberi
246 395 361 441 coelo,
382 391 543 445 fatisque
564 393 613 430 ad
629 393 755 432 sidera
772 394 864 431 tolli.

1248 403 1295 435 795

89 457 193 504 Quid
212 456 349 494 struis?
369 464 434 493 aut
454 468 530 505 qua
549 468 616 506 spe
635 454 768 505 gelidis
788 454 828 491 in
845 453 1014 491 nubibus
1032 453 1176 492 haeresi’

87 517 280 554 Mortalin'
301 515 428 554 decuit
446 515 584 553 violari
603 515 758 552 volnere
775 514 930 552 divum?

89 580 165 614 Aut
185 590 311 614 ensem
332 576 451 626 (quid
470 577 571 614 enim
590 576 670 614 sine
691 584 728 613 te
748 579 912 614 Juturna
929 575 1122 627 valeret?)

94 740 254 777 diximus;
273 746 342 769 tum
359 740 486 780 repetiit
499 739 669 770 Pulmann.

95 794 126 818 et
138 787 214 817 hinc
226 786 333 827 vulgg.
344 785 488 816 Tandem
503 785 673 816 Adsiscune

95 840 208 864 contra
229 832 262 862 in
288 832 463 861 certamine
479 833 607 872 Hugen.
628 833 668 861 In

94 878 274 910 certamina
302 889 350 919 pr.
375 879 493 908 Moret.
505 901 513 916 ‚
542 878 670 908 doctius

94 928 215 967 utique,
233 932 270 955 ut
282 926 323 954 sit
337 925 511 955 Adsisttmt
523 924 557 954 in
570 933 669 955 certa-

96 973 205 1008 mina,
225 973 259 1001 in
280 982 441 1013 pugnam3
466 972 557 1012 quod
579 973 669 1012 equi-

48 1029 50 1033 ’
95 1019 167 1050 dem
184 1020 296 1048 ceteris
314 1019 479 1058 praeferam
491 1041 500 1055 ,
517 1019 544 1047 si
568 1019 670 1047 libro-

95 1076 167 1096 rum
184 1066 355 1095 auctoritas
367 1065 442 1094 satis
455 1065 557 1104 gravis
573 1063 669 1094 adest.

97 1111 158 1143 Sed
186 1109 355 1141 Adsistunt
389 1109 587 1145 certamina,
618 1116 672 1139 aut

98 1164 211 1187 contra
225 1154 404 1186 certamina
415 1177 424 1191 ‚
438 1155 585 1195 equidem
595 1166 673 1196 quo-

99 1203 195 1233 modo
206 1203 396 1242 interpreter
408 1213 476 1232 non
489 1202 591 1232 habeo
600 1225 608 1240 ‚
624 1202 674 1232 ad-

100 1259 203 1290 eoque
234 1249 383 1278 revocavi
409 1248 569 1289 vulgatam
593 1251 673 1279 anti-

98 1297 256 1337 quiorem.
284 1296 305 1325 J
308 1296 386 1324 unxi
415 1305 545 1336 quoque
572 1296 673 1326 adsis-

101 1349 174 1372 tant
182 1340 359 1372 certamine
372 1341 487 1371 Martis
495 1365 506 1378 ,
519 1349 556 1372 ut
565 1341 676 1373 anheli

101 1395 214 1426 ornet3
245 1398 331 1425 non,
359 1387 518 1418 adsistunt
536 1396 650 1420 contra
660 1412 670 1426 ‚

101 1434 278 1465 certamine
292 1434 409 1464 Martis
421 1433 544 1466 anheli.

149 1492 226 1522 791.
242 1483 313 1511 Hoc
333 1481 398 1511 fere
420 1481 516 1512 modo
533 1481 674 1523 Odyssea

101 1527 139 1558 ad
159 1526 256 1558 finem
277 1534 429 1568 properat
443 1539 485 1565 ω,
504 1534 567 1567 471
585 1539 672 1569 seqq.

102 1573 339 1615 Omnipotentis
347 1574 490 1615 Olympi.
501 1575 522 1606 l.
536 1572 598 1616 prd
603 1575 675 1605 deo-

100 1631 172 1650 rnm
196 1622 486 1662 omnipotentiam,
509 1621 531 1652 l.
554 1622 589 1652 in
608 1632 673 1663 quo

100 1666 146 1696 dii
173 1669 406 1707 omnipotentes
433 1668 603 1700 habentur.
632 1669 672 1700 cf.

101 1723 172 1753 sup.
191 1712 228 1742 ad
255 1713 313 1743 lib.
330 1715 381 1750 X,
410 1723 438 1744 1.
453 1731 500 1737 ·—
516 1726 578 1755 791
603 1726 671 1756 sqq.

100 1760 195 1789 Novo
213 1759 347 1788 invento
363 1766 456 1799 poeta
473 1771 549 1797 nos,
572 1772 674 1801 quum

98 1806 161 1843 jam
180 1815 321 1846 pugnam
336 1806 439 1835 Turni
453 1813 484 1835 et
499 1809 607 1836 AEneae
624 1808 673 1836 in-

99 1853 234 1882 staurari
263 1858 484 1892 exspectamus
499 1873 509 1889 ‚
542 1859 672 1890 avocat,

102 1905 132 1928 et
150 1899 273 1928 animos
297 1908 466 1938 suspensos
486 1905 574 1928 tenet
597 1898 673 1928 deo-

101 1955 175 1975 rum
213 1944 354 1975 consiliis
390 1946 596 1986 interpositis,
627 1962 674 1968 —

105 1997 188 2030 794,
216 1992 294 2032 795.
317 1992 421 2022 Fatale
449 2003 533 2029 esse,
562 1998 600 2022 ut
623 1993 674 2022 ΙΕ-

103 2047 176 2068 neas
191 2037 268 2068 deus
282 2038 425 2080 Infflges,
441 2037 608 2083 ἐγχώριος,
619 2039 674 2075 sit,

103 2083 164 2113 scis
185 2084 262 2124 ipsa.
288 2085 373 2116 conf.
397 2087 469 2117 AEn.
486 2087 569 2123 VII,
597 2085 674 2116 313.

103 2129 187 2160 Nota
202 2130 272 2160 loca
293 2133 362 2162 Liv.
378 2134 412 2170 I,
435 2143 504 2174 cap.
532 2143 550 2162 2
575 2132 596 2163 f.
621 2132 675 2162 Ti-

105 2173 186 2206 bull.
206 2177 256 2213 Π,
280 2177 318 2215 5,
336 2179 395 2215 45,
415 2180 457 2215 46
473 2190 562 2220 seqq.
580 2178 678 2209 Fatis-

106 2231 168 2262 que
186 2222 234 2252 ad
242 2222 346 2254 sidera
360 2225 433 2256 colli
449 2236 490 2256 ex
505 2227 652 2258 Enniano
670 2235 676 2256 :

728 741 813 770 Unus
827 738 903 775 erit,
923 749 1018 780 quem
1038 746 1072 768 tu
1087 739 1180 769 tolles
1201 739 1248 769 ad
1260 739 1298 770 si⁶

724 785 803 814 dera
817 784 900 820 coelz',
918 785 1006 825 quod
1021 787 1187 826 usurpavit
1200 786 1296 817 Ovid.

722 833 804 862 XIV
820 832 900 861 Met.
925 832 1002 867 814.
1026 833 1112 861 Hinc
1138 843 1215 862 mox
1241 833 1298 863 ,ΙΠ-

723 888 767 908 no
786 889 818 907 v,
837 878 853 906 8
864 888 902 917 19
917 878 1085 920 subjungit
1103 879 1189 908 aliud
1202 878 1298 919 quid,

723 923 812 965 quod
838 934 905 954 non
928 924 984 954 fati
1008 926 1176 955 necessitas
1194 927 1299 966 impo-

725 977 790 1001 nat.
806 988 853 994 —
872 982 948 1009 797.
964 971 1069 1001 Debet
1091 972 1189 1002 scribi
1214 973 1300 1002 Mor-

725 1015 816 1045 talz'n
833 1025 893 1056 pro
910 1016 1047 1045 IlIortali
1063 1027 1107 1045 cm
1118 1028 1131 1053 ;
1150 1025 1187 1047 ut
1203 1028 1299 1058 supra

725 1063 897 1092 monitum.
911 1062 1048 1092 Illortali
1060 1063 1109 1094 ed.
1126 1065 1208 1094 Ven.
1224 1065 1302 1094 Bur-

725 1118 834 1139 mann.
857 1118 930 1137 cum
956 1108 1054 1140 Goth.
1078 1120 1140 1140 sec.
1168 1116 1199 1140 et
1225 1117 1298 1142 tert.

725 1154 898 1185 Mortalem
921 1155 1039 1196 legitur
1065 1157 1099 1186 in
1125 1167 1223 1199 marg.
1247 1157 1297 1188 ed.

725 1203 840 1232 Venet.
871 1203 957 1232 Scoti
999 1203 1106 1240 1544,
1126 1213 1195 1234 non
1218 1204 1297 1234 mala

726 1248 907 1278 emendatio
922 1249 984 1278 viri
997 1248 1101 1287 docti,
1115 1251 1171 1290 qui
1184 1251 1219 1280 in
1234 1262 1301 1280 sen-

726 1296 823 1324 tentia
844 1294 1004 1332 haerehat3
1018 1305 1093 1325 nam
1107 1295 1169 1326 hoc
1187 1297 1301 1337 utique

726 1340 919 1383 indignum:
947 1341 1081 1371 vulnere
1106 1341 1238 1380 divum,
1265 1343 1297 1373 h.

726 1387 896 1425 divorum,
923 1388 1089 1418 mortalem
1113 1389 1197 1430 peti,
1230 1390 1299 1419 vio-

726 1434 796 1465 lari.
816 1451 863 1458 -—-
885 1445 947 1475 797
961 1457 970 1472 ‚
998 1435 1062 1475 798
1077 1457 1085 1472 ,
1110 1446 1187 1475 799.
1209 1437 1300 1466 Prior

728 1492 836 1511 versus
848 1488 971 1522 spectat
989 1481 1028 1510 ad
1043 1481 1077 1511 id
1087 1504 1095 1519 ‚
1110 1481 1198 1523 quod
1213 1483 1301 1523 paul-

725 1528 759 1558 lo
778 1535 851 1558 ante
866 1528 986 1558 vulnus
999 1527 1158 1558 inflictum
1177 1532 1302 1560 eratAEa

726 1584 806 1605 neae.
817 1574 1017 1616 Ambiguum
1026 1585 1090 1604 esse
1101 1582 1216 1616 potest,
1228 1576 1302 1606 sint-

727 1631 768 1651 ne
796 1621 960 1663 jungenda
993 1621 1131 1652 vulnere
1163 1622 1268 1652 divum
1288 1647 1296 1659 ‚

727 1667 882 1706 deorum3
909 1675 946 1698 ut
971 1669 1030 1706 sit,
1054 1669 1176 1698 vulnus
1194 1680 1215 1698 a
1239 1669 1299 1699 deo

727 1715 854 1745 illatum
861 1726 875 1751 ,·
888 1716 932 1745 ita
944 1715 1082 1745 vulnere
1095 1715 1228 1744 mortali
1236 1715 1301 1745 dic-

726 1768 796 1791 tum
828 1762 890 1790 erit
917 1771 1000 1791 nova
1030 1762 1213 1801 acceptione
1240 1772 1300 1802 pro

726 1808 861 1837 vulnere
891 1806 1076 1844 mortifer03
1107 1817 1146 1835 an
1175 1807 1279 1836 divum
1291 1831 1299 1842 ‚

727 1859 842 1892 quarto
873 1862 947 1881 casu
980 1858 1147 1892 acceptum
1167 1873 1175 1889 ,
1206 1853 1300 1883 deum

728 1899 866 1940 aliquem
889 1897 1001 1927 violari
1025 1899 1162 1928 vulnere
1187 1907 1305 1930 morta-

730 1945 770 1981 li,
791 1955 807 1974 a
823 1943 949 1975 mortali
972 1944 1072 1975 illato.
1092 1946 1187 1975 Nunc
1208 1945 1302 1976 deum

729 1992 865 2032 accipies
882 1990 1052 2032 aliquando
1073 1991 1234 2030 futurum,
1248 1995 1300 2024 ΙΕ-

730 2048 832 2068 neam.
853 2040 900 2067 Ita
914 2048 990 2068 vero
1007 2040 1239 2078 argumentatio
1257 2048 1303 2070 est

729 2084 820 2115 valde
835 2084 914 2114 levis
928 2094 936 2115 :
952 2084 1116 2126 indignam
1132 2095 1198 2115 rem
1217 2097 1283 2117 esse
1293 2110 1301 2124 ‚

731 2131 836 2162 divum
846 2154 856 2168 ‚
879 2131 1025 2161 futui-um
1044 2131 1139 2161 deum
1150 2155 1158 2171 ,
1176 2133 1305 2164 mortali

731 2178 888 2214 vulnere,
908 2177 971 2208 hoc.
994 2185 1059 2216 est,
1077 2189 1098 2207 a
1115 2179 1245 2210 mortali
1263 2179 1301 2210 il-

733 2225 801 2256 lato
819 2235 884 2256 esse
907 2225 1018 2257 ictum.
1043 2226 1146 2257 Immo
1164 2236 1241 2257 vero
1258 2227 1306 2256 vis
