1414 2435
586 81 711 111 LIBER
737 80 813 110 XII.

1255 93 1319 122 299

114 147 209 190 Quae
229 140 421 192 quondam
436 139 477 176 in
496 137 637 184 bustis,
659 147 724 175 aut
744 136 974 175 culminibus
994 137 1153 176 desertis

112 204 235 241 Nocte
253 200 402 246 sedens,
423 212 551 236 serum
568 198 670 236 canit
687 198 895 247 inportuna
914 211 983 247 per
1003 197 1177 245 umbras3

113 266 222 301 Hane
237 274 344 298 versa
363 260 404 298 in
423 259 578 305 faciem,
597 259 718 295 Turni
737 272 777 296 se
795 258 911 308 pestis
934 258 984 295 ob
1005 271 1073 296 ora
1270 268 1318 293 865

113 326 276 372 Fertque
295 321 489 370 refertque
510 332 665 366 sonans,
686 319 940 369 clypeumque
961 318 1162 356 everberat
1181 318 1259 357 alis.

110 383 171 420 Illi
189 382 362 419 membra
380 395 503 419 novus
522 381 635 418 solvit
654 380 856 418 formidine
875 388 1028 430 torpor3

111 443 363 493 Adrectaeque
382 443 546 480 horrore
565 455 698 488 comae,
723 451 760 479 et
777 454 854 479 vox
874 440 1048 479 faucibus
1067 439 1187 478 haesit.

111 507 180 550 At,
200 504 335 554 procul
356 513 398 541 ut
417 503 520 540 Dirae
540 502 744 540 stridorem
765 501 948 552 adgnovit
968 510 1005 538 et
1025 501 1119 548 alas,

112 563 250 600 Infelix
269 563 383 601 crinis
401 562 540 601 scindit
557 566 579 600 J
583 571 723 600 uturna
740 562 903 607 solutos,

1271 568 1320 600 870

113 623 316 673 Unguibus
334 635 402 660 ora
418 636 529 661 soror
548 623 712 670 foedans,
733 633 770 660 et
789 631 947 672 pectora
967 620 1121 671 pugnis:

115 701 130 717 «ι
151 683 255 730 Quid
271 697 372 720 nunc
389 692 425 721 te
447 693 530 731 tua,
550 686 698 731 Turne,
718 691 844 734 potest
864 694 1043 732 germana
1057 681 1216 731 juvare?

113 746 191 780 Aut
210 743 303 794 quid
319 744 396 793 jam
415 744 522 782 durae
542 753 699 793 superat
717 743 846 784 mihi?v
859 755 934 791 qua
951 742 1021 780 tibi
1041 743 1164 779 lucem

113 806 207 840 Arte
225 804 376 840 morer?
396 803 497 839 talin'
517 815 672 852 possum
693 815 754 838 me
776 814 972 851 opponere
992 801 1184 838 monstro?

113 866 134 900 J
137 875 196 899 am
210 864 289 913 jani
307 863 439 912 linquo
457 862 556 899 acies
577 875 586 897 :
606 875 654 899 ne
671 875 732 899 me
752 870 893 899 terrete
913 861 1126 907 timentem,
1272 868 1321 901 87⁵

114 922 299 960 Obscenae
318 922 514 970 volucre53
535 922 682 960 alarum
699 921 862 959 verbera
881 934 1017 969 nosco,

114 985 359 1034 Letalemque
377 996 532 1031 sonum;
550 998 622 1022 nec
641 985 775 1021 fallunt
790 983 894 1033 jussa
911 981 1078 1032 superba

115 1045 348 1096 Magnanimi
363 1045 470 1083 Jovis
490 1060 497 1082 ε
515 1045 597 1082 liaec
615 1058 686 1094 pro
705 1044 923 1094 virginitate
941 1042 1112 1093 reponit!

117 1201 153 1220 ro
169 1190 269 1220 subito
283 1201 434 1221 conversa
449 1191 563 1222 Medic.
578 1192 690 1228 Pierii,

120 1244 151 1267 et
169 1236 336 1267 Mediceus
359 1239 510 1278 princeps
529 1248 536 1268 :
555 1237 691 1268 subitam

117 1294 269 1314 conversa
273 1282 431 1326 figuram.
447 1284 508 1315 Sed
523 1284 688 1320 conlecta,

117 1330 205 1371 quod
219 1329 339 1369 ubique
348 1330 469 1360 editum
481 1353 489 1367 ,
501 1331 628 1371 copiose
643 1330 692 1360 de-

117 1377 219 1407 fendit
235 1383 265 1406 et
284 1377 454 1407 illustravit
467 1378 579 1408 Heius.
595 1377 688 1408 Conf.

115 1434 186 1465 sup.
204 1430 267 1463 491
283 1446 291 1461 ‚
317 1430 348 1453 et
363 1426 414 1461 X,
436 1430 501 1459 412
515 1446 524 1461 ‚
539 1430 570 1453 et
586 1424 689 1453 multo

116 1471 213 1511 magis
237 1469 276 1500 de
301 1481 404 1512 angue
424 1471 482 1501 Ge.
499 1471 551 1508 ΙΙ,
576 1470 640 1506 154
660 1477 691 1499 et

115 1517 154 1547 al.
171 1519 226 1547 Est
242 1523 347 1546 autem
369 1518 450 1547 ratio
465 1517 534 1546 haec
555 1515 690 1546 formam

114 1562 345 1600 contrahendi,
361 1562 484 1594 diversa
507 1573 524 1592 a
542 1569 619 1593 nota
637 1563 690 1593 illa

113 1611 302 1648 Homerica,
320 1620 383 1651 qua
396 1612 533 1641 Somnus
551 1611 602 1639 avi
621 1620 688 1640 non

116 1656 273 1686 assimulat
286 1668 318 1686 se
337 1657 456 1697 specie,
473 1655 528 1686 sed
544 1657 609 1686 avis
623 1667 689 1687 mo-

115 1712 149 1731 re
164 1712 199 1731 ac
217 1703 283 1731 ritu
296 1703 332 1731 in
347 1703 460 1732 arbore
476 1702 579 1740 sedet,
597 1703 688 1733 Iliad.

117 1746 150 1785 ξ,
171 1748 389 1788 29ο.-864.
409 1749 532 1778 Saevum
553 1748 691 1778 canitia

114 1794 171 1824 lib.
189 1793 275 1835 apud
289 1795 370 1825 Pier.
384 1795 488 1825 Etiam
504 1805 606 1824 serum
622 1797 690 1825 Ser-

114 1842 186 1871 vius
201 1842 338 1882 exponit
356 1842 444 1871 triste
454 1863 463 1877 ,
483 1840 669 1870 luctiferum
679 1863 688 1877 ‚

115 1898 291 1928 perperam.
307 1889 380 1924 Est,
406 1897 473 1917 sera
492 1893 603 1924 nocte3
620 1885 690 1916 νύν.-

115 1943 202 1977 τερον
215 1931 315 1964 ἀείδει
329 1935 458 1965 Aratus.
471 1936 536 1963 Per
543 1933 688 1963 umbram

116 1981 244 2022 Menag.
263 1992 314 2022 pr.
338 1991 412 2011 cum
432 1987 519 2021 parte
546 1981 627 2010 Pier.
643 1997 690 2002 —-

119 2027 306 2067 Imporczma
317 2051 325 2064 ,
358 2034 454 2057 nocte
479 2027 686 2067 intempesta,

118 2072 311 2112 importuna.
329 2091 376 2097 —-
397 2074 475 2113 869.
494 2072 686 2108 Stridorem,

119 2119 207 2148 vocis
229 2131 344 2151 sonum
366 2122 595 2161 interpretatur
622 2121 691 2149 Ser-

120 2164 200 2195 vius.
215 2166 332 2197 Melius
346 2167 387 2197 ad
406 2167 478 2197 alas
498 2166 615 2197 retrahi
631 2177 688 2207 po-

121 2211 203 2241 terit.
236 2213 334 2253 Apud
359 2215 516 2255 Quintum
528 2236 537 2252 ‚
563 2212 690 2245 Achille

743 1192 870 1230 jamjam
880 1191 1036 1231 perituro,
1046 1190 1102 1220 lib.
1111 1191 1170 1228 111,
1183 1196 1225 1226 44
1238 1201 1245 1220 ;
1258 1187 1320 1223 ἤδη

745 1235 809 1281 γὰρ
831 1235 857 1266 οἱ
873 1238 973 1279 Κῆρες
995 1234 1153 1278 ἀμείλιχοι
1177 1234 1320 1279 ἀμφεπο-

745 1286 855 1313 τῶντο.
867 1301 913 1306 —-
929 1284 1008 1321 873.
1025 1285 1124 1312 Durae
1137 1283 1233 1320 mihi,
1249 1293 1320 1324 quae

746 1331 888 1360 sustineo
910 1330 1038 1359 fratrem
1054 1340 1182 1359 cernere
1195 1331 1229 1359 in
1247 1329 1321 1359 ulti-

746 1387 834 1406 mum
865 1376 1037 1406 discrimen
1071 1375 1256 1405 adductum.
1274 1392 1321 1398 —

745 1423 812 1461 875
825 1446 834 1460 ,
852 1423 929 1461 876.
943 1422 1088 1459 Jamjam
1104 1421 1216 1462 linquo
1231 1421 1320 1452 acies

743 1470 784 1499 ad
799 1469 933 1499 ductum
952 1469 1113 1509 Apollinis
1127 1469 1294 1499 Homerici
1310 1478 1318 1498 z

744 1516 834 1547 Iliad.
850 1527 872 1556 χ
883 1538 891 1553 ,
912 1526 929 1545 2
939 1517 975 1546 13
989 1538 997 1553 ‚
1009 1517 1147 1546 Hectore
1158 1516 1223 1554 jam
1237 1525 1321 1545 mor-

744 1564 767 1593 ti
792 1563 920 1592 addicto
936 1572 943 1592 :
959 1560 1047 1592 λίπεν
1067 1558 1104 1592 δέ
1123 1561 1135 1592 ἑ
1154 1558 1265 1596 Φοῖῑέος
1279 1552 1320 1592 Ᾱ-

742 1608 878 1641 πάλλων.
891 1609 1056 1647 Obscenae,
1066 1609 1147 1639 male
1157 1609 1317 1639 ominatae.

743 1667 774 1687 v,
789 1657 908 1697 Georg.
925 1657 939 1685 Ι
951 1679 959 1693 ,
977 1662 1063 1694 4703
1078 1666 1149 1696 sup.
1167 1657 1233 1692 111,
1251 1661 1313 1691 241

743 1709 775 1733 et
791 1704 830 1734 al.
850 1705 878 1733 T
877 1710 976 1733 errete
991 1702 1150 1738 volucres,
1162 1701 1320 1731 invidiose

744 1749 846 1786 dixit,
861 1759 935 1779 nam
963 1759 1027 1778 una
1057 1755 1120 1783 est,
1133 1748 1240 1787 inquit
1253 1749 1319 1777 Ser-

744 1797 828 1826 vius.
849 1797 977 1825 Poetam
993 1794 1055 1824 hoc
1075 1793 1115 1823 ad
1130 1793 1318 1833 exquisitio-

743 1851 810 1870 rem
826 1841 1003 1871 orationem
1015 1841 1175 1880 pertinere
1192 1839 1318 1876 vidisse,

742 1888 768 1916 si
783 1898 842 1927 pro
854 1886 1029 1916 individuis
1042 1896 1142 1928 genus
1152 1908 1161 1924 ‚
1177 1896 1236 1926 pro
1251 1896 1319 1916 uno

743 1933 850 1974 plures
876 1939 1029 1974 poneret,
1056 1943 1138 1973 saepe
1154 1931 1317 1962 vidimus:

743 1991 774 2010 v.
790 1990 817 2010 c.
837 1990 913 2019 799.
927 1995 972 2003 —
984 1979 1060 2017 877.
1076 1978 1241 2021 Intellig0‚
1257 1988 1317 2008 nec

743 2026 819 2056 latet
838 2037 888 2056 me
900 2048 907 2062 ‚
928 2026 999 2056 fieri
1014 2025 1082 2055 haec
1101 2026 1192 2056 Jovis
1213 2025 1318 2055 numi-

744 2083 785 2102 ne
813 2083 849 2102 ae
868 2072 1032 2102 voluntate
1051 2081 1058 2104 :
1075 2071 1132 2103 lib.
1149 2073 1229 2109 VII,
1249 2071 1316 2102 350

744 2118 860 2160 anguis
879 2119 978 2160 fallit
991 2118 1316 2160 surculeum—878.

744 2166 882 2206 Ile-ponit
895 2165 1022 2196 doctius
1040 2175 1137 2206 quam
1159 2164 1315 2206 rependit.

744 2212 1024 2254 Expostulationes
1031 2212 1147 2247 similes
1155 2211 1239 2254 apud
1247 2221 1318 2252 poe-
