1414 2435
565 61 689 91 LIBER
714 61 771 90 XI.

1209 61 1270 100 193

35 161 43 168 >
76 119 207 155 Pulsus
229 119 279 156 ob
297 119 474 156 invidiam
496 131 631 166 regno,
650 118 827 166 viresque
845 119 1044 167 superbas,

74 179 257 216 Priverno
274 179 431 228 antiqua
450 177 627 215 Metabus
647 191 765 227 quum
786 178 986 216 excederet
1004 178 1118 224 urbe,

1222 187 1270 215 540

73 238 278 284 Infantem,
301 239 448 288 fugiens
467 237 591 274 media
611 237 710 273 inter
727 238 856 286 praelia
872 237 978 284 belli,

73 299 234 335 Sustulit
250 298 382 335 exsilio
403 297 598 342 comitem,
619 297 825 346 matrisque
842 299 993 334 vocavit

71 357 233 394 Nomine
253 357 456 405 Casmillae,
473 365 616 394 mutata
635 366 763 407 parte,
783 357 987 394 Camillam.

70 507 246 552 τερατῶδες
261 510 375 540 habeat
386 533 394 548 ,
412 510 489 540 dum
508 513 582 541 saevi
597 518 646 551 ty-

70 558 163 586 ranni
191 558 332 587 animum
345 579 353 593 ‚
370 557 460 597 quod
477 557 563 586 haud
587 567 643 587 ex-

69 610 236 643 spectares,
248 603 321 632 filiae
331 614 446 643 magno
457 614 563 633 amore
571 614 644 634 con-

70 655 189 679 tactum
203 649 332 680 exhibet
349 650 412 687 (cf.
430 650 469 679 ad
495 653 567 680 AEn.
590 653 621 681 X
633 673 641 688 ‚

72 695 137 735 789
154 695 192 725 de
208 696 408 736 Mezenti0);
425 696 644 737 reprehensio-

67 752 139 771 nem
151 749 254 772 tamen
268 742 406 772 admittit
419 743 453 772 in
466 742 538 779 hoc,
553 742 642 782 quod

65 788 118 818 illa
131 789 271 819 sermoni
284 790 395 818 Dianae
407 788 554 817 mandata
567 788 641 818 dan-

66 835 106 864 tis
121 834 160 865 ad
174 836 261 875 Opin
276 835 392 864 inserta
411 841 457 864 est
478 844 544 864 non
566 835 639 864 satis

67 881 245 912 commode.
260 898 308 904 —-
325 881 401 921 539.
430 879 520 910 Vires
536 891 639 921 super-

64 927 138 964 bas,
164 928 197 959 h.
220 927 332 957 nimias
348 937 441 968 opes,
461 929 637 967 potentiam

64 973 203 1004 libertati
237 975 355 1004 civium
382 974 549 1011 infestam3
575 984 635 1003 un-

64 1021 103 1051 de
125 1021 197 1051 odia
218 1023 253 1052 in
276 1031 347 1051 eum
365 1020 503 1051 :Pulsus
527 1020 564 1049 ob
590 1019 635 1049 ιἠ-

64 1067 192 1099 vidiam.
209 1071 253 1099 At
269 1068 396 1099 Servius
420 1066 508 1096 ‘vires
530 1076 635 1105 snper-

62 1114 129 1150 ὗσε,
143 1115 262 1154 quibus
271 1113 407 1153 superbe
417 1112 577 1149 utebatur,
588 1113 635 1141 in-

58 1168 260 1201 terpretatur.
272 1161 354 1189 Usus
368 1158 498 1199 quidem
512 1165 635 1188 utrum-

61 1218 122 1248 que
142 1207 297 1242 admittit3
313 1206 374 1234 nisi
392 1204 480 1245 quod
500 1205 633 1234 alterum

60 1255 249 1294 exquisitius
274 1258 330 1282 est.
353 1253 434 1282 Nam
460 1262 559 1292 quum
586 1262 633 1280 sn-

54 1300 168 1341 perbia
185 1301 224 1330 sit
242 1299 338 1329 animi
354 1298 512 1328 efferentis
527 1308 560 1327 se
574 1298 611 1327 iis
621 1320 630 1335 ‚

58 1347 176 1387 quibus
200 1347 338 1377 eminere
364 1355 396 1375 se
424 1351 517 1385 putat
544 1344 628 1381 aliis,

58 1395 245 1424 transfertur
261 1391 412 1433 superbas
424 1390 521 1420 modo
537 1390 575 1419 ad
588 1391 631 1420 ef-

57 1440 176 1478 sectus,
201 1438 298 1470 modo
321 1438 359 1468 ad
379 1448 519 1474 caussa5‚
542 1436 628 1466 unde

56 1488 128 1526 quis
149 1486 313 1527 superbit;
335 1491 381 1515 est
404 1485 509 1524 itaque
534 1493 627 1513 orna-

55 1539 106 1563 tus
117 1555 125 1571 ,
141 1532 325 1574 splendidus
335 1555 344 1570 ‚
371 1530 458 1560 dives
468 1553 476 1568 ‚
501 1537 625 1570 potens.

54 1580 102 1609 Ita
124 1579 256 1609 honores
276 1577 401 1619 superbi
406 1589 419 1614 ,·
441 1576 624 1617 conjugium

52 1626 217 1666 superbum
229 1648 237 1664 ‚
252 1628 324 1656 AEn.
338 1626 386 1654 III
398 1647 406 1661 ,
428 1625 493 1662 475
506 1635 514 1662 3
529 1622 624 1653 Ilium

52 1672 216 1711 superbum
226 1694 235 1707 ,
256 1673 315 1708 111,
334 1682 352 1700 2
365 1682 374 1709 ;
390 1677 506 1700 ostrum
521 1679 625 1710 super-

51 1718 124 1747 bum
150 1719 164 1747 1
175 1740 183 1754 ,
198 1718 282 1756 639,
297 1717 354 1746 ubi
380 1717 464 1746 conf.
484 1723 552 1746 not.
569 1716 623 1746 Ab

49 1763 167 1794 effectis
186 1770 290 1792 autem
310 1761 415 1791 duetae
432 1768 507 1791 sunt
521 1764 623 1792 notio-

51 1821 106 1840 nes
117 1832 124 1845 ‚
139 1817 175 1839 ut
198 1807 355 1849 superbus
376 1809 416 1837 sit
434 1807 534 1836 durus
545 1831 552 1845 ,
569 1818 623 1838 sae-

48 1867 124 1893 vus,
146 1862 183 1885 ut
202 1856 300 1892 wll,
325 1854 388 1890 481
411 1853 542 1894 superbo
566 1853 623 1883 im·

46 1903 139 1942 perio
156 1910 187 1932 et
201 1901 288 1932 soevis
304 1900 421 1936 armis;
442 1907 507 1930 tum
525 1899 623 1929 rebel-

50 1950 108 1987 lis,
125 1950 181 1989 qui
199 1949 313 1988 jugum
330 1947 410 1976 ferre
433 1947 545 1987 nequit
556 1969 564 1982 ‚
582 1947 622 1976 fe-

51 2005 113 2025 rox
126 1995 280 2025 libertatis
298 1993 405 2024 studio
416 2015 424 2029 ‚
445 2000 481 2022 ut
493 1992 532 2022 de
547 1993 622 2022 Bru-

52 2048 85 2071 to
112 2041 270 2078 vidimus,
290 2043 362 2070 AEn.
383 2041 430 2069 VI
442 2061 450 2076 ‚
481 2039 498 2068 8
509 2039 545 2068 18
559 2050 567 2075 ;
592 2049 621 2068 a-

50 2093 182 2125 mantes,
199 2088 256 2127 qui
271 2087 403 2117 aemulos
416 2084 500 2115 haud
515 2085 622 2115 ferunt

53 2134 111 2163 Ge.
134 2134 202 2171 111,
231 2143 293 2172 217
308 2144 316 2170 3
334 2132 496 2162 debellare
519 2142 622 2172 super-

52 2179 106 2209 bos
125 2180 191 2216 vl,
216 2178 282 2215 854
306 2178 364 2209 ubi
387 2189 462 2219 opp.
486 2188 621 2220 parcere

207 2243 270 2278 IV.

697 511 851 552 subjectis.
864 513 914 542 Ex
929 512 1035 552 priore
1052 511 1159 551 itaque
1178 511 1270 542 ratio-

698 568 738 588 ne
765 558 853 588 vires
879 557 1040 599 superbae,
1062 564 1100 587 ut
1123 568 1197 597 opes
1223 568 1268 586 su-

691 605 820 644 penbce,
850 612 924 634 sunt
947 605 1080 634 omnino
1107 604 1269 644 ingentes,

697 652 813 681 nimiae.
834 668 880 674 —
904 651 980 686 543.
1001 651 1137 678 Versum
1161 651 1270 679 recitat

696 697 841 727 Macrob.
872 699 940 734 ΙΙΙ,
969 695 999 726 8.
1019 694 1182 725 Scamillae
1207 695 1269 724 edi—

695 749 764 772 tum
794 744 916 773 Pierius
948 748 1102 771 memorat
1121 764 1129 778 ‚
1160 751 1203 770 sc.
1233 742 1268 770 in

694 788 769 819 Ald.
788 800 837 829 pr.
858 789 902 818 At
919 787 1082 818 Casmilloe
1096 787 1217 816 editum
1233 788 1267 816 in

694 835 747 866 alt.
765 842 796 865 et
810 835 886 864 hinc
905 836 939 864 in
955 835 1075 864 ceteris.
1102 833 1268 864 Carmz'llce

693 881 780 913 Gud.
795 893 811 911 a
825 893 867 912 m.
886 892 934 922 pr.
959 891 1039 922 quas
1055 879 1154 910 milla*
1170 879 1264 910 codd.

691 938 740 968 ap.
762 929 842 959 Pier.
862 930 984 958 Verum
1011 927 1149 957 arbitror
1173 936 1262 956 esse:

692 975 860 1011 Casmilae,
878 974 916 1004 ad
937 973 1024 1014 quod
1045 973 1166 1003 accedit
1182 975 1264 1003 Dor-

689 1021 756 1051 vill.
780 1021 937 1057 Casmile,
955 1019 1059 1050 infimi
1076 1027 1179 1049 tamen
1198 1020 1262 1049 loci

690 1067 814 1098 codex:
830 1067 914 1097 idem
932 1069 965 1096 in
987 1068 1051 1096 suis
1070 1066 1262 1096 membranis

688 1115 807 1154 reperit
829 1113 970 1153 Brunck„
989 1120 1019 1143 et
1035 1115 1176 1154 recepit:
1200 1112 1261 1142 nisi

688 1161 815 1200 potins,
833 1161 960 1200 inquit,
988 1159 1145 1190 Cadmiloe
1167 1166 1260 1199 poeta

687 1208 847 1247 scripserit
858 1216 865 1237 :
876 1213 912 1236 ut
929 1202 1090 1253 Κρὶδμιλος
1104 1205 1189 1246 apud
1202 1209 1261 1247 L5-

687 1253 799 1293 cophr.
820 1253 880 1283 162
896 1259 942 1282 est
953 1254 1074 1295 Ερμῆςς
1087 1263 1157 1293 quae
1171 1253 1260 1282 Boeo-

686 1300 747 1329 tica
762 1299 807 1329 ibi
826 1299 927 1329 fertur
945 1310 1010 1328 esse
1025 1299 1256 1339 pronuntiatio.

684 1347 729 1376 At
742 1346 849 1376 Italica
864 1347 925 1375 fuit
944 1345 1111 1375 Casmilus.
1126 1346 1256 1374 Mutata

680 1394 743 1431 jam
768 1393 818 1422 ed.
836 1391 911 1422 Ald.
934 1398 1006 1422 tert.
1032 1391 1160 1422 dederat
1180 1402 1254 1422 cum

682 1440 750 1469 aliis
763 1438 990 1469 vetustioribus
1003 1440 1131 1469 nostris.
1146 1440 1185 1468 At
1197 1439 1256 1479 Eg-

681 1487 805 1516 natiana
829 1492 860 1515 et
887 1484 955 1514 alite
979 1485 1127 1515 mutilata
1141 1492 1201 1514 :ut
1223 1491 1255 1514 et

679 1533 802 1562 Pierius
829 1532 951 1562 editum
977 1531 1102 1573 legebat
1126 1541 1133 1562 :
1163 1531 1251 1572 quod

679 1579 788 1610 Burm.
813 1578 912 1619 magis
940 1578 1095 1618 placebat.
1111 1578 1250 1608 Videtur

679 1631 783 1655 tamen
808 1632 931 1654 mutata
956 1626 1114 1665 poeticam
1138 1627 1251 1656 oratio-

677 1682 751 1701 nem
772 1673 870 1712 magis
887 1671 998 1701 decere
1016 1682 1023 1702 :
1044 1679 1075 1702 et
1091 1671 1250 1702 mutilatio

675 1718 737 1748 sub
763 1718 821 1747 illo
848 1725 998 1757 tanquam
1028 1727 1142 1758 genere
1166 1728 1249 1748 com-

674 1764 828 1804 prehensa
843 1770 906 1800 est3
926 1769 995 1792 tum
1009 1770 1116 1792 tuetur
1128 1762 1161 1792 id
1176 1774 1248 1794 con-

675 1820 784 1838 sensus
815 1809 909 1839 codd.
943 1810 1152 1838 vetustiorum
1180 1820 1248 1840 om-

675 1855 954 1884 nium.—Tribuit
971 1855 1070 1895 igitur
1084 1862 1176 1895 poeta
1194 1866 1246 1896 pa-

676 1901 732 1930 tris
746 1900 1009 1940 voluntati‚quod
1017 1901 1156 1931 emollita
1171 1912 1245 1942 pro·

675 1947 836 1976 nuntiatio
854 1946 1026 1976 serioribus
1043 1947 1187 1978 aetatibus
1201 1955 1244 1978 at·

675 1993 745 2022 tulit
757 2016 765 2030 ,
777 1999 822 2030 ut,
833 2003 892 2033 pro
909 1992 1050 2023 Casmilo
1068 1994 1220 2024 Camillus
1229 2006 1243 2030 ,-

675 2049 734 2079 pro
781 2039 920 2068 Casmila
932 2062 940 2076 ‚
977 2039 1116 2069 Camilla
1161 2039 1242 2071 dice-

675 2092 773 2115 retur.
804 2087 880 2115 Vox
909 2085 962 2115 illa
997 2095 1013 2115 a
1043 2086 1178 2128 Pelasgis
1206 2088 1241 2117 in

675 2131 796 2161 Italiam
829 2132 913 2161 illata
944 2133 1084 2162 Etruscis
1113 2143 1240 2174 quoque

674 2178 732 2208 fuit
748 2178 959 2219 frequentata,
974 2179 1031 2219 qui
1045 2178 1242 2210 Mercurium

1066 2254 1108 2288 ¹7
