1414 2435
71 54 115 95 96

577 53 772 84 AENEIDOS

71 117 167 152 Cum
187 113 333 158 sonitu,
355 111 582 162 fugiuntque
599 121 710 149 notos
731 111 895 148 clamore
911 112 1089 149 secundo.

71 178 122 211 At
141 174 283 211 Rutulo
303 172 383 222 regi
403 171 641 222 ducibusque
657 185 702 208 ea
720 171 816 208 mira
834 171 957 208 w'deri

70 232 267 278 Ausoniis,
288 231 409 268 donec
427 245 555 268 versas
574 232 621 268 ad
640 231 754 268 litora
772 231 912 281 puppis

70 293 311 342 Respiciunt,
331 300 529 341 totumque
546 291 672 328 adlabi
688 291 869 328 classibus
889 303 1030 340 aequor.

68 352 188 389 Ardet
206 365 304 402 apex
323 352 457 402 capiti,
478 352 677 401 cristisque
696 365 717 388 a
736 352 879 388 vertice
898 351 1047 387 flamma
1223 368 1270 392 270

69 412 276 458 Funditur,
297 420 334 449 et
349 421 476 449 vastos
496 411 613 448 umbo
632 411 752 448 vomit
772 424 908 448 aureus
925 411 1029 460 ignes
1049 425 1058 446 2

68 475 155 510 Non
175 486 300 520 secus,
321 486 364 510 ac
384 471 530 521 liquida
547 472 578 508 si
598 470 751 520 quando
770 478 880 507 noete
897 479 1053 506 eometae

71 608 163 636 Dant
194 607 280 636 colla
311 609 416 646 Sprot.
429 628 438 642 ‚
472 604 561 646 quod
594 614 645 634 or-

70 663 145 682 nare
164 652 275 692 aliquis
297 654 397 693 possit
423 651 462 680 de
490 651 645 690 porrectis

70 699 235 728 volantum
250 709 366 738 gruum
379 697 479 727 collis.
491 696 551 727 Sed
565 697 648 725 dant

71 744 197 785 signum
210 744 243 774 h.
260 744 282 773 1.
302 743 407 783 simpl.
427 743 504 772 dant
527 742 643 772 clamo-

73 801 149 820 rem.
179 791 325 830 AEquora
350 796 389 819 tr.
407 789 486 818 alter
504 788 639 826 Hamb.‚

72 835 161 877 quod
177 843 208 865 et
230 838 282 866 Jo.
303 835 433 865 Schrad.
452 834 643 872 conjiciebat

72 883 146 922 quia
160 883 196 911 in
209 883 350 912 Homero
372 889 418 911 est
432 881 467 911 π’
478 880 641 911 §manneio

74 926 185 970 ῥοάων.
196 930 240 958 At
254 928 300 957 ibi
316 935 362 957 est
369 938 428 968 pro
438 938 546 957 versus
562 929 643 956 Aus-

72 981 157 1003 trum
176 976 391 1004 Transmeant
405 973 543 1004 Dorvill.
568 984 641 1002 cum

72 1020 169 1051 Goth.
187 1027 258 1051 tert.
274 1027 309 1050 ut
318 1020 421 1050 solent
438 1020 639 1050 recentiores.

71 1083 104 1090 —-
120 1067 197 1097 266.
209 1068 311 1097 Notos
321 1077 379 1107 pro
390 1067 490 1096 ventis
499 1066 641 1096 hibernis

71 1124 108 1143 ac
118 1113 190 1153 plus
198 1114 236 1142 iis
250 1113 353 1142 dictos
367 1123 432 1142 esse
447 1117 571 1143 necesse
584 1119 640 1142 est.

72 1160 164 1188 Dant
191 1158 305 1200 signa,
332 1158 432 1188 edunt
453 1159 639 1195 clamorem3

72 1212 229 1245 quatenus
241 1207 267 1235 is
282 1216 343 1247 pro
357 1206 447 1245 siguo
457 1212 518 1242 est,
527 1215 581 1234 eos
591 1215 642 1234 vo-

70 1251 136 1281 latu
154 1250 258 1282 adesse
276 1251 327 1282 vel
343 1251 440 1281 abire.
455 1251 642 1281 Clamor-se-

70 1297 202 1334 candus,
215 1297 316 1334 laetus,
327 1305 363 1327 ut
372 1297 448 1327 alibi
458 1308 586 1338 quoque
598 1308 643 1326 re-

70 1343 172 1373 ditum
188 1354 304 1385 gruum
320 1354 360 1373 ex
375 1343 565 1373 australibus
574 1343 641 1384 pla-

69 1391 115 1431 gis
126 1413 134 1427 ‚
146 1390 298 1420 redeunte
313 1400 397 1427 vere,
408 1389 544 1420 fundum
554 1400 641 1420 com-

69 1437 244 1476 parationis
269 1436 368 1466 fecere
399 1436 470 1472 alii,
502 1447 640 1476 quorum

70 1482 138 1512 loca
157 1484 305 1523 apposuit
325 1481 424 1512 Cerda
440 1491 447 1512 :
465 1489 539 1512 sunt
563 1485 639 1513 stat.

69 1528 170 1558 Theb.
187 1531 228 1565 V,
257 1539 292 1558 11
313 1545 359 1551 -
377 1529 436 1564 163
456 1528 562 1558 Valer.
591 1528 637 1558 Fl.

71 1575 136 1611 111,
159 1575 224 1614 359
249 1585 318 1614 sqq.
336 1585 355 1612 ;l
373 1573 568 1604 Claudianus
599 1574 638 1603 de

68 1620 99 1650 b.
117 1620 249 1651 Gildou.
262 1626 325 1658 474
335 1637 380 1643 ——
392 1620 478 1657 4783
497 1620 634 1660 Oppiau.

67 1666 205 1696 Halieut.
235 1669 266 1704 1,
297 1667 507 1697 620—625.
528 1668 637 1697 Kouni

68 1723 144 1743 vero
159 1713 250 1743 locus
266 1713 322 1743 lib.
342 1714 435 1749 xlv,
454 1714 632 1751 331-—337

68 1765 152 1789 totus
162 1770 202 1789 ex
210 1760 349 1789 Homero
360 1766 406 1789 est
415 1760 635 1789 concinnatus.

115 1806 191 1845 269.
219 1807 393 1846 Totumque
412 1805 514 1835 allabi
529 1805 638 1834 classi-

67 1851 121 1881 bus
133 1862 251 1892 crquor.
270 1854 372 1882 Docte
390 1851 428 1881 de
451 1862 562 1892 magua
585 1862 638 1881 ua-

66 1899 153 1928 vium
165 1900 256 1939 copia
265 1921 273 1935 ‚
286 1898 323 1927 ad
338 1898 530 1929 Rutulorum
542 1897 639 1938 phan-

68 1945 190 1981 tasiam,
214 1951 244 1974 et
259 1944 298 1973 aul
312 1945 509 1974 mirationem
526 1945 639 1974 facien-

67 1989 136 2019 dam
154 1991 399 2021 accommodate.
419 1990 550 2032 Vulgari
573 2000 640 2021 ora-

69 2037 153 2066 tioue
166 2060 174 2072 ‚
201 2037 304 2066 classis
329 2037 476 2067 allabitur
500 2037 561 2066 late
582 2046 639 2076 per

67 2088 169 2112 totuin
187 2093 281 2112 mare.
299 2085 392 2113 Nunc
412 2094 496 2113 mare
513 2084 636 2123 ipsum,

66 2139 161 2168 quain
190 2128 283 2168 longe
315 2137 500 2170 prospectus
533 2135 635 2169 patet,

70 2175 204 2205 navibus
219 2182 356 2211 tectum,
377 2175 502 2206 videtur
523 2174 638 2205 adflue-

698 607 732 633 re
758 603 799 633 ad
823 603 899 633 litus
930 612 1004 632 cum
1024 602 1185 633 classibus.
1204 604 1271 633 Nec

699 650 788 679 aliter
814 650 952 680 Servius.
983 659 1106 686 270—
1122 649 1200 687 275.
1222 650 1271 679 De

698 706 824 725 summo
841 705 1002 726 armorum
1020 697 1146 732 AEneae,
1168 705 1239 735 quae
1254 706 1270 724 a

699 742 847 771 Vulcano
872 749 962 771 erant
985 741 1065 770 facta
1077 764 1085 778 ‚
1102 741 1271 782 splendore

697 787 899 828 cogitandum
910 795 971 824 est,
985 797 1080 827 quem
1094 798 1151 827 per
1163 789 1270 827 ignem

696 841 727 863 et
752 834 911 863 flammam
937 833 1028 863 reddi
1051 833 1182 863 solenne
1201 841 1269 871 est;

697 882 854 910 Homerus
876 890 952 909 vero
982 881 1082 919 ipsam
1110 879 1268 909 flammam

696 928 783 956 exire
800 927 873 956 fecit
887 927 991 956 armis.
1010 925 1104 956 Plura
1117 932 1192 955 sunt
1205 927 1268 956 Ho-

695 974 811 1002 merica
826 973 894 1002 loca
904 995 912 1009 ‚
923 983 995 1012 quae
1010 973 1102 1002 Maro
1112 979 1183 1001 aute
1195 982 1268 1002 ocu-

693 1019 742 1049 los
767 1019 897 1055 habuit,
912 1028 984 1058 quae
1010 1018 1048 1047 ab
1069 1019 1173 1048 otioso
1197 1017 1268 1047 dili-

694 1072 803 1106 genter
830 1065 1006 1105 comparari
1037 1070 1189 1104 possunt,
1217 1063 1269 1093 ad-

695 1111 832 1141 scribere
849 1122 883 1141 ea
906 1121 972 1140 nou
996 1117 1086 1139 vacat
1103 1119 1111 1139 :
1127 1111 1268 1150 primum

695 1157 985 1198 splendidissimum
1003 1156 1095 1185 illum
1126 1155 1165 1185 de
1190 1157 1266 1186 Dio-

695 1204 785 1234 mede
801 1203 890 1234 lliad.
910 1214 921 1232 ε
934 1226 942 1239 ,
961 1209 979 1238 4
989 1220 1035 1225 --
1046 1213 1061 1240 7
1075 1224 1084 1239 ‚
1098 1212 1194 1242 quem
1213 1212 1266 1232 va-

696 1251 789 1280 riavit
804 1251 838 1280 in
852 1249 976 1280 Achille
990 1248 1078 1279 Iliad.
1096 1259 1114 1278 σ
1124 1270 1133 1284 ,
1153 1249 1266 1278 205—

698 1303 776 1332 214.
786 1296 837 1326 Ad
852 1297 940 1326 hunc
954 1296 1100 1336 inprimis
1115 1297 1267 1335 respexis-

694 1353 726 1373 se
745 1342 871 1372 videtur
892 1344 997 1372 Maro.
1024 1340 1266 1381 Comparandus

694 1399 823 1430 qnoque
835 1399 906 1429 sup.
923 1389 1005 1425 VII,
1024 1387 1266 1425 785—788.-

696 1446 773 1473 270.
795 1437 909 1475 Aptae,
926 1435 1077 1474 cogitavit
1088 1433 1181 1474 λοφὸν
1192 1456 1200 1470 ,
1215 1444 1266 1463 co-

694 1492 790 1518 num,
808 1482 860 1510 cui
889 1482 980 1510 crista
1010 1482 1147 1515 inserta;
1166 1478 1265 1520 desig-

693 1534 747 1557 nat
763 1534 867 1556 tamen
886 1533 983 1556 totam
1000 1527 1132 1555 omnino
1147 1525 1265 1565 galeam

692 1584 752 1602 aere
769 1579 997 1602 coruscantem.
1012 1589 1057 1594 --
1075 1582 1152 1609 ²72·
1172 1570 1266 1601 Com-

690 1620 887 1659 parationem
914 1626 1046 1647 comelae
1068 1617 1106 1647 de
1130 1627 1189 1647 suo
1211 1617 1265 1646 ad-

687 1666 763 1703 jecit
779 1667 871 1695 Maro
888 1674 895 1695 z
919 1675 992 1693 nam
1015 1663 1104 1694 Iliad.
1123 1659 1161 1700 ὃ,
1183 1674 1265 1694 vers.

694 1712 734 1749 75
751 1729 797 1734 -—
814 1722 852 1749 77
884 1710 923 1740 de
953 1709 1051 1742 stellae
1080 1710 1265 1748 trajectione

691 1759 772 1798 agit,
789 1768 856 1787 nou
876 1756 915 1787 de
939 1763 1072 1787 cometa.
1098 1757 1275 1787 Maronem.

691 1805 803 1833 imitati
815 1811 889 1833 suut
900 1826 909 1839 ‚
925 1813 1005 1843 quos
1020 1802 1119 1834 Cerda
1134 1801 1242 1832 laudat
1256 1824 1265 1836 ,

691 1851 858 1891 diligenter
885 1850 981 1881 Silius
1004 1848 1062 1879 lib.
1080 1850 1116 1884 1,
1142 1848 1262 1883 460—

694 1897 758 1933 464
771 1919 780 1934 ,
797 1903 826 1926 et
839 1895 1003 1926 Claudian.
1017 1894 1056 1924 de
1069 1896 1108 1925 R.
1123 1895 1210 1924 Pros.
1230 1895 1261 1927 1.

694 1943 877 1977 230—234
889 1965 897 1978 ‚
914 1942 970 1981 qui
993 1940 1197 1971 Homericum
1218 1940 1263 1970 lo-

693 1999 764 2019 cum
779 1988 875 2018 modo
899 1986 1059 2017 laudatum
1076 1985 1113 2016 ad
1129 1986 1263 2016 verbum

692 2034 855 2075 expressit.
874 2033 1046 2073 Quomodo
1068 2034 1168 2062 nostri
1186 2043 1262 2073 poe-

692 2088 731 2111 tae
747 2080 901 2110 excellere
912 2102 920 2116 ‚
934 2086 964 2110 et
980 2090 1129 2120 superare
1142 2079 1264 2119 possint

691 2134 827 2163 vetera,
843 2125 1024 2166 exemplum
1039 2132 1105 2155 esto
1118 2124 1180 2155 hoc
1194 2125 1264 2155 Mil-

693 2174 760 2205 toui
779 2172 901 2204 Pnrad.
932 2174 1021 2207 Lost,
1052 2171 1107 2203 lib.
1130 2172 1177 2209 11,
1199 2172 1263 2209 7⁰8
