1414 2435
610 66 734 96 LIBER
758 66 834 97 ΧΠ.

120 120 226 158 Sistit
245 134 363 171 equos
382 121 540 171 bijugis,
564 129 601 158 et
620 135 737 159 curru
759 122 900 168 desilit,
920 132 1035 173 atque

1262 66 1326 104 259

1276 130 1326 154 353

123 181 341 218 Semianimi
361 182 543 231 lapsoque
561 182 800 232 supervenit,
821 191 875 229 et,
895 183 992 232 pede
1009 184 1107 220 collo

125 244 318 291 Inpresso,
339 241 483 279 dextrae
502 256 724 280 mucronem
741 251 960 293 extorquet,
982 252 1018 280 et
1037 244 1112 281 alto

120 302 339 351 Fulgentem
360 302 498 352 tinguit
510 303 664 353 jugulo3
687 313 800 352 atque
820 303 902 339 haee
922 303 1078 353 insuper
1099 303 1203 341 addit
1226 318 1233 339 :

119 377 134 393 «
154 362 231 406 En,
253 374 381 411 agros,
401 371 437 399 et
456 376 570 412 quam
589 362 690 400 bello
703 393 713 410 ,
735 363 918 413 Trojane,
938 365 1086 413 petisti,

118 422 343 470 Hesperiam
360 423 494 460 metire
510 424 640 474 jacens
658 437 666 459 ε
687 423 769 460 haec
787 423 962 473 praemia,
980 425 1046 473 qui
1064 436 1123 459 me

1273 430 1321 454 360

117 484 235 519 Ferro
257 482 339 519 ausi
354 492 520 530 tentare,
539 484 683 530 ferunt3
703 485 757 521 sie
776 485 915 520 moenia
934 483 1114 520 condunt.
1134 500 1148 515 »

118 542 217 578 Huic
235 543 413 580 comitem
433 543 605 581 Asbuten
625 544 796 593 conjecta
816 543 974 593 cuspide
994 543 1126 589 mittit3

117 602 373 651 Chloreaque,
391 602 662 653 Sybarimque,
680 606 917 653 Daretaque,
934 602 1317 651 Thersilochumquc3

116 663 164 699 Et
184 663 364 699 sternacis
383 664 471 712 equi
489 664 636 713 lapsum
655 663 803 700 cervice
824 663 1063 712 Thymoeten.

116 725 172 758 Ac
191 723 295 759 velut
318 721 443 759 Edoni
461 726 593 760 Boreae
613 736 732 772 quum
751 723 906 772 spiritus
927 724 1004 759 alto
1271 729 1317 752 ³6⁵

116 785 270 821 Insonat
288 785 436 833 AEgaeo,
457 785 705 833 sequiturque
726 782 774 820 ad
794 783 906 820 litora
926 782 1081 828 fluctus,

119 847 205 891 Qua
221 845 324 881 venti
339 844 565 892 incubuere3
585 844 713 894 fugam
730 844 820 881 dant
836 842 966 880 nubila
985 844 1081 879 coelo
1100 857 1108 878 :

116 903 178 941 Sic
195 905 343 951 Turno,
365 917 604 954 quacumque
625 903 725 943 viam
744 912 861 950 secat,
885 902 1033 952 agmina
1053 901 1191 939 cedunt

112 1041 199 1060 nunc
220 1042 288 1062 non
309 1032 459 1071 haberet,
479 1027 681 1071 mueronem,

112 1088 168 1107 seu
189 1078 330 1118 gladium
351 1079 436 1108 illius
461 1090 558 1108 manu
582 1086 687 1110 extor-

112 1130 206 1163 quet,
225 1135 292 1164 quo
311 1134 384 1154 eum
396 1125 530 1165 jugulet.
546 1143 592 1149 —-
608 1126 683 1157 355.

117 1170 214 1199 Curru
227 1170 335 1200 desilit
349 1170 416 1200 αῖιο
434 1171 532 1201 Goth.
550 1178 634 1209 tert.‚
645 1173 685 1203 ad

113 1227 222 1246 aurem
238 1217 363 1257 plenius
387 1225 418 1247 et
439 1219 577 1248 suavius.
595 1219 683 1249 Alte-

111 1273 184 1293 rum
203 1270 307 1293 tamen
321 1265 584 1304 pronuntiatione
599 1264 685 1304 adju-

111 1309 265 1341 vandum.
279 1328 326 1333 --
338 1311 452 1340 Desilit
465 1312 592 1340 Turnus
611 1322 684 1341 cur-

111 1367 168 1393 ru,
188 1363 225 1386 ut
238 1367 320 1397 saepe
333 1364 512 1398 pugnantes
532 1356 570 1386 de
587 1359 685 1387 curri-

110 1402 171 1432 bus
199 1404 344 1433 comiuus
369 1405 580 1444 congressuri.
603 1415 634 1434 v.
652 1415 679 1435 c.

110 1449 202 1479 Iliad.
227 1461 270 1493 γ,
298 1460 359 1490 29;
382 1450 439 1479 inf.
466 1461 497 1480 v.
525 1450 603 1480 681.
634 1468 682 1474 -—-

111 1496 188 1533 357.
206 1497 371 1537 Expresso
389 1495 507 1527 Medic.
528 1507 546 1525 a
564 1507 607 1527 m.
629 1508 678 1538 pr.

109 1543 244 1572 Dextroe
269 1542 344 1573 iude
363 1543 403 1572 ab
422 1542 497 1573 Ald.
521 1550 592 1576 tent.
617 1544 680 1574 edi-

109 1595 178 1617 tum
193 1588 332 1619 firmavit
346 1591 456 1620 Heius.
475 1600 492 1619 e
510 1588 603 1620 codd.
620 1601 680 1630 pro

108 1645 128 1662 v
167 1636 250 1672 uari,
273 1635 402 1666 dextra.
426 1653 474 1659 —
499 1636 576 1666 358.
606 1636 680 1666 Tin-

105 1679 178 1720 guic
193 1681 346 1711 Commel.
369 1691 386 1710 e
410 1682 506 1712 Palat.
532 1681 631 1712 edidit
648 1690 680 1713 et

108 1725 247 1756 firmavit
274 1727 384 1756 Heius.
409 1737 425 1756 e
448 1727 528 1757 libb.
559 1729 624 1757 suis
649 1736 680 1759 et

109 1773 190 1802 Pier.
210 1783 270 1813 pro
288 1772 410 1808 cinxia
427 1779 495 1802 tum
505 1772 617 1812 jaculo
634 1776 680 1804 vi-

108 1819 192 1849 tium
205 1819 254 1849 ed.
265 1820 346 1849 Dan.
357 1819 491 1848 Heinsii.
502 1820 594 1848 Dixit
608 1830 680 1860 poe-

108 1871 141 1895 ta
167 1866 325 1906 exquisite
346 1865 467 1907 cingere
480 1864 615 1906 jugulo,
646 1866 677 1897 h.

108 1913 262 1953 sauguine
278 1912 401 1954 juguli,
420 1911 471 1941 vel
489 1912 677 1949 immittere,

108 1956 289 1999 demergere
312 1959 346 1988 iu
363 1958 522 1999 jugulum.
538 1974 583 1980 —-
601 1958 677 1989 360.

109 2004 225 2034 Amara
238 2005 363 2042 irrisio3
379 2004 489 2034 metire
502 2014 591 2046 agros
606 2015 678 2034 cor-

109 2060 206 2103 pore,
230 2062 312 2092 quos
335 2052 427 2082 novis
453 2051 575 2081 colonis
598 2053 678 2081 Tro-

107 2097 176 2133 jani
206 2098 311 2128 metiri
340 2105 373 2128 et
404 2098 560 2139 assignate
592 2097 678 2127 vole-

111 2141 199 2172 bant.

159 2189 235 2221 365.
257 2190 391 2230 AEdqm’i
403 2191 477 2223 Ald.
493 2202 560 2233 pr.‚
576 2201 679 2222 emen-

740 1030 850 1062 datum
865 1029 974 1061 Edoni
986 1030 1050 1067 jam
1064 1030 1099 1059 in
1115 1039 1176 1059 sec.
1193 1029 1317 1058 Edonci

741 1078 804 1108 fere
834 1088 944 1108 omnes
972 1077 1053 1107 Pier.
1085 1083 1116 1105 et
1146 1075 1199 1105 alii
1229 1076 1313 1116 apud

739 1125 847 1156 Heius.
868 1131 899 1154 et
919 1125 1093 1154 Burmann.
1113 1122 1218 1152 Male:
1239 1133 1312 1151 nam

738 1163 883 1206 Ηὸωνοϋς
908 1181 973 1200 esse
991 1170 1064 1199 satis
1089 1175 1222 1198 constat.
1248 1168 1311 1198 vid.

738 1217 841 1248 Bentl.
857 1216 897 1246 ad
912 1219 1024 1246 Horat.
1040 1217 1089 1245 111
1107 1214 1168 1246 Od.
1186 1215 1228 1244 25
1240 1237 1248 1251 ‚
1270 1226 1289 1255 9
1302 1237 1310 1251 ,

738 1270 769 1292 et
790 1265 899 1304 Intpp.
919 1263 960 1292 ad
972 1261 1109 1292 Theocr.
1128 1262 1192 1290 VII
1203 1283 1211 1297 ‚
1234 1272 1247 1290 1
1258 1273 1270 1291 1
1282 1272 1308 1292 1.

737 1309 869 1339 Editum
895 1318 1025 1350 quoque
1053 1307 1163 1336 Edoni
1185 1308 1250 1345 jam
1275 1309 1309 1337 in

738 1363 815 1386 vett.
831 1355 903 1385 edd.
920 1362 950 1384 et
966 1353 1130 1383 defensum
1143 1355 1177 1382 in
1193 1354 1312 1383 Servia-

736 1403 785 1431 nis
808 1402 958 1432 adversus
976 1402 1140 1430 Donatum
1156 1409 1164 1430 :
1188 1400 1246 1429 etsi
1264 1400 1310 1430 ibi

734 1459 827 1479 mons
866 1448 1010 1479 Thraciae
1042 1446 1139 1475 Edon
1174 1445 1309 1476 obscura

734 1493 798 1525 fide
830 1495 936 1525 editur
952 1516 960 1531 ,
985 1503 1088 1534 quum
1121 1491 1161 1522 de
1187 1493 1308 1533 populo

734 1542 879 1572 Thraciae
892 1540 1012 1571 Edonis
1026 1546 1151 1569 tantum
1164 1546 1287 1569 constet
1299 1550 1307 1570 ;

733 1587 820 1618 unde
835 1598 923 1618 nuuc
938 1587 1071 1617 Edonus
1085 1587 1208 1616 Boreas
1218 1607 1226 1620 ,
1246 1596 1304 1626 pro

733 1634 913 1672 Edouicus‚
943 1633 1126 1664 Thracicus.
1145 1650 1192 1655 —
1208 1632 1306 1662 Velut

732 1681 848 1711 Boreas
871 1680 973 1710 nubes
991 1679 1098 1720 fugat,
1117 1679 1163 1708 sic
1176 1680 1305 1709 Turnus

732 1727 793 1756 late
820 1734 892 1756 ante
915 1737 948 1756 se
975 1726 1131 1763 Trojanos
1153 1725 1225 1765 agit.
1253 1725 1307 1752 In-

733 1773 892 1802 cumbunt
917 1778 1022 1801 autem
1044 1770 1207 1809 aquilones
1226 1771 1306 1799 mari

733 1821 839 1858 AEgaeo
867 1817 1013 1858 inprimis
1039 1816 1198 1856 graviter,
1230 1823 1306 1845 sum

734 1865 820 1893 enim
833 1863 869 1893 hi
887 1863 1055 1893 etesiae.—
1067 1861 1143 1891 366.
1159 1862 1302 1892 Insonae.

733 1910 834 1939 Etiam
850 1910 921 1945 hic,
932 1907 1021 1950 quod
1037 1907 1128 1937 facile
1142 1914 1305 1948 exspecta-

732 1967 799 1993 res,
814 1956 923 1986 intulit
943 1952 1122 1986 Wakefield
1145 1955 1302 1990 Intonat,

730 2009 767 2031 ut
776 2003 888 2032 ceteris
901 2002 965 2032 fere
976 2001 1064 2031 locis.
1076 2000 1205 2030 Placent
1217 2001 1303 2030 euim

731 2045 793 2079 τὰ.
781 2046 975 2092 τραγικώτεᾶ
962 2047 1079 2085 2,etsi
1089 2047 1220 2088 inepico
1229 2057 1304 2087 poe-

731 2101 771 2125 ta.
776 2096 901 2133 —367.
913 2096 1036 2136 Fugam
1049 2093 1149 2131 dane,
1166 2093 1305 2130 faciunt,

731 2148 768 2171 ut
791 2143 856 2180 jam
876 2141 953 2171 alibi
971 2139 1117 2171 vidimus.
1131 2141 1213 2170 Mox
1234 2139 1302 2179 369

735 2189 898 2219 Conversoe
909 2211 918 2227 ,
934 2198 990 2219 seu
1010 2197 1110 2218 versae
1125 2186 1162 2216 in
1178 2186 1283 2227 fugam
1293 2207 1302 2222 ,
