1414 2435
117 66 177 96 1¹04

612 61 807 93 AENEIDOS

112 119 161 155 Se
178 117 319 164 femur,
338 125 394 164 et,
412 131 641 168 quamquam
659 119 717 156 vis
734 119 810 155 alto
828 117 984 155 volnere
1001 117 1142 164 tardat,

111 176 225 213 Haud
241 176 426 226 dejectus,
446 191 586 228 equum
606 177 694 215 duci
711 177 833 228 jubet.
851 180 934 214 Hoc
954 177 1068 214 decus
1087 178 1160 223 illi,

112 238 195 273 Hoc
215 237 381 273 solamen
398 247 497 284 erat3
517 237 626 275 bellis
642 237 716 274 hoc
734 239 858 274 victor
877 237 1007 274 abibat

112 295 317 343 Omnibus3
338 296 555 347 adloquitur
573 305 812 345 moerentem,
832 308 870 334 et
888 297 1026 334 talibus
1041 297 1123 334 infit
1141 311 1149 331 :

1259 305 1308 330 86⁰

112 372 126 388 α
147 355 315 402 Rhoebe,
335 355 420 402 diu,
441 370 501 394 res
517 356 549 393 si
567 368 644 405 qua
660 355 726 391 diu
742 356 968 393 mortalibus
987 357 1063 393 ulla
1078 365 1151 402 est,

109 416 281 454 Viximus
299 431 307 452 :
329 424 393 453 aut
411 416 527 453 hodie
545 416 669 453 victor
684 415 805 465 spolia
827 415 890 452 illa
909 423 1066 453 cruenta

108 477 155 512 Et
170 484 284 525 caput
302 477 429 512 AEneae
447 476 606 521 referes,
626 474 817 524 Lausique
837 474 1013 511 dolorum

108 535 221 571 Ultor
236 535 310 572 eris
328 547 493 582 mecum;
514 542 597 581 aut,
616 534 738 584 aperit
757 534 790 571 si
807 534 911 570 nulla
929 534 1029 571 viam
1048 533 1125 580 vis,

108 594 322 632 Occumbes
340 596 485 646 pariter
501 609 509 631 ε
530 608 654 644 neque
673 595 792 641 enim,
809 594 1030 640 fortissime,
1050 593 1164 630 credo

1258 602 1307 626 865

107 658 128 691 J
132 668 216 692 ussa
233 655 354 692 aliena
370 655 467 705 pati,
489 664 526 692 et
546 655 720 692 dominos
737 653 944 704 dignabere
963 657 1142 692 Teucros.
1161 671 1175 687 υ

106 714 235 760 Dixit,
253 724 290 752 et
309 723 489 764 exceptus
509 723 616 765 tergo
636 723 817 752 consueta
836 715 975 752 locavit
1006 742 1037 754 r-

107 774 300 820 Membra,
319 787 528 824 manusque
551 774 680 812 ambas
693 775 829 825 jaculis
847 775 1021 812 oneravit
1037 775 1173 821 acutis,

106 835 195 871 AEre
212 842 326 884 caput
345 834 509 884 fulgens,
526 835 714 884 cristaque
733 833 902 872 hirsutus
919 835 1067 884 equina.

155 974 233 1014 857,
250 975 388 1006 Primum
401 997 409 1012 ,
428 985 488 1015 pro
511 975 582 1011 vis,
611 985 680 1016 pas-

107 1022 166 1050 sim
186 1021 220 1050 in
245 1021 340 1050 codd.
365 1031 432 1050 sese
456 1020 522 1050 alto
545 1021 596 1050 vel
613 1021 681 1051 alto

108 1077 175 1096 sese
185 1089 194 1103 ,
214 1067 265 1096 vel
278 1066 422 1107 quamvis
435 1066 502 1096 aleo
517 1077 566 1102 se,
584 1078 623 1096 ex
636 1067 682 1096 in-

106 1112 317 1153 terpolatione
343 1112 550 1143 indoctorum
575 1113 678 1142 homi-

106 1169 197 1189 num.
214 1161 298 1189 Tum
319 1169 397 1188 vero
417 1158 472 1188 vis
491 1158 598 1189 tardet
611 1161 680 1189 Me·

107 1205 170 1235 dic.
195 1214 212 1233 a
231 1215 316 1234 man.
339 1215 400 1234 sec.
421 1211 452 1234 et
475 1214 491 1233 a
512 1215 561 1245 pr.
580 1205 678 1242 Gud.,

107 1260 245 1290 cumque
259 1251 297 1280 iis
311 1249 418 1279 tardet
428 1251 572 1291 plerique
584 1251 676 1282 codd.

104 1303 136 1326 et
149 1295 221 1326 edd.
235 1302 312 1326 vett.
329 1295 442 1325 Forma
456 1303 560 1326 tamen
570 1297 676 1335 verbi,

104 1341 236 1378 tardeo‚
260 1353 329 1377 ere,
357 1342 434 1371 alibi
452 1343 509 1372 vix
524 1344 676 1374 occurrit.

106 1388 162 1417 Vis
180 1405 225 1410 —-
244 1388 355 1418 tardat
379 1390 472 1418 Rom.
503 1395 533 1418 et
564 1389 615 1426 al.‚
640 1390 675 1420 it.

105 1433 204 1464 Goth.
225 1445 286 1475 pr„
311 1440 396 1463 recte
422 1443 429 1464 :
455 1434 542 1474 quod
566 1436 676 1466 Heius.

103 1481 352 1520 interpretatur3
377 1479 478 1509 tardat
500 1491 550 1517 se,
575 1481 676 1510 tarda-

105 1534 167 1556 tur.
183 1526 223 1555 cf.
238 1537 308 1567 sup.
323 1524 362 1554 ad
375 1527 446 1555 AEn.
463 1527 510 1562 11,
527 1527 603 1557 208.
620 1529 678 1557 Po-

103 1577 164 1601 test
186 1578 290 1601 tamen
309 1570 476 1601 commode
497 1572 550 1601 ‘vis
569 1572 679 1601 tardat

104 1618 222 1658 accipi,
252 1617 347 1647 solito
375 1624 540 1656 poetarum
569 1628 675 1654 more,

105 1674 164 1705 pro
183 1664 300 1693 virium
319 1662 460 1693 defectus
473 1663 591 1694 tardat.
606 1665 676 1695 Ser-

105 1710 177 1739 vius
192 1710 283 1739 aliter
298 1708 437 1739 reddidit
453 1719 460 1740 :
481 1710 542 1739 alti
561 1709 676 1739 volne-

106 1755 148 1785 ris
178 1755 357 1791 violentia,
387 1762 424 1785 ut
452 1755 530 1786 adeo
559 1756 678 1786 doloris

107 1803 197 1832 notio
216 1801 365 1841 adjuncta
383 1802 433 1832 sit.
453 1801 552 1833 Cerda
567 1803 677 1844 legisse

107 1848 233 1878 videtur
247 1858 254 1879 ε
269 1847 322 1877 ‘vis
337 1847 404 1877 alto
419 1848 556 1878 volnere
570 1849 676 1878 tarda.

106 1912 153 1918 —
170 1895 246 1925 858.
273 1894 370 1924 Haud
390 1894 544 1934 dejectus,
572 1896 678 1925 auimo

109 1940 192 1970 haud
212 1941 346 1980 dejecto.
367 1958 413 1964 -—
430 1941 496 1971 860
520 1952 588 1982 sqq.
606 1943 679 1971 Dis-

109 1986 224 2027 plicuit
261 1987 328 2017 hice
360 1987 399 2016 ad
433 1998 550 2027 equum
587 1997 682 2017 suum

110 2034 262 2063 Mezentii
300 2034 402 2064 oratio
444 2033 682 2063 venustioribus

113 2086 218 2108 nostra
235 2085 333 2110 aetate.
349 2081 421 2110 Non
437 2078 604 2110 defendam
619 2081 683 2110 Ho-

113 2126 191 2154 meri
207 2126 368 2165 exemplo,
387 2127 421 2155 iu
440 2127 587 2156 Hectoris
602 2133 633 2156 et
648 2127 682 2155 iu

114 2170 247 2201 Achilli.-
263 2172 350 2212 equis
370 2172 456 2201 lliad.
474 2173 502 2210 0,
530 2173 591 2206 181.
612 2183 679 2212 sqq.

735 986 763 1013 τ,
780 975 845 1016 399
855 984 936 1016 sqq„
951 980 1006 1005 aut
1019 974 1109 1006 Statii
1118 974 1305 1011 imitatione,

734 1022 785 1052 vel
814 1021 898 1058 Silii;
931 1021 1003 1061 {111ae
1031 1021 1069 1050 ad
1098 1021 1172 1050 alias
1200 1027 1305 1050 aetates

733 1069 893 1108 pertinere
920 1066 1020 1096 videri
1043 1073 1158 1107 potest.
1184 1065 1245 1096 Sed
1268 1067 1303 1095 iu

733 1121 855 1143 naturae
876 1113 1023 1142 humanae
1046 1111 1154 1142 indole
1177 1111 1239 1141 hoc
1256 1112 1306 1152 ip-

732 1170 803 1189 sum
827 1158 954 1189 videtur
980 1159 1041 1189 alte
1065 1159 1197 1187 insitum
1221 1168 1303 1190 esse.

732 1212 770 1235 ut
799 1216 873 1235 cum
904 1206 941 1234 iis
968 1206 1045 1246 ipsis
1073 1203 1303 1240 animantibus,

732 1251 851 1292 quibus
860 1251 916 1281 diu
925 1250 1127 1281 adsuevimus
1135 1273 1142 1287 ‚
1155 1257 1303 1290 tanquam

733 1307 807 1327 cum
839 1297 1047 1328 familiaribus
1077 1303 1109 1326 et
1141 1295 1304 1326 sodalibus

732 1354 857 1385 agamus
881 1350 912 1374 et
927 1342 1182 1373 confabulemur.
1196 1344 1303 1382 Atque

730 1389 793 1420 hoc
807 1391 913 1430 ipsum
927 1390 1121 1430 optimorum
1137 1388 1303 1418 hominum

732 1436 930 1466 confessione
958 1434 1120 1465 firmatum
1151 1434 1301 1464 vidimus.

731 1483 804 1512 Non
818 1491 894 1511 vero
906 1491 966 1521 pro
979 1482 1061 1521 epici
1077 1481 1224 1510 caminis
1239 1478 1303 1520 dig—

731 1528 829 1556 nitate
854 1527 948 1555 nimis
973 1526 1094 1556 humile
1117 1525 1179 1555 hoc
1202 1524 1302 1554 videri

730 1571 824 1602 debet
839 1573 873 1601 in
889 1581 972 1612 equo
990 1571 1152 1601 bellatore.
1178 1572 1215 1600 In
1234 1571 1302 1600 Me·

730 1619 835 1647 zentio
851 1617 1127 1647 accommodatum
1141 1623 1205 1646 erat
1219 1626 1303 1646 com-

730 1671 870 1694 mentum
881 1686 888 1700 ,
905 1664 980 1704 quia
994 1673 1070 1693 mox
1084 1664 1156 1703 equi
1171 1662 1303 1692 vulnero

731 1711 790 1750 ipsi
818 1711 930 1739 sessori
960 1709 1061 1739 caedes
1090 1715 1227 1750 paratur.
1255 1725 1302 1731 —-

733 1756 810 1785 861.
837 1757 896 1786 Res
914 1755 942 1785 si
959 1767 1024 1796 qua
1042 1755 1096 1786 diu
1117 1753 1301 1784 mortalibus

731 1803 799 1832 ulla
813 1809 872 1838 est,
888 1801 956 1832 scil.
974 1803 1007 1831 in
1021 1801 1108 1832 fluxa
1122 1801 1180 1831 hac
1194 1810 1301 1830 rerum

732 1847 926 1879 conditione.
955 1849 1069 1879 Gravis
1096 1847 1250 1877 sententia
1271 1853 1301 1875 et

731 1895 764 1925 h.
779 1894 800 1926 l.
815 1894 946 1924 affectus
959 1895 1062 1935 plena.
1072 1910 1119 1916 —
1129 1893 1206 1922 863.
1226 1893 1302 1921 Lau-

734 1941 763 1970 si
776 1941 938 1975 dolomm.
966 1951 1007 1970 ex
1030 1940 1121 1969 Lausi
1145 1938 1249 1974 ccede,
1267 1945 1301 1967 ut

735 1993 782 2017 tot
798 1987 856 2016 alin
872 1997 880 2018 :
898 1988 945 2023 11,
965 1997 980 2024 7
999 1985 1142 2015 lacrima·
1166 1985 1301 2014 (ἵν-σακε.

734 2050 779 2055 —-
796 2033 858 2070 867
875 2043 941 2072 sqq.
958 2031 1009 2062 Ad
1027 2030 1188 2075 ἐνάργειαν
1203 2041 1219 2060 a
1232 2041 1304 2071 poe-

736 2086 764 2108 ta
794 2078 934 2117 subjecta
960 2085 1035 2108 sunt
1047 2100 1054 2114 ,
1085 2085 1120 2107 ut
1153 2077 1304 2107 Mezentii

734 2126 836 2166 imago
849 2124 994 2155 sensibus
1011 2125 1126 2154 nostris
1146 2123 1207 2153 alte
1230 2124 1306 2153 inni-

735 2170 816 2202 deat.
