1414 2435
106 61 186 98 154¹

597 61 791 92 AENEIDOS

102 123 253 157 Interea
271 116 392 154 socios
409 116 681 166 inhumataque
700 131 863 169 corpora
879 128 990 156 terrae

103 177 343 223 Mandemus;
362 175 429 225 qui
446 177 546 214 solus
565 176 687 215 honos
704 179 919 216 Acheronte
936 179 1006 216 sub
1027 179 1102 216 imo
1120 190 1186 218 est.

104 243 179 285 Ite,
200 238 268 283 ait;
289 237 457 286 egregias
476 237 636 283 animas,
657 251 741 287 quae
756 240 938 289 sanguine
955 239 1066 276 nobis

104 301 209 334 Hanc
228 296 388 345 patriam
408 310 591 347 peperere
610 311 696 343 suo,
715 298 892 335 decorate
910 300 1095 349 supremis
1264 308 1294 331 25

103 355 345 401 Muneribus,
365 364 610 406 moestamque
628 358 795 395 Evandri
814 359 958 408 primus
978 359 1026 396 ad
1046 359 1180 396 urbem

104 417 278 453 Mittatur
297 417 433 462 Pallas,
454 430 566 466 quem
584 430 661 454 non
679 418 832 455 virtutis
852 427 1024 468 egentem

103 476 269 514 Abstulit
288 485 369 514 atra
388 477 485 523 dies,
505 485 543 514 et
563 478 695 514 funere
714 478 843 515 mersit
863 478 1012 516 acerbo.
1031 495 1046 511 a

157 535 219 572 Sic
239 536 291 572 ait
309 535 565 582 inlacrimans,
584 536 796 586 recipitque
816 537 865 574 ad
885 538 1014 574 limina
1030 551 1216 587 gressum,

104 597 249 644 Corpus
267 595 334 632 ubi
353 597 517 632 exanimi
534 596 700 646 positum
720 597 894 634 Pallantis
910 600 1056 634 Acoetes
1263 606 1293 629 3⁰

105 654 289 690 Servabat
307 657 450 702 senior,
468 656 534 705 qui
553 655 754 693 Parrhasio
771 657 948 694 Evandro

104 714 279 764 Armiger
299 725 383 752 ante
399 716 487 762 fuit;
507 715 574 753 sed
591 729 667 752 non
686 716 858 754 felicibus
878 730 983 766 aeque

105 776 203 809 Tum
221 787 346 811 comes
366 775 541 824 auspiciis
561 788 650 812 caro
670 776 779 813 datus
796 776 876 813 ibat
895 777 1058 813 alumno.

106 833 256 870 Circum
273 834 392 871 omnis
413 835 670 884 famulumque
689 848 821 871 manus
842 836 1082 885 Trojanaquc
1100 836 1229 882 turba,

105 894 152 929 Et
167 902 340 929 moestum
358 893 493 930 Iliades
509 894 651 930 crinem
670 893 716 929 de
735 907 840 930 more
859 895 1001 931 solutae.
1264 903 1295 934 35

105 954 158 988 Ut
172 965 263 988 vero
283 954 418 989 AEneas
438 952 584 990 foribus
603 966 682 990 sese
701 953 828 990 intulit
845 954 947 1000 altis,

106 1014 300 1062 Ingentem
318 1012 498 1063 gemitum
515 1012 633 1050 tunsis
652 1013 699 1049 ad
721 1013 846 1050 sidera
865 1014 1000 1050 tollunt

102 1151 212 1188 juncta
227 1149 371 1181 efficiunt
387 1162 395 1182 :
417 1151 523 1194 segnis
543 1159 626 1182 mem
641 1157 672 1181 et

105 1196 219 1226 tardet.
233 1214 280 1220 —
295 1199 348 1227 23.
371 1198 434 1238 Qui
450 1198 556 1233 solus;
571 1199 671 1227 notis-

104 1242 219 1271 simum
240 1243 321 1272 illud
336 1244 540 1273 Homericum
554 1242 588 1273 τὸ
608 1240 670 1286 γὰρ

82 1329 87 1333 x
105 1286 200 1330 γέρας
220 1285 267 1323 §qt
281 1286 432 1319 θανόντων
449 1289 538 1319 Iliad.
552 1300 588 1326 π,
605 1290 672 1327 675

106 1340 137 1363 et
160 1333 247 1363 alibi.
269 1351 317 1358 ·—
334 1341 387 1371 24.
412 1336 540 1365 Servius
557 1345 565 1365 ε
583 1350 598 1361 «
618 1335 675 1364 Vi-

108 1380 184 1409 tiose
202 1381 237 1409 in
258 1381 358 1411 media
375 1382 516 1411 oratione
531 1381 580 1410 ait
593 1382 676 1422 posi·

108 1431 175 1455 tum
204 1426 314 1456 Critici
338 1434 461 1457 notant.
486 1441 501 1453 n
525 1428 603 1457 Satis
626 1429 675 1456 in-

107 1470 217 1501 doctos
234 1472 306 1502 illos
334 1474 429 1502 fuisse
457 1484 582 1503 necesse
604 1480 675 1503 est:

107 1527 205 1556 quum
222 1517 300 1548 adeo
316 1519 463 1558 frequens
475 1519 543 1548 haec
555 1520 595 1548 sit
612 1528 678 1548 ver-

109 1562 163 1592 hi:
183 1562 302 1603 inquit,
326 1564 391 1600 aie,
417 1565 551 1594 iteratio.
576 1564 678 1593 Aliter
699 1559 707 1567 ’

108 1609 214 1638 Burm.
230 1620 294 1638 rem
314 1609 442 1650 expedit
459 1619 466 1639 :
486 1616 522 1638 ut
539 1620 623 1639 nunc
638 1609 677 1639 ad

106 1654 221 1684 milites
238 1662 291 1685 aut
308 1655 441 1685 famulos
457 1666 488 1684 se
502 1662 676 1685 convertat.

108 1717 154 1722 -
172 1706 231 1737 24,
260 1702 320 1738 25,
350 1702 403 1731 26.
431 1702 560 1742 Egregia
588 1708 619 1730 et
643 1703 677 1731 in

108 1745 345 1777 laudationibus
360 1745 475 1790 (λόγοις
491 1744 676 1787 ἐπιταφίοις)

109 1802 166 1831 pro
185 1793 285 1833 patria
311 1800 508 1823 mortuorum
534 1793 678 1833 frequen-

105 1844 169 1868 tata
193 1840 305 1870 oratio.
327 1839 478 1879 Exempla
499 1839 596 1876 hujus
615 1840 677 1869 loci

108 1886 286 1915 communis
301 1886 505 1926 suppeditant
519 1886 677 1915 orationes

107 1930 254 1961 funebres
274 1932 411 1962 Platonis
430 1933 629 1962 Menexenus
647 1939 677 1961 et

111 1977 208 2016 Lysiae
222 1977 306 2007 haud
321 1989 386 2007 uno
402 1978 484 2008 loco.
504 1977 589 2007 Illud
603 1988 675 2017 pro-

109 2022 211 2060 prium
233 2025 382 2060 attexuit,
408 2024 495 2065 quod
514 2023 598 2053 hanc
616 2034 676 2063 1111-

108 2066 201 2096 triam
214 2068 311 2105 dixit,
326 2081 423 2100 novas
433 2070 520 2099 sedes
531 2071 563 2099 in
577 2071 674 2100 Latio.

109 2130 154 2135 —-
173 2124 225 2151 27·
247 2117 345 2154 Quem
362 2127 425 2145 non
443 2115 569 2145 virtutis
585 2126 676 2157 egen-

108 2165 173 2188 (em
197 2161 291 2191 Ennii
308 2173 432 2191 versum
450 2173 530 2199 esse,
550 2163 675 2193 Servius

724 1153 857 1182 notavit.
871 1152 1079 1181 Homericum
1093 1160 1100 1180 :
1113 1147 1185 1181 οὐδέ
1200 1162 1228 1181 τι
1246 1149 1297 1182 ἀλ-

726 1200 780 1233 κῆς
797 1194 970 1239 δευόμενον.

775 1254 828 1282 29.
857 1244 913 1272 Ad
936 1242 1070 1278 limina,
1096 1243 1133 1271 in
1163 1243 1296 1282 receptis

727 1290 835 1319 castris
858 1299 914 1319 seu
936 1298 1018 1318 nova
1042 1288 1148 1326 Troja.
1169 1288 1244 1323 Ubi,
1263 1289 1298 1317 in

728 1335 886 1365 vestibulo
909 1345 949 1364 ex
976 1344 1083 1370 more;
1101 1330 1162 1363 ἀνὰ
1185 1331 1297 1376 πρόθυ-

731 1391 800 1424 ρον,
819 1380 908 1410 Iliad.
927 1391 965 1417 τ,
990 1390 1128 1409 212.--
1143 1380 1197 1410 31.
1219 1382 1300 1409 Par-

728 1426 834 1456 rhasio
853 1426 1015 1456 Evandro.
1036 1425 1185 1456 Prosodia
1206 1425 1299 1456 docet

730 1483 796 1502 non
821 1472 984 1501 E-vandro
1008 1470 1074 1511 (sic
1093 1472 1178 1501 enim
1197 1471 1298 1511 prima

731 1518 835 1547 brevis
851 1517 963 1558 esset),
974 1516 1028 1546 sed
1042 1516 1212 1545 En-andro
1224 1527 1297 1556 pro—

731 1563 945 1592 nuntiandum
968 1572 1043 1591 esse.
1066 1563 1112 1591 Ita
1133 1563 1181 1591 En
1205 1561 1299 1603 longa

731 1616 777 1638 est
798 1608 938 1648 syllaba,
958 1615 988 1638 et
1019 1618 1127 1636 versus
1153 1607 1300 1648 spondai-

730 1665 803 1689 cus;
824 1655 883 1683 nisi
898 1656 947 1683 Eii
963 1654 1172 1694 pronuntiare
1187 1654 1277 1684 malis
1291 1664 1298 1684 :

731 1699 818 1741 quod
843 1700 991 1740 equidem
1015 1700 1120 1728 verius
1143 1709 1208 1728 esse
1226 1710 1299 1730 cen-

730 1757 794 1777 seo.
817 1763 863 1769 ——
892 1748 945 1776 32.
974 1745 1141 1786 Armiger,
1170 1742 1278 1782 ὀπάων
1290 1768 1298 1781 ,

731 1800 766 1822 ut
780 1794 844 1831 jam
857 1803 952 1833 supra
962 1814 970 1827 ,
982 1799 1012 1822 et
1027 1801 1131 1821 comes
1145 1788 1299 1832 θεράπων.

731 1856 776 1861 —-
796 1839 849 1869 35.
880 1839 1018 1873 Iliades,
1045 1844 1196 1867 matronae
1219 1838 1298 1867 Tro-

728 1886 819 1924 jante.
838 1885 877 1915 cf.
897 1895 967 1925 sup.
984 1883 1022 1914 ad
1044 1885 1110 1919 lx,
1132 1892 1209 1919 ²¹7·
1227 1883 1299 1913 Mos

730 1938 835 1961 autem
852 1937 1024 1971 perpetuus
1042 1929 1156 1958 veteris
1169 1929 1227 1957 aevi
1239 1951 1247 1964 ,
1264 1935 1299 1958 ut

730 1977 865 2006 lamenta
889 1987 985 2016 super
1007 1981 1135 2004 mortuo
1161 1973 1298 2004 facerent

730 2033 794 2052 uon
809 2023 887 2058 viri,
901 2022 954 2050 sed
971 2021 1092 2050 femina:
1109 2029 1116 2050 ε
1136 2019 1218 2050 idem
1232 2031 1299 2050 mos

730 2068 937 2098 barbarorum
967 2078 1000 2096 ac
1030 2067 1168 2097 ferorum
1197 2077 1299 2107 popu-

729 2115 844 2145 lorum.
876 2131 922 2136 —
949 2113 990 2143 36
1012 2123 1079 2153 sqq.
1105 2112 1156 2142 Ad
1179 2119 1300 2143 naturae

730 2161 891 2191 veritatem
917 2159 996 2197 hoc,
1014 2159 1101 2199 quod
1129 2161 1234 2189 AEneae
1252 2157 1301 2190 ad-
