1414 2435
146 103 212 132 300

651 100 848 133 AENEIDOS

146 163 234 205 Quo
254 161 372 197 vitam
390 159 496 197 dedit
513 159 716 195 aetemam?
736 172 805 195 cur
823 157 958 195 mortis
979 156 1127 194 ademta
1147 165 1203 193 est

146 219 348 256 Conditio?
368 231 520 269 possem
539 227 664 257 tantos
684 219 793 255 finire
811 218 963 255 dolores

1307 226 1356 250 830

145 280 257 315 Nunc
275 287 377 316 certe
389 307 400 326 ,
417 287 454 315 et
473 279 613 316 misero
631 278 741 315 fratri
761 290 886 316 comes
906 278 962 315 ire
980 291 1049 328 per
1069 276 1236 315 umbras.

146 340 364 376 Inmortalis
385 340 561 389 ego?aut
581 338 794 388 quidquam
812 337 909 375 mihi
930 337 1040 390 dulce
1059 349 1251 383 meorum,

144 401 198 435 Te
214 399 310 446 sine,
331 400 469 446 frater,
488 399 584 436 erit?
604 413 627 436 o
644 412 729 449 quae
746 399 836 436 satis
853 399 928 436 alta
948 398 1119 436 dehiscat

145 462 263 498 Terra
280 460 394 507 mihi,
417 461 619 511 Manisque
639 461 749 498 deam
768 460 944 497 demittat
964 460 1012 497 ad
1030 459 1151 497 imos?
1171 475 1187 491 »

144 524 308 560 Tantum
323 522 456 570 effata,
477 531 594 574 caput
611 523 746 573 glauco
764 521 934 559 contexit
953 520 1095 558 amictu

1308 528 1357 553 385

144 584 267 621 Multa
284 597 455 634 gemens,
473 593 510 622 et
529 598 568 622 se
588 584 707 621 fluvio
728 583 799 621 dea
818 582 993 621 condidit
1012 582 1101 620 alto.

195 647 332 682 AEneas
352 646 468 683 instat
487 654 638 692 contra,
658 646 853 696 telumque
874 652 1049 682 coruscat

144 708 301 755 Ingens,
321 705 546 753 arboreum,
567 715 605 743 et
626 719 727 743 saevo
749 706 802 743 sic
824 714 980 756 pectore
999 705 1102 742 fatur
1120 717 1128 739 ε

145 783 160 798 «
172 767 267 811 Quae
279 779 380 802 nunc
392 765 529 803 deinde
539 779 648 803 mora
658 767 737 803 est?
749 776 814 803 aut
826 766 920 815 quid
926 767 1019 815 jam,
1030 768 1172 810 Turne,
1183 761 1389 801 retractas?

143 829 231 864 Non
251 839 386 872 cursu,
406 826 514 863 saevis
533 825 758 862 certandum
779 835 835 862 est
855 826 1067 862 comminus
1088 826 1214 862 armis.

1306 832 1356 864 890

143 889 259 923 Verte
279 886 400 923 omnis
422 894 497 922 tete
514 886 554 921 in
573 885 707 932 sacies;
727 893 764 922 et
783 885 985 932 contrahe,
1007 884 1196 934 quidquid

144 946 233 984 Sive
253 945 407 993 animis,
428 945 508 982 sive
525 954 606 982 arte
626 945 747 992 vales;
771 953 861 995 opta
881 944 1002 981 ardua
1019 944 1155 1000 pennis

144 1010 257 1045 Astra
277 1007 404 1056 sequi,
425 1006 671 1057 clausumque
690 1020 784 1044 cava
802 1015 838 1044 tc
859 1005 1024 1043 condere
1046 1014 1158 1043 terra.
1181 1022 1196 1037 υ

144 1067 214 1104 Ille
234 1075 351 1118 caput
367 1080 548 1117 quassans
571 1082 578 1104 :
601 1083 617 1100 «ι
636 1069 724 1105 Non
744 1080 804 1104 me
824 1076 889 1104 tua
909 1066 1059 1103 fervida
1077 1074 1221 1104 terrent

147 1129 275 1175 Dicta,
295 1128 423 1174 ferox3
443 1129 483 1166 di
502 1141 562 1165 me
583 1137 746 1177 terrent,
763 1137 801 1166 et
820 1131 842 1167 J
845 1127 1000 1178 uppiter
1017 1126 1151 1165 hostis.
1169 1144 1185 1161 »

147 1272 194 1295 tas
213 1275 295 1306 saepe
315 1272 511 1304 occurrunt,
535 1272 571 1296 nt
589 1273 620 1296 et
644 1277 720 1308 que-

146 1312 220 1341 relae
237 1311 275 1342 de
291 1312 526 1343 immortalitate
541 1323 596 1343 seu
613 1314 723 1343 inutili

145 1369 201 1388 seu
216 1360 298 1388 votis
308 1359 419 1388 infesta
431 1370 439 1395 ;
451 1371 482 1390 v.
494 1371 522 1390 c.
533 1359 618 1401 apud
629 1361 722 1391 Bion.

145 1406 160 1433 I
172 1429 179 1442 ‚
199 1405 239 1434 52
255 1416 301 1445 sq.
317 1413 348 1435 et
361 1405 481 1435 habent
496 1406 559 1436 illae
579 1406 718 1447 aliquid,

144 1451 234 1491 quod
266 1451 305 1481 ad
332 1452 567 1483 miserationem
597 1454 721 1496 egregie

146 1498 230 1528 facit.
243 1515 290 1520 —
303 1498 380 1529 882.
396 1501 471 1528 Iam
500 1500 646 1529 mortalis
660 1510 720 1541 ego

145 1543 273 1585 haudq.
285 1551 362 1575 vett.
375 1544 446 1576 edd.
463 1546 599 1575 etmulti
611 1545 719 1584 codd„

144 1597 180 1620 ut
194 1590 391 1632 distinguant
404 1598 477 1633 post
490 1603 566 1633 ego,
580 1592 633 1623 alii
647 1599 720 1633 post

144 1635 235 1666 haud
254 1637 439 1678 quicquam.
468 1638 530 1667 Sed
553 1639 616 1677 jam
642 1639 718 1670 Ald.

144 1695 193 1724 pr.
209 1683 413 1714 emendatum
423 1683 509 1714 dedit
522 1694 529 1715 :
547 1687 721 1715 Immorta-

145 1730 186 1760 lis
216 1741 275 1771 ego
287 1734 303 1759 :²
333 1731 449 1772 Sicque
479 1733 573 1762 Rom.
606 1732 723 1773 aliique

146 1778 227 1807 Pier.
243 1777 354 1807 Malim
370 1783 475 1807 tamen
490 1789 547 1819 per
565 1779 722 1809 exclama-

145 1824 265 1853 tionem
284 1833 292 1854 :
323 1825 378 1854 Me
404 1825 564 1856 miseram!
586 1827 723 1856 Immor—

144 1870 220 1900 talis
233 1872 313 1913 ego!
325 1873 441 1901 ——Ant
451 1872 626 1913 quidquam
639 1884 726 1903 meo-

144 1928 211 1947 rum
223 1941 232 1954 ,
252 1917 429 1958 quidquam
445 1929 564 1956 meum,
577 1919 640 1949 ulla
656 1931 726 1950 mea

144 1974 192 1993 res
210 1975 216 1995 :
232 1975 320 1994 nunc
336 1965 566 1996 immortalitas.
581 1984 624 1990 —-—
638 1967 704 1997 885
715 1990 723 2004 ‚

145 2011 222 2041 886.
242 2012 327 2042 Male
348 2012 387 2042 ad
410 2012 554 2043 Tiberim
571 2014 718 2044 refertur.

144 2058 291 2098 Nympha
314 2069 346 2088 sc
365 2061 398 2089 iu
424 2059 545 2089 fontem
569 2071 663 2090 suum
682 2071 719 2090 ac

144 2103 247 2133 lacum
278 2106 407 2136 immisit
428 2115 435 2136 ε
464 2117 559 2147 quem
578 2107 718 2149 fluvium

145 2159 231 2179 nunc
261 2151 361 2189 dixit,
385 2153 646 2194 quandoquidem
681 2160 718 2184 ut

143 2194 260 2225 ssus-lus
277 2197 350 2227 inde
364 2199 481 2239 prodit.
497 2200 605 2230 Simile
615 2211 719 2230 exem-

142 2241 232 2282 plum
249 2243 373 2275 Tiberis
396 2256 427 2275 se
452 2246 485 2275 in
505 2246 641 2276 fluvium
658 2248 717 2277 im-

1308 1136 1358 1169 895

774 1266 942 1302 mittentis,
955 1267 1028 1295 AEn.
1039 1265 1138 1302 VIII,
1157 1264 1214 1301 66;
1232 1263 1291 1294 alia
1304 1273 1354 1303 ap.

776 1314 873 1343 Hom.
894 1312 987 1342 Iliad.
1014 1322 1051 1349 ο,
1073 1311 1139 1341 218
1155 1333 1164 1349 ‚
1187 1320 1274 1351 2193
1291 1307 1354 1341 Od.

775 1362 814 1397 λ,
833 1355 1078 1397 252;ὃ,425.
1169 1370 1173 1372 ·

827 1406 890 1444 887
903 1417 972 1447 sqq.
985 1408 1098 1436 AEneas
1107 1403 1213 1434 vibrat
1221 1402 1354 1439 hastam,

775 1463 872 1494 quam
891 1463 988 1494 supra
1006 1463 1054 1483 γε.
1071 1451 1137 1491 786
1151 1451 1287 1481 Veneris
1300 1449 1355 1480 be-

774 1499 893 1530 neficio
916 1506 1099 1540 receperat,
1119 1508 1222 1539 quum
1240 1498 1354 1528 Turno

774 1557 791 1576 a
808 1548 829 1576 J
833 1553 950 1576 uturna
973 1547 1056 1575 ensis
1071 1545 1182 1574 fnisset
1197 1542 1351 1573 redditus.

774 1593 880 1631 Major
904 1599 951 1622 est
977 1593 1075 1622 totius
1102 1590 1264 1630 sequentis
1287 1589 1352 1619 loci

777 1639 972 1676 suavitas‚si
1005 1638 1077 1678 quis
1105 1636 1253 1667 Hectoris
1279 1645 1352 1665 cum

777 1685 903 1716 Achille
935 1695 1076 1726 pugnam
1104 1690 1210 1713 mente
1236 1689 1352 1712 teneat.

777 1743 808 1762 v.
830 1732 922 1762 Iliad.
951 1743 991 1771 χ,
1019 1731 1040 1761 1.
1063 1741 1090 1761 c.
1123 1731 1169 1759 Ita
1193 1739 1256 1760 vss.
1284 1729 1351 1759 268

777 1790 846 1819 sqq.
867 1788 1034 1820 expressos
1058 1776 1199 1814 videbis,
1223 1775 1278 1806 sed
1300 1786 1353 1806 or-

778 1827 903 1862 natius,
923 1825 976 1855 hic
994 1836 1024 1855 v.
1043 1823 1249 1865 890--893-
1268 1824 1353 1854 Tum

776 1884 806 1903 v.
826 1873 893 1913 894
905 1895 914 1910 ‚
933 1872 999 1913 895
1019 1871 1169 1902 Hectoris
1183 1868 1279 1899 verba
1302 1879 1351 1899 re-

775 1919 902 1957 ferunt,
921 1929 1022 1960 quum
1038 1929 1071 1948 se
1093 1928 1110 1947 a
1128 1915 1189 1946 diis
1203 1915 1350 1945 delusum

774 1966 925 2008 intelligit
938 1977 968 1996 v,
985 1975 1049 2005 297
1068 1973 1136 2005 sqq.
1156 1963 1354 2002 Comparant

775 2020 881 2043 tamen
896 2013 1034 2043 Ursinus
1046 2016 1077 2040 et
1092 2009 1165 2046 alii,
1186 2008 1302 2039 Iliados
1314 2020 1346 2046 ν,

775 2060 838 2090 811
854 2082 862 2097 ,
887 2059 972 2096 8123
989 2068 1025 2100 ρ,
1047 2057 1131 2095 175,
1151 2055 1224 2094 176.
1242 2056 1349 2086 Grave

772 2113 876 2136 autem
893 2103 1006 2146 pathos
1018 2103 1080 2133 illis
1094 2105 1175 2133 inest
1190 2112 1197 2133 :
1217 2113 1281 2132 non
1296 2112 1348 2132 me

771 2160 827 2182 tua
839 2150 971 2194 sel-wida
995 2158 1116 2180 terrent
1140 2149 1238 2180 dicta.
1263 2151 1346 2180 Sum

773 2205 878 2229 autem
898 2196 1031 2240 sen-ida
1066 2197 1154 2227 dicta
1186 2194 1343 2238 superba,

773 2245 970 2288 arrogantia,
989 2245 1121 2285 proprie
1145 2243 1188 2274 de
1212 2244 1270 2274 ira.
1289 2243 1347 2272 Ju-
