1414 2435
601 28 724 58 LIBER
749 27 825 57 XII.

1251 27 1312 56 251

115 88 189 123 Dat
209 88 357 137 signum
375 87 486 132 coelo,
507 97 584 135 quo
603 97 680 122 non
700 84 923 135 praesentius
945 85 1061 121 ullum
1267 94 1314 120 2⁴⁴5

115 148 301 184 Turbavit
320 147 454 185 mentis
474 147 605 193 Italas,
626 154 872 195 monstroque
892 145 1034 181 fefellit.

115 209 288 257 Namque
306 209 437 246 volans
456 207 575 245 rubra
595 207 721 244 fulvus
741 210 762 243 J
765 206 847 243 ovis
867 206 943 243 ales
963 207 1001 243 in
1021 205 1141 243 aethra

116 266 285 304 Litoreas
305 269 473 318 agitabat
490 268 589 315 avis,
608 266 837 316 turbamque
857 275 1053 303 sonantem

114 327 283 376 Agminis
303 329 452 379 aligeri,
471 329 598 367 subito
620 341 738 378 quum
756 328 884 378 lapsus
901 327 948 364 ad
970 328 1090 364 undas

115 386 283 433 Cycnum
303 389 549 425 excellentem
568 387 731 438 pedibus
751 387 852 436 rapit
872 386 1059 437 inprobus
1076 387 1194 423 uncis.
1267 394 1315 418 250

112 445 308 483 Adrexere
328 447 472 485 animos
490 448 592 492 Itali,
612 455 834 495 cunctaeque
852 447 1027 482 volucres

113 505 348 543 Convertunt
369 508 533 544 clamore
552 507 697 555 fugam3
716 505 891 542 mirabile
909 504 1012 542 visu!

111 565 343 615 AEtheraque
362 566 568 604 obscurant
587 565 739 615 pennis,
759 565 984 615 hostemque
1004 577 1073 615 per
1092 577 1202 603 auras

112 625 225 661 Facta
244 625 346 663 nube
366 634 562 675 premunt,
582 625 702 662 donec
722 625 760 660 vi
777 625 918 672 victus,
937 633 974 661 et
994 626 1077 675 ipso

112 684 282 721 Pondere
300 685 457 732 defecit,
474 685 719 736 praedamque
737 698 784 721 ex
804 685 995 735 unguibus
1016 685 1092 721 ales
1266 692 1314 718 255

112 745 274 794 Projecit
294 745 431 791 fluvio,
452 746 679 795 penitusque
699 746 739 781 in
759 744 891 781 nubila
911 743 1018 793 sugit.

112 805 209 840 Tum
226 817 317 840 vero
337 805 538 854 augurium
557 804 691 841 Rutuli
710 804 874 841 clamore
894 804 1075 848 salutant,

113 864 404 915 Expediuntque
423 878 573 912 manus3
595 865 818 915 primusque
837 864 1060 901 Tolumnius
1080 876 1201 914 augur
1220 880 1227 899 :

116 1001 180 1021 200
194 1001 279 1031 sqq.‚
297 1002 484 1032 expressum
497 1002 514 1021 a
528 992 683 1022 Cicerone

112 1038 147 1066 in
164 1038 291 1067 Mario:
314 1048 344 1067 v,
364 1037 402 1066 de
422 1039 495 1068 Div.
521 1039 555 1075 Ι,
577 1043 614 1074 47
631 1048 638 1074 ;
654 1043 685 1066 et

113 1083 127 1111 θ
139 1105 147 1118 ,
171 1088 232 1120 247
256 1093 323 1122 sqq.
334 1105 342 1119 ,
358 1093 432 1111 cum
453 1083 552 1113 altero
569 1083 683 1124 odyss·

114 1139 125 1157 ε
139 1151 147 1164 ,
172 1129 256 1166 160,
280 1135 317 1157 ut
340 1135 445 1158 tamen
467 1129 683 1159 accommoda-

115 1182 180 1204 tum
198 1173 279 1204 illud
301 1175 341 1204 sit
368 1174 406 1204 ad
430 1183 581 1205 eventum
604 1186 683 1216 prae-

113 1228 297 1251 sentem.—
307 1222 383 1256 245.
396 1222 603 1251 Praestantitts
617 1222 683 1251 vul-

111 1277 151 1308 go
174 1267 312 1304 lectuln;
339 1268 400 1297 nisi
425 1267 512 1308 quod
534 1269 595 1307 jam
623 1269 681 1298 Ge.

111 1313 275 1343 Fabricius
289 1313 469 1344 emendavit
473 1313 662 1354 praesentius
670 1326 682 1350 ;

112 1359 198 1390 unde
214 1361 249 1389 in
266 1359 337 1390 edd.
358 1359 529 1391 Pulmann.
543 1383 551 1397 ‚
576 1361 683 1400 sicque

111 1406 186 1436 libri
210 1407 304 1436 Pierii
330 1413 361 1435 et
384 1408 508 1436 Heinsii
533 1413 682 1447 praestan-

111 1453 217 1482 tiores.
242 1452 343 1482 Etiam
371 1454 521 1483 Servius:
537 1463 681 1492 prees-en-

109 1498 188 1535 tius,
220 1497 389 1529 efficacius.
407 1515 453 1522 —-
469 1499 681 1535 Pra’sentius;

108 1545 140 1576 h.
157 1555 223 1575 non
239 1545 327 1575 aliud
345 1552 407 1574 tam
427 1545 546 1575 clarum
567 1552 598 1575 et
619 1555 682 1574 ma-

108 1591 257 1621 nifestum
280 1601 423 1632 unquam
444 1589 553 1621 ‘visum
578 1592 681 1621 fuerat

109 1648 126 1666 a
145 1638 272 1666 Latinis.
288 1654 334 1659 —
351 1638 428 1673 246.
454 1637 547 1667 Italis
569 1639 680 1668 Mont-

110 1681 172 1712 alb.
191 1690 312 1711 montes
341 1683 459 1718 Italos,
477 1684 677 1724 interpolate.

110 1732 229 1759 Ornate
261 1729 416 1768 expressit
445 1735 556 1768 poeta,
588 1731 679 1769 quod

109 1774 206 1816 vulgo
233 1773 368 1804 dicimus
398 1783 405 1804 :
434 1775 579 1815 signnm,
615 1785 678 1815 quo

108 1821 235 1850 nullum
253 1820 339 1850 aliud
356 1820 471 1850 clarius
494 1819 579 1849 Italis
596 1819 630 1850 h.
651 1832 677 1851 e.

108 1868 225 1897 Latinis
245 1868 348 1896 visum
368 1873 454 1896 erat:
471 1877 527 1896 seu
551 1865 681 1896 clarissi-

108 1923 195 1943 mum
226 1913 314 1954 quod
343 1923 483 1954 unquam
522 1911 677 1943 viderant.

109 1960 175 1990 Nec
199 1959 353 2000 emphasis
380 1958 550 2000 quaerenda
575 1967 621 1989 est
645 1961 678 1990 in

111 2013 228 2036 mentes
251 2005 365 2036 Italas.
387 2024 434 2029 —
455 2008 618 2041 sslonstro‚
643 2006 676 2036 h.

114 2050 135 2080 l.
149 2058 272 2082 ostento
283 2074 291 2090 ,
307 2053 441 2093 augurio
458 2053 588 2093 ipso.—
599 2053 675 2088 248.

110 2097 210 2127 Fuere
228 2098 342 2138 cycni,
363 2105 399 2128 ut
412 2110 452 2129 ex
465 2110 550 2139 seqq.
566 2105 651 2140 patet
668 2109 675 2129 :

111 2142 187 2179 hos,
209 2154 303 2183 quam
334 2153 444 2175 ornate
478 2145 675 2186 designavit!

738 991 859 1021 litorece
878 1001 968 1026 aveS,
984 1001 1044 1030 pro
1066 990 1226 1020 flumineis
1237 1013 1245 1027 ‚
1262 1001 1313 1030 pa-

738 1038 902 1067 lustribus.
928 1037 1093 1077 Improbus
1114 1037 1147 1067 h.
1164 1037 1186 1067 l.
1207 1036 1312 1067 audax

738 1095 769 1114 v.
793 1094 863 1124 sup.
890 1084 957 1120 XI,
978 1084 1040 1122 767
1066 1090 1097 1113 et
1113 1083 1154 1114 al.
1171 1101 1216 1106 ——
1234 1084 1310 1114 252.

742 1129 934 1159 convertunt
949 1130 1088 1159 clamore
1103 1128 1224 1171 fugam
1235 1142 1247 1166 ;
1264 1141 1311 1159 re-

739 1175 839 1206 deunt
856 1187 929 1205 cum
944 1176 1081 1206 clamore
1091 1199 1099 1214 ,
1115 1177 1157 1205 ait
1170 1177 1314 1212 Servius,

736 1223 824 1262 quod
842 1224 877 1252 in
894 1223 1039 1252 exercitu
1054 1221 1124 1252 fieri
1141 1222 1231 1252 solet.
1247 1223 1311 1252 Ac-

737 1269 821 1309 cepit
844 1269 951 1308 itaque
977 1269 1081 1310 fugam
1104 1268 1142 1298 de
1161 1268 1310 1308 dispersis

736 1315 850 1355 aquilae
879 1314 1018 1344 adventu
1043 1315 1152 1355 cycnis
1175 1324 1182 1344 :
1208 1321 1246 1344 ut
1269 1316 1311 1344 sit

735 1371 814 1401 pro,
834 1367 1029 1391 convertunt
1046 1372 1078 1390 se
1103 1371 1119 1390 a
1141 1360 1225 1402 fuga.
1242 1361 1308 1391 Nec

736 1407 910 1447 improbo:
933 1408 994 1436 nisi
1020 1407 1110 1437 malis
1127 1406 1246 1448 fitgam
1269 1406 1308 1436 de

735 1453 843 1483 volatu
872 1454 1057 1494 simpliciter
1079 1454 1241 1494 accipere3
1265 1455 1309 1483 sic

735 1499 940 1530 convertimus
972 1499 1050 1539 iter,
1088 1510 1156 1529 non
1191 1498 1304 1536 modo,

734 1545 823 1586 quod
840 1553 999 1576 mutamus
1010 1569 1018 1583 ‚
1033 1553 1070 1576 ut
1082 1556 1153 1587 sup.
1167 1547 1208 1583 V,
1227 1546 1304 1582 581,

734 1591 788 1622 sed
803 1593 897 1622 etiam
915 1593 1119 1633 simpliciter,
1136 1598 1174 1621 ut
1200 1593 1241 1622 sit
1262 1592 1308 1621 di-

734 1640 854 1680 rigere,
889 1639 1076 1676 intendere,
1101 1645 1133 1668 et
1152 1637 1185 1668 h.
1204 1639 1226 1669 l.
1251 1649 1307 1669 vo-

732 1685 853 1722 latum,
885 1686 920 1715 in
948 1685 1118 1715 abeuntem
1146 1685 1305 1724 aquilam,

733 1741 828 1770 qnam
845 1738 1091 1771 persequuntur.
1106 1729 1236 1759 Penitus
1245 1742 1257 1765 ,-
1271 1731 1305 1760 in

732 1776 884 1806 interiora
902 1776 1049 1806 nubium.
1071 1775 1153 1805 Vide
1174 1776 1256 1805 infra
1274 1787 1304 1805 v.

736 1822 812 1852 263.

781 1867 859 1905 257.
890 1867 1063 1902 Salutant;
1093 1874 1302 1905 venerantur,

736 1920 768 1942 nt
785 1913 866 1943 bene
891 1915 1037 1950 Servius,
1057 1923 1130 1942 cum
1154 1913 1303 1944 acclama-

732 1960 819 1989 tione
841 1970 935 1989 omen
959 1960 1127 2000 accipiunt.
1151 1977 1199 1982 —
1225 1960 1302 1990 258.

732 2006 936 2046 Expedizmt,
960 2006 1000 2036 ad
1024 2016 1107 2035 arma
1131 2005 1302 2046 capienda,

732 2063 863 2088 manus,
880 2062 968 2093 quaS‚
985 2059 1096 2093 utpote
1109 2053 1220 2088 otiosi,
1237 2053 1303 2094 pal-

730 2098 780 2128 liis
795 2099 843 2128 vel
858 2100 938 2140 togis
957 2099 1115 2129 involutas
1132 2098 1302 2129 habebam.

731 2147 800 2176 Scrx
811 2146 858 2175 ius
885 2156 922 2175 eo
946 2144 1061 2182 refert,
1088 2152 1124 2175 ut
1153 2144 1303 2176 dimicare
