1414 2435
120 45 183 85 392

481 47 517 76 P.
543 47 723 77 VIRGILII
747 47 951 78 MARONIS'

228 100 398 152 Udaeque
417 114 486 152 per
504 115 677 140 somnum
695 113 818 149 nates;

176 163 222 198 Et
242 160 359 214 inscio
381 171 536 211 repente
554 162 754 199 clamatum
773 175 906 213 super,
1287 165 1316 188 ¹⁵

225 220 440 266 Thalassio,
456 221 669 259 Thalassio!

180 279 280 327 Quid
300 279 482 330 palluisti,
500 281 659 318 femina?
679 295 725 319 an
740 281 819 332 joci
838 280 989 318 dolent?

229 342 289 376 An
308 339 404 376 facta
421 341 614 390 cognoscis
634 343 722 379 tua?

177 400 263 437 Non
281 412 340 436 me
358 399 514 437 vocabis
531 401 690 451 pulchra
709 415 780 452 per
796 401 963 450 Cotyttia

229 459 289 496 Ad
305 459 458 496 feriatos
474 460 634 498 fascinos
651 475 660 497 ε

1292 471 1322 488 20

180 519 259 555 Nec
277 518 364 555 dein
383 531 537 556 movere
557 520 706 557 lumbos
725 520 766 556 in
782 519 1016 557 crocotulam

232 579 380 616 Prensis
396 577 535 616 videbo
555 580 736 617 altaribus
745 595 756 627 ;

182 636 337 674 Flavum
357 650 476 687 prope
493 637 678 687 Thybrim
698 648 734 676 et
752 636 886 675 olentis
902 635 1096 674 nauticum

232 698 379 733 Vocare
398 712 406 733 :
426 697 494 734 ubi
511 697 677 747 adpulsae
696 707 795 736 rates

185 758 292 791 Stant
310 755 349 790 in
368 756 473 792 vadis
492 770 598 792 coeno
616 765 772 794 retentae
789 756 963 803 sordid0,
1296 761 1325 785 ²⁵

236 816 440 862 Macraque
456 815 639 851 luctantes
657 828 767 863 aqua.

184 874 317 921 Neque
332 872 372 908 in
391 873 572 919 culinam,
593 883 630 910 et
646 882 760 910 uncta
778 871 1011 922 compitalia,

237 933 438 980 Dapesque
455 931 568 969 duces
585 932 756 969 sordidas
774 946 783 967 ε

186 989 334 1035 Quibus
354 990 519 1039 repletus
538 999 580 1026 ut
599 991 771 1027 salivosis
788 990 914 1039 aquis,

234 1049 399 1086 Obesam
418 1049 465 1086 ad
484 1063 643 1087 uxorem
659 1049 777 1097 redis,
1298 1057 1329 1080 ³0

184 1111 231 1146 Et
250 1117 447 1147 aestuantes
467 1110 577 1147 docte
595 1111 709 1148 solvis
727 1109 914 1161 panticeS‚

238 1170 291 1206 Os
311 1183 431 1218 usque
448 1170 582 1207 lambis
601 1170 725 1207 saviis.

187 1230 297 1265 Nunc
314 1229 425 1276 laede,
444 1243 544 1267 nunc
563 1231 720 1277 lacesse,
739 1230 771 1268 si
790 1229 998 1281 quidquam
1019 1229 1136 1266 vales!

188 1408 237 1437 ¹5.
255 1409 404 1449 Impurus
424 1408 521 1439 homo
538 1408 705 1438 muliebria

136 1463 244 1493 passus
259 1461 406 1494 tanquam
424 1466 483 1496 pro
506 1461 605 1494 nupta
619 1454 706 1484 habi-

139 1506 204 1535 tus,
230 1501 282 1529 cni
297 1501 438 1531 sollenne
457 1500 537 1530 illud
554 1500 704 1530 acclama-

137 1552 235 1575 retur.
250 1547 334 1576 Hinc
346 1546 430 1576 idem
444 1557 519 1577 mox
531 1546 706 1587 appellatus

129 1590 271 1630 femina.

195 1646 234 1665 21
250 1659 258 1673 ‚
292 1648 346 1668 22.
385 1636 521 1678 Scaliger
556 1638 705 1677 praeclare

138 1682 338 1713 emendavit:
359 1683 517 1718 alaribus,
537 1690 572 1712 ut
595 1683 705 1727 πτερύ-

138 1738 195 1771 ’γιοι
210 1730 273 1758 sint
287 1730 344 1759 alae
357 1730 450 1759 vestis
464 1737 614 1767 croconae,
628 1741 706 1770 quas

138 1774 190 1803 ille
209 1775 405 1806 muliebriter
429 1777 560 1805 vestitus
581 1783 611 1806 et
635 1787 703 1806 mu-

138 1820 278 1850 liebriter
292 1822 421 1859 saltans,
438 1821 582 1860 adducit,
599 1833 639 1853 ne
652 1823 708 1853 sal-

141 1872 257 1896 tantem
273 1868 456 1908 impediant.

189 1918 242 1948 24.
267 1914 449 1954 Legeudum
480 1925 553 1945 cum
577 1915 708 1946 Ouden-

141 1957 274 2000 dorpio,
297 1962 477 1991 Burmauno
492 1972 619 2002 quoque
641 1973 710 1991 sua-

141 2003 249 2042 dente,
264 2007 393 2037 Flavmn
403 2019 502 2048 prope
515 2016 546 2037 ec
563 2008 709 2047 Thybrim

141 2056 172 2079 τι·
189 2051 309 2082 olentes
328 2054 486 2084 nauticum
506 2065 626 2085 vocare
637 2059 653 2085 .³
673 2062 709 2085 ut

143 2095 260 2126 olentes
298 2100 458 2130 nauticum
489 2102 553 2130 sint
586 2109 708 2139 nautae,

142 2152 222 2182 quoe
233 2145 465 2185 impurissimus
475 2147 571 2178 homo
585 2155 710 2188 praesto-

757 1408 855 1445 latur,
874 1408 931 1438 uhi
949 1407 1146 1449 appulerint,
1166 1413 1326 1437 uteorum

757 1455 885 1484 libidini
901 1455 1025 1484 serviat.

806 1511 860 1541 29.
879 1499 1055 1530 Salivosnm
1069 1498 1205 1539 Scaliger
1222 1499 1264 1528 ait
1280 1509 1326 1528 es-

758 1558 789 1576 se
804 1546 960 1587 quidquid
977 1552 1106 1587 gustum
1122 1543 1225 1574 reficit
1239 1554 1246 1575 :
1263 1554 1328 1574 ree-

758 1599 788 1622 te
797 1615 805 1629 ‚
818 1591 872 1621 sed
885 1591 962 1631 quid
976 1601 1073 1631 porro
1086 1590 1227 1619 salivacis
1237 1590 1328 1630 aquis

758 1637 907 1667 facimus?
917 1638 986 1667 Nisi
999 1636 1178 1677 corruptela
1190 1637 1224 1666 in
1235 1636 1328 1677 aquis

757 1684 848 1720 latet,
863 1690 898 1713 ut
912 1683 1011 1713 forte:
1027 1689 1061 1711 ue
1074 1681 1215 1712 salivosis
1228 1682 1324 1722 apris,

758 1729 887 1760 salivam
925 1727 1144 1765 moventibus,
1174 1729 1328 1769 scriptum

758 1777 852 1806 fuerit
879 1785 886 1806 :
911 1776 1044 1816 accipias
1067 1784 1187 1815 aquam
1214 1773 1327 1804 salivo-

760 1833 827 1853 sam
841 1822 880 1852 de
895 1823 959 1862 ipsa
975 1822 1082 1852 saliva.

807 1870 860 1899 31.
893 1868 1043 1898 Pancices
1080 1866 1120 1897 de
1153 1866 1240 1897 fartis
1271 1877 1326 1896 seu

760 1914 978 1946 sarcimiuibus
1005 1914 1163 1955 accipiunt
1190 1911 1328 1953 Scaliger

761 1970 791 1993 et
819 1961 895 1992 hinc
921 1961 990 1998 alii3
1019 1970 1078 1991 nec
1103 1959 1200 1995 male,
1225 1969 1327 1999 quum

762 2015 932 2039 aesmemtes
955 2007 1154 2049 appellentur
1174 2015 1181 2035 ε
1206 2012 1241 2035 nt
1265 2005 1326 2034 far-

763 2055 875 2085 cimina
902 2053 1036 2084 distenta
1062 2053 1167 2093 rumpi
1197 2051 1323 2082 videnu-

764 2108 826 2132 tur.

812 2148 864 2178 32.
892 2144 1072 2188 Legendum
1100 2144 1185 2175 haud
1214 2143 1328 2181 dubie,
