1414 2435
557 86 676 117 enus.
1148 98 1210 134 353

22 145 109 180 Non
125 142 269 193 Libyco
287 142 416 179 molles
436 142 669 192 plauduntur
689 145 837 193 pectine
856 148 950 185 telae.

27 205 161 241 Nullus
182 205 221 241 in
241 217 307 240 ore
325 202 446 239 rubor
465 217 472 238 :
493 203 561 239 ubi
581 204 679 240 enim
696 204 833 253 rubor,
851 207 976 247 obstat
996 214 1125 250 amori.
1165 225 1212 248 ιε.)

24 267 150 313 Atque
168 263 235 300 ubi
253 263 355 299 nulla
373 263 479 299 malis
496 264 639 313 reperit
658 265 790 302 solatia
807 268 937 314 tantis,

23 322 321 371 Tabidulamque
340 322 444 358 videt
463 321 540 358 labi
559 336 628 372 per
646 324 791 361 viscera
807 335 983 375 morte1n3

23 385 110 427 Quo
128 391 240 419 vocat
259 383 314 418 ire
335 382 462 428 dolor,
481 382 661 432 subigunt
680 397 756 433 quo
776 386 930 423 tendere
950 388 1042 435 fata,

21 443 157 478 Fertur
165 457 175 488 ;
194 451 230 479 et
250 441 426 478 horribili
444 455 614 492 praeceps
632 444 826 494 inpellitur
846 454 976 493 cestre,

20 503 73 538 Ut
90 502 225 551 patris,
246 502 295 538 ah
314 502 483 538 demens!
504 503 646 538 crinem
666 503 712 540 de
728 505 869 542 vertice
889 507 1004 544 ferret
1167 523 1209 545 ωε

19 562 181 608 Furtim,
201 570 314 611 atque
333 570 468 610 arguto
488 561 684 599 detonsum
705 565 872 600 mitteret
891 567 1003 603 hosti.

18 623 190 670 Namque
208 621 288 657 haec
306 621 474 657 conditio
490 622 635 658 miserae
652 623 882 672 proponitur
900 638 976 662 una
994 641 1003 662 :

19 681 106 718 Sive
125 681 187 717 illa
203 681 398 731 ignoran53
419 680 502 729 quis
522 694 598 718 non
615 681 738 719 bonus
759 684 884 720 omnia
902 686 1006 723 malit

18 741 200 786 Credere,
221 754 335 790 quam
356 749 460 777 tanto
478 741 618 778 scelere
637 742 817 791 damnare
832 746 1020 793 puellam?

18 801 103 836 Heu
124 809 249 836 tamen
266 799 416 845 infelix,
436 800 528 849 quid
546 801 646 836 enim
663 801 906 850 inprudentia
923 806 1101 854 prodest?
1166 829 1210 852 ¹90

16 857 107 895 Nise
126 861 250 908 pater!
270 858 347 904 cui,
371 857 520 908 direpta
537 859 742 897 crudeliter
758 861 872 908 urbe,

15 917 88 953 Vix
110 919 181 955 erit
198 931 273 955 una
292 931 406 967 super
425 918 530 955 sedes
550 919 590 955 in
608 919 778 957 turribus
798 921 897 967 altis,

14 980 147 1014 Fessus
166 976 235 1014 ubi
251 984 442 1014 exstructo
461 977 582 1025 possis
601 978 797 1015 considere
815 980 918 1017 nido.

17 1039 76 1072 Tu
95 1049 266 1085 quoque,
287 1036 384 1081 avis,
406 1035 569 1071 moriere
591 1051 598 1072 :
620 1036 724 1073 dabit
744 1037 814 1073 tibi
835 1039 909 1075 filia
927 1053 1066 1089 poenas.

15 1095 205 1140 Gaudete,
226 1108 249 1131 o
269 1095 426 1140 celeres,
447 1094 617 1132 subnixae
635 1096 802 1133 nubibus
819 1099 920 1144 altis,
1161 1116 1207 1147 195

15 1159 110 1202 Quae
128 1168 249 1200 mare,
270 1168 354 1203 quae
371 1154 511 1191 virides
528 1155 658 1201 silvas,
676 1157 856 1207 lucosque
875 1170 1048 1199 sonantes

14 1215 201 1261 Incolitis;
219 1213 398 1264 gaudete,
419 1227 523 1264 vagae
542 1214 767 1265 blandaeque
788 1218 976 1267 volucres-3

15 1279 169 1325 Vosque
188 1274 303 1320 adeo,
323 1273 479 1310 humani
497 1283 649 1311 mutatae
667 1276 838 1326 corporis
859 1287 979 1325 artus,

15 1459 70 1487 tris
108 1455 368 1496 pharmaceuticis
410 1455 556 1495 frequens
571 1477 579 1492 ,

12 1511 122 1532 storasc
150 1501 247 1542 vulgo
271 1500 393 1537 dictus,
422 1511 462 1530 ex
491 1502 581 1541 Syria

12 1548 200 1589 plerumque
216 1547 392 1587 petebatur.
546 1546 561 1562 ⁴

62 1604 136 1634 179.
163 1592 278 1633 Libyco
290 1591 419 1632 pectine
437 1602 449 1621 :
465 1592 580 1623 citrino

11 1640 63 1670 vel
77 1640 195 1675 lotino,
217 1640 260 1668 ait
273 1638 424 1679 Scaltiger3
440 1639 501 1667 nisi
514 1649 578 1668 ma-

10 1685 48 1715 lis
65 1696 137 1715 cum
155 1684 364 1714 Tanbmanno
383 1684 421 1714 de
435 1684 578 1715 eburneo

11 1732 170 1771 accipere;
185 1740 258 1759 nam
276 1736 307 1759 et
322 1729 398 1758 ebur
411 1740 450 1758 ex
467 1730 576 1770 Libya.

11 1776 224 1811 Plauduntur,
237 1775 403 1815 pulsantur
412 1775 494 1805 telae.
506 1777 578 1805 Pro-

9 1824 79 1863 prie
108 1822 190 1851 latus
218 1821 268 1850 vel
296 1830 412 1860 corpus
443 1822 578 1850 texentis

8 1868 191 1909 plauditur,
206 1867 368 1907 pulsatur,
384 1877 424 1896 ex
444 1872 527 1895 statu
545 1874 574 1896 et

11 1921 101 1944 motu
132 1914 208 1943 dum
227 1912 405 1953 pectinem,
433 1911 571 1950 radium,

11 1969 86 1989 cum
111 1960 306 1996 subtemine,
336 1960 419 1988 inter
445 1959 576 1988 stamina

11 2006 130 2035 inserit.
149 2007 196 2035 Ita
213 2005 357 2046 pulsatur
372 2015 486 2044 corpus
500 2005 575 2034 suh-

12 2049 88 2080 inde
120 2050 281 2081 admotum
306 2053 349 2092 τῷ
380 2049 436 2092 ἱςῴ
464 2057 518 2080 aut
548 2051 577 2080 ei

14 2097 112 2137 parti,
132 2097 184 2125 cui
201 2097 259 2127 tela
276 2096 401 2126 detexta
419 2096 579 2134 induitur,

15 2142 101 2172 dicta
126 2141 158 2172 h.
182 2142 204 2172 l.
228 2153 306 2173 voce
322 2143 474 2184 generali,
493 2143 578 2179 tela5

16 2188 202 2218 transfertur
214 2198 300 2218 nuuc
318 2200 365 2219 res
379 2189 418 2219 ad
432 2189 513 2219 hanc
530 2189 577 2229 ip-

174 2243 237 2279 IV.

634 1467 699 1485 sam
711 1456 803 1486 telam
813 1480 820 1493 ,
837 1467 908 1497 quae
923 1459 1056 1500 appulso
1071 1469 1202 1502 corpore

635 1509 665 1532 et
679 1503 745 1542 ipsa
760 1503 919 1542 pulsatur,
936 1506 1110 1545 plauditur.

685 1549 759 1578 138.
787 1549 855 1578 St've
879 1550 938 1580 illa
955 1551 1122 1592 ignorans,
1143 1556 1200 1583 sci-

632 1593 707 1623 licet
728 1593 789 1623 hoc
812 1595 905 1634 fecit,
929 1605 966 1627 ut
985 1599 1104 1628 crinem
1122 1601 1199 1630 Niso

632 1641 716 1679 patri
745 1640 897 1679 auferret,
930 1653 1031 1683 quum
1064 1646 1199 1676 nesciret

631 1685 693 1715 fata
709 1688 797 1727 regni
812 1688 846 1717 in
861 1699 898 1717 eo
914 1699 978 1719 esse
992 1691 1103 1730 posita.

682 1733 755 1771 195.
773 1734 847 1762 Non
862 1734 940 1763 male
961 1736 1107 1772 inventa,
1127 1747 1197 1775 quae

631 1784 818 1817 sequuntur.
844 1780 923 1808 Nam
944 1780 970 1808 si
994 1781 1088 1810 Nisus
1119 1783 1197 1812 Pan-

630 1822 734 1851 dionis
753 1824 783 1851 II
809 1823 1009 1854 Athenarum
1034 1827 1115 1866 regis
1138 1827 1198 1858 fuit

627 1867 730 1903 filius,
754 1867 958 1899 Philomelam
983 1878 1014 1900 et
1031 1874 1193 1910 Procnen,

628 1912 798 1944 Pandionis
813 1916 825 1943 Ι
839 1914 935 1953 filias,
952 1927 1087 1957 quarum
1101 1919 1197 1948 altera

629 1961 739 1995 Tereo,
754 1958 898 1991 Dauli'dis
911 1964 992 2003 regi,
1007 1970 1106 2003 nupta
1120 1965 1196 2001 fuit,

629 2006 658 2034 ei
682 2007 869 2046 cognatione
893 2010 1079 2046 conjunctas
1104 2011 1198 2040 fuisse

631 2061 756 2081 necesse
771 2059 827 2082 est.
844 2055 920 2089 Vos,
941 2065 958 2083 ο
970 2055 1092 2094 puella·
1105 2057 1195 2085 Dau-

633 2097 749 2134 liades,
765 2098 1033 2140 cntdelifatorum
1048 2100 1119 2142 lege
1131 2113 1195 2132 mu-

632 2151 709 2172 tatoe
725 2143 736 2183 (
748 2141 854 2184 κατὰ)
878 2153 965 2176 arcus
989 2147 1126 2187 corporis
1140 2147 1196 2177 lm-

632 2199 728 2218 mam.

1032 2257 1079 2292 32
