1414 2435
581 61 703 92 LIBER
728 64 785 93 lx.

80 118 239 168 Insignis
257 119 369 164 facie,
386 117 535 167 genitor
551 131 664 168 quem
681 120 831 156 miserat
848 123 1008 167 Arcens,

80 177 268 214 Eductum
287 177 421 214 Matris
441 177 545 223 luco,
568 179 772 227 Symaethia
789 180 930 217 circum

80 237 266 283 Flumina,
287 237 438 286 pinguis
457 237 525 274 ubi
544 246 581 274 et
599 238 792 287 placabilis
811 252 876 276 ara
895 239 1008 276 Palici
1024 254 1032 275 :

1220 250 1267 274 585

78 296 307 334 Stridentem
325 296 478 333 fundam
488 326 498 343 ‚
513 298 646 346 positis
661 299 871 336 Mezentius
890 299 1025 344 hastis,

76 358 163 405 Ipse
180 364 238 393 ter
256 356 418 394 adducta
434 357 576 394 circum
594 367 708 408 caput
724 358 800 408 egit
815 357 980 405 habena;

76 507 194 538 Hibera
204 531 213 544 ‚
232 519 374 549 purpura
386 508 516 539 indutus
533 510 646 550 Hispa-

76 564 136 591 na,
155 565 226 595 quae
248 562 294 584 est
315 556 501 596 nigricantis
519 555 643 586 coloris.

76 602 197 630 Arcens
217 601 342 631 siculus
369 608 425 632 est.
450 603 505 631 Est
538 608 645 632 autem

74 647 108 676 in
125 647 270 677 orientali
291 647 404 677 Siciliae
421 654 508 688 parte
525 649 644 686 Symae-

74 693 206 736 thus-fl„
225 694 306 723 circa
325 703 420 733 quem
437 693 528 723 lucus
550 693 644 722 fuisse

75 750 90 769 a
118 746 211 779 poeta
233 746 379 768 narratur
405 749 442 768 eo
469 739 561 774 loco,
579 749 644 778 quo

73 785 251 815 Palicorum
262 785 416 824 templum
425 791 500 815 erat.
510 801 558 807 —
566 784 642 820 584.

73 831 265 861 Productum
295 831 436 862 Parrhas.
468 831 644 871 Legebatur

72 878 107 907 in
124 877 274 907 omnibus
293 876 363 907 edd.
380 877 539 907 Eductam
555 879 643 907 Mar-

73 923 112 952 tis
122 923 191 953 luco
199 935 212 960 ;
220 933 280 953 nec
287 923 377 952 aliter
385 924 506 963 scripti.
516 924 555 952 In
561 924 644 954 Mar-

71 970 112 999 tis
138 969 300 1007 luco-jam
329 969 453 999 dudum
475 969 640 1006 haeseram,

73 1022 242 1056 antequam
252 1016 433 1045 varietatem
440 1016 584 1045 lectionis
597 1017 644 1044 in-

72 1062 244 1101 spicerem3
270 1071 343 1091 nam
370 1062 409 1092 de
433 1065 534 1092 Marte
559 1061 644 1101 apud

72 1107 196 1137 Siculos
234 1107 315 1137 nihil
351 1108 478 1138 aliunde
510 1114 642 1138 constat.

73 1153 171 1193 Quod
185 1154 269 1183 enim
291 1155 326 1183 iu
346 1155 643 1184 Panormitanorum

73 1206 104 1230 et
122 1201 385 1230 Mamertinorum
399 1201 507 1230 numis
529 1209 642 1230 occur-

72 1256 141 1277 rere
153 1247 206 1277 ille
216 1246 345 1283 dicitur,
355 1247 489 1277 obscura
502 1246 643 1285 suspicio

73 1299 128 1323 est.
147 1292 304 1332 Equidem
316 1293 350 1321 in
365 1293 413 1322 his
425 1293 503 1322 locis
518 1293 639 1327 Ditem,

72 1348 139 1368 non
154 1339 307 1373 Μαι-ιεὼς
324 1338 543 1378 exspectabam
558 1347 565 1367 :
581 1338 642 1366 nisi

72 1384 152 1414 forte
162 1391 254 1424 poeta
263 1383 429 1413 Adranum
439 1405 447 1420 ,
460 1383 642 1424 indigenam

72 1429 167 1459 deum
176 1452 184 1467 ,
200 1431 335 1460 Martem
347 1431 573 1470 interpretatus
584 1435 640 1459 est.

71 1476 134 1507 Sed
146 1485 241 1516 prava
260 1475 343 1505 haud
357 1475 455 1505 dubie
469 1481 516 1505 est
526 1475 621 1504 lectio
633 1496 642 1511 ,

72 1528 103 1551 et
117 1521 349 1551 restituendum
366 1528 432 1551 erat
453 1521 540 1561 quod
554 1527 585 1550 et
601 1521 640 1550 ad

73 1567 317 1606 conjectandum
342 1568 377 1597 in
395 1574 548 1608 promptu
577 1573 639 1604 est,

73 1619 105 1643 et
121 1614 208 1653 apud
223 1613 368 1644 Macrob.
383 1616 425 1650 V,
448 1624 486 1654 19
506 1612 641 1642 habetur

73 1659 166 1689 etiam
185 1660 219 1688 in
236 1660 371 1689 Dorvill.
386 1666 418 1690 et
434 1662 468 1690 in
484 1662 565 1689 Ven.
580 1669 640 1699 pro

73 1704 138 1735 div.
158 1705 228 1735 lect.
248 1704 378 1740 Matris,
404 1706 470 1734 sive
495 1712 529 1734 ut
548 1706 640 1735 Ceres

73 1752 190 1781 Ennaea
204 1751 412 1791 intelligatur,
431 1761 524 1791 quam
539 1750 643 1780 Fazel-

73 1797 124 1827 lus
142 1797 209 1827 reb.
226 1797 286 1828 Sic.
302 1798 378 1827 Dec.
397 1799 410 1826 I
423 1819 431 1833 ‚
448 1798 465 1826 3
479 1819 487 1833 ,
509 1806 526 1825 2
542 1797 641 1825 tuitus

73 1849 136 1880 est;
151 1844 217 1873 sive
235 1850 272 1873 ut
293 1844 395 1873 Mater
416 1842 565 1883 Nympha
583 1842 636 1878 sit,

73 1891 165 1928 cujus
180 1890 273 1920 lucus
295 1899 333 1919 eo
353 1890 387 1918 in
410 1889 481 1919 loeo
505 1895 581 1918 erat.
596 1904 643 1911 —

76 1936 153 1966 585.
171 1938 220 1967 De
238 1935 357 1966 Palicis
371 1935 433 1965 loc.
451 1935 539 1964 class.
558 1933 642 1974 apud

74 1982 219 2013 Macroh.
235 1984 276 2020 V,
299 1992 359 2022 193
378 1982 509 2012 Aristot.
524 1980 640 2011 Mirab.

75 2028 187 2059 Audit.
199 2028 241 2058 58
252 2039 261 2064 ;
279 2029 388 2068 Antig.
401 2028 643 2068 Caryst.133-

79 2075 162 2112 175;
181 2073 328 2115 stephan.
351 2076 428 2115 Byz.
456 2075 491 2103 in
520 2072 643 2105 Παιλικὴ

79 2127 110 2150 et
125 2120 259 2151 Diodor.
276 2122 323 2151 XI
334 2143 343 2157 ‚
365 2121 407 2160 89
423 2127 498 2150 sunt
514 2130 522 2151 :
542 2127 573 2150 et
591 2120 644 2148 vix

79 2173 145 2204 est,
171 2166 258 2207 quod
280 2173 428 2207 praeterea
453 2165 608 2197 desideres
637 2174 644 2195 :

697 510 747 539 sin
776 509 869 550 plura
899 511 988 551 cupis
998 533 1006 548 ‚
1040 510 1092 540 adi
1119 511 1266 544 Bochart.

699 555 798 586 Chan.
813 557 828 585 1
840 578 848 593 ,
864 557 904 585 28
918 567 926 593 3
938 557 1119 588 Cluverium
1131 558 1166 587 in
1180 559 1266 590 sicil.

698 608 774 638 ant.;
785 602 976 632 Dorvillium
989 604 1024 633 iu
1041 603 1126 634 sicil.
1141 614 1174 644 p.
1190 604 1265 642 167,

697 654 728 677 et
755 647 832 677 ibid.
859 649 1031 678 Burmann.
1057 651 1124 679 Sec.
1143 660 1176 688 p.
1201 656 1264 687 472

696 703 764 732 sqq.
776 704 785 730 ;
797 692 995 723 VVernsdorf.
1011 696 1099 724 Poet.
1114 696 1192 724 min.
1207 696 1267 732 IV,

696 749 728 778 p.
760 739 824 768 820
837 761 845 776 ,
874 746 905 768 et
930 741 982 769 Jo.
1006 739 1198 770 Beckmann.
1228 741 1267 770 ad

697 785 831 814 Aristot.
845 784 869 815 l.
883 795 911 815 c.
926 786 1073 825 etAntig.
1085 786 1107 815 l.
1125 796 1152 816 c.
1169 792 1199 815 et
1208 797 1267 816 nu-

696 841 753 871 per
764 831 1060 868 Camus‚Me'moires
1067 831 1106 861 de
1115 832 1267 862 l’lnsciaeut

697 877 846 907 national
857 887 908 907 an.
925 878 1000 914 VII,
1018 879 1051 909 3⁶
1063 877 1180 915 classe,
1193 888 1264 920 pag.

699 929 760 959 241
778 934 824 963 sq.
842 925 897 953 Est
912 930 1015 953 tamen
1028 924 1078 954 vel
1093 924 1137 953 sic
1153 923 1265 954 obscu-

695 979 729 999 ra
742 979 872 999 summae
883 971 1046 1000 vetustatis
1059 969 1179 1009 religio.
1188 971 1266 1000 Fue—

696 1026 730 1045 re
757 1015 821 1046 duo
847 1023 979 1046 crateres
989 1039 998 1054 ‚
1022 1027 1077 1046 seu
1102 1016 1188 1050 lacus
1211 1027 1264 1057 ge·

695 1061 799 1099 melli,
833 1061 969 1102 ideoque
1007 1064 1130 1092 Fratres
1165 1062 1243 1092 dicti
1253 1085 1262 1099 ‚

696 1118 784 1148 aquae
799 1108 944 1137 sulfureae
953 1119 1020 1138 non
1028 1108 1123 1148 longe
1136 1108 1174 1137 ab
1187 1109 1263 1149 Ery-

696 1164 730 1184 ce
741 1175 749 1190 ‚
763 1154 844 1184 urbe
855 1177 864 1192 ‚
883 1154 921 1184 ad
943 1165 1024 1194 quos
1043 1154 1196 1184 sollennia
1211 1155 1263 1193 ju-

694 1200 861 1238 rajuranda
887 1199 957 1230 fieri
982 1200 1136 1230 solebant.
1155 1200 1264 1230 Habiti

693 1247 778 1275 inter
795 1245 871 1276 deos
880 1269 888 1283 ‚
904 1247 1012 1276 fanum
1024 1246 1164 1276 habuere
1173 1269 1181 1282 ,
1195 1257 1263 1276 non

693 1291 788 1333 longe
802 1292 841 1321 ab
850 1292 930 1322 urbe
944 1293 1056 1322 Palica.
1071 1292 1168 1332 Quod
1180 1292 1262 1321 illud

694 1337 727 1367 h.
744 1338 766 1367 l.
787 1338 867 1367 circa
888 1337 1082 1378 Symaethum
1100 1337 1194 1366 fuisse
1213 1337 1262 1367 di-

694 1384 778 1412 citur
787 1405 797 1421 ‚
806 1394 873 1413 non
888 1383 1094 1424 geographice
1105 1384 1261 1422 accipien-

694 1429 788 1467 dum,
813 1430 869 1460 sed
890 1436 982 1470 poeta
1006 1429 1150 1459 locorum
1166 1430 1262 1459 situm

693 1476 786 1505 latius
804 1483 836 1506 et
851 1486 868 1505 a
882 1475 1040 1505 nobiliore
1058 1474 1189 1504 flumine
1207 1474 1262 1505 de-

692 1523 803 1563 signat.
831 1522 987 1561 Alioquin
1013 1522 1106 1551 etiam
1130 1521 1262 1560 propior

693 1569 810 1609 Eryces
822 1567 942 1596 fluvius
953 1574 1019 1596 erat
1029 1589 1037 1603 ‚
1052 1576 1139 1596 nunc
1152 1566 1263 1596 Fiume

693 1614 728 1643 di
743 1615 775 1644 S.
796 1613 930 1649 Paullo,
950 1620 987 1642 ut
1009 1615 1132 1643 Iarecta
1146 1614 1263 1653 Symae-

694 1659 767 1689 thus
785 1666 847 1691 est:
861 1658 948 1700 quod
964 1659 1045 1690 hene
1061 1659 1172 1688 docuit
1187 1659 1262 1689 Clu-

692 1707 809 1736 verius.
826 1705 923 1746 Qnod
941 1715 1043 1735 unum
1063 1704 1187 1734 tandem
1206 1706 1263 1734 Pa-

693 1752 791 1781 licum
812 1757 965 1781 memorat
982 1758 1092 1791 poeta,
1111 1749 1148 1779 ad
1163 1750 1264 1789 poeti-

695 1807 763 1826 cam
787 1798 941 1826 rationem
960 1795 1180 1831 referendum,
1200 1805 1263 1835 qua

694 1843 787 1872 licuit
800 1852 840 1871 ex
859 1842 986 1872 duobus
1002 1852 1104 1872 unum
1117 1842 1261 1874 nomina-

695 1898 747 1924 re;
762 1889 823 1917 nisi
842 1889 922 1918 forte
934 1889 997 1926 jam
1013 1888 1156 1918 Maronis
1174 1893 1263 1916 aetate

694 1944 778 1963 unus
796 1941 917 1963 tantum
929 1933 1017 1963 lacus
1037 1934 1113 1970 fuit;
1128 1942 1262 1973 quomo—

695 1979 736 2010 do
750 1981 922 2010 etiamnum
935 1990 1019 2009 uuus
1034 1986 1157 2009 tantum
1171 1978 1263 2008 habe

695 2033 747 2056 tur
758 2049 765 2063 ‚
783 2026 885 2056 dictus
902 2027 1020 2055 Donna
1036 2025 1127 2056 Tetia
1139 2035 1164 2055 s.
1182 2023 1262 2066 Nafi

697 2072 742 2102 tia
753 2095 762 2108 ‚
780 2075 810 2102 ΙΙ
826 2075 870 2103 M.
887 2071 926 2100 ab
940 2071 1020 2101 urbe
1035 2071 1218 2113 Pelagonia,
1233 2077 1264 2100 et

698 2120 712 2148 I
723 2141 731 2155 ‚
750 2117 834 2148 leuca
852 2129 869 2147 a
885 2119 998 2148 Minoo
1009 2141 1017 2154 ‚
1033 2119 1067 2148 in
1083 2117 1163 2147 valle
1175 2127 1263 2147 mon-

699 2164 782 2194 tibus
804 2164 967 2195 Vulcaniis
990 2164 1110 2194 inclusa
1121 2186 1129 2201 ‚
1145 2173 1215 2203 quae
1233 2168 1264 2192 et
