1414 2435
502 69 762 100 CATALECTA.

88 122 192 157 Duas
208 121 349 158 habere
365 122 457 159 filias
476 125 650 170 Atilium,

1168 66 1226 101 391

90 181 211 224 Duas,
232 190 268 216 et
287 180 399 226 hanc,
420 190 457 218 et
474 183 646 229 alteram,
664 183 734 219 tibi
750 183 844 220 dari.

91 238 228 276 Adeste
246 253 362 287 nunc,
384 241 526 287 adeste,
545 242 665 288 ducit,
686 252 727 279 ut
745 242 869 286 decet,

90 298 304 347 Superbus,
324 313 428 346 ecce,
447 302 656 339 Noctuinus
675 302 863 338 hemeam.

89 355 280 396 Thalassio
291 360 298 393 ἔ
317 359 525 398 Thalassio!
543 360 755 399 Thalassio!

606 468 650 500 V.

516 580 558 602 IN
581 579 739 603 LUCIL'M.

91 670 219 704 Jacere
237 679 315 715 me,
333 669 435 718 quod
456 669 530 705 alta
547 681 624 705 non
642 670 800 718 possim,
819 678 946 719 putas,

140 729 192 763 Ut
210 737 312 773 ante,
330 728 472 764 vectari
490 729 603 774 freta3

88 789 166 823 Nec
184 786 281 822 ferre
300 787 438 822 durum
456 787 592 834 frigus,
612 795 677 823 aut
693 795 822 823 aestum
843 787 939 836 pati,

138 848 270 894 Neque
290 858 394 882 arma
409 845 564 882 victoris
583 846 701 894 sequi.

87 905 238 949 Valent,
256 905 381 941 valent
401 904 495 940 mihi
515 905 572 940 ira
592 913 628 940 et
647 904 824 953 antiquus
843 905 968 949 furor,

139 966 186 1000 Et
203 964 347 1013 lingua,
363 976 439 1011 qua
455 962 573 998 adsim
588 962 677 1008 tibi3

88 1025 134 1058 Et
151 1023 364 1071 prostitutae
381 1029 491 1070 turpe
511 1019 802 1056 contubernium

141 1081 304 1117 Sororis.
325 1083 359 1117 O
379 1079 471 1129 quid
489 1092 549 1116 me
566 1079 722 1116 incitas?

90 1140 210 1187 Quid,
227 1141 435 1190 impudice,
456 1149 493 1176 et
511 1139 759 1189 improbando
778 1140 936 1176 Caesari?

139 1200 214 1237 Sed
232 1201 334 1237 furta
349 1199 522 1237 dicantur
538 1208 621 1245 tua,

83 1262 129 1296 Et
146 1260 312 1297 helluato
330 1273 414 1297 sera
429 1259 657 1309 patrimonio

141 1323 185 1356 In
205 1320 320 1356 fratre
338 1320 567 1370 parsimonia
572 1333 583 1365 ;

89 1380 157 1415 Vel
177 1389 259 1416 acta
277 1392 398 1429 puero
417 1392 503 1415 cum
520 1378 613 1415 viris
629 1377 819 1421 convivia,

39 1511 207 1542 locandum
222 1521 349 1551 quoque
362 1511 509 1541 existimo
525 1513 604 1540 ante

39 1559 180 1599 superius
200 1567 335 1587 carmen.

300 1650 340 1676 V.

85 1739 211 1772 Catullo
233 1739 339 1780 potius
363 1748 458 1778 quam
471 1738 604 1779 Virgilio

41 1786 172 1828 dignum
188 1795 329 1821 carmen,
346 1783 531 1813 Archilochi
543 1794 606 1813 me-

42 1840 90 1862 tro
113 1839 144 1862 et
167 1831 237 1861 felle
255 1837 432 1866 exaratum,
447 1836 478 1858 et
499 1830 607 1870 genui-

42 1889 119 1908 num
149 1878 286 1908 licentiae
324 1876 465 1905 iambicae
503 1885 607 1904 exem-

41 1923 144 1964 plum,
169 1925 203 1953 in
226 1923 356 1953 Lucium
377 1920 543 1962 quemdam
564 1921 606 1950 ci-

42 1969 186 2006 naedum,
201 1970 258 2009 qui
281 1979 353 1998 eum
369 1967 542 2008 opprobrio
564 1966 607 1996 la-

43 2015 222 2052 cessiverat,
248 2014 337 2056 quod
363 2020 523 2043 attenuato
550 2023 607 2053 per

44 2062 199 2090 Venerem
216 2067 247 2091 et
270 2060 437 2090 libidinem
455 2069 606 2099 corpore,

45 2105 210 2146 fractisque
236 2106 374 2143 viribus,
394 2106 526 2135 militare
545 2115 606 2134 am-

44 2151 128 2190 plius
142 2161 207 2181 non
222 2159 327 2192 posset
339 2159 444 2193 poeta.

707 1519 737 1540 2,
756 1508 1004 1549 Vectarisreta;
1022 1516 1058 1538 ut
1071 1510 1116 1538 ire
1128 1531 1135 1545 ‚
1153 1520 1221 1538 cur-

658 1564 725 1583 rere
740 1565 841 1592 mare,
860 1565 918 1595 pro
937 1565 993 1594 per
1011 1564 1105 1585 mare.

711 1603 742 1633 6.
778 1603 849 1641 Qua
877 1600 980 1629 adsim
1011 1600 1075 1639 tibi.
1110 1602 1222 1630 Versui

658 1651 796 1681 fulcrum
820 1647 914 1676 deest.
943 1647 1070 1686 Optime
1093 1645 1222 1676 Ouden-

658 1695 790 1736 dorpius
812 1703 819 1722 :
845 1702 910 1732 qua
933 1691 1003 1730 jam
1029 1691 1132 1720 adsim
1158 1691 1220 1719 tibi.

660 1742 796 1774 Adesse,
823 1748 896 1767 cum
916 1738 1048 1766 notione
1071 1736 1177 1765 infesti
1193 1742 1223 1764 et

658 1785 781 1817 hostilis
795 1780 906 1818 animi3
921 1788 957 1811 ut
970 1782 1043 1812 alias
1056 1781 1152 1815 addi,
1171 1792 1225 1820 (zp-

654 1831 745 1872 poni.

709 1888 738 1915 7.
754 1877 876 1906 Novam
891 1883 999 1903 versus
1016 1873 1139 1904 orditur
1157 1883 1224 1902 seu-

661 1924 790 1954 tentiam
805 1931 813 1951 :
833 1921 995 1961 experitur
1007 1920 1125 1949 scilicet
1140 1928 1225 1947 nunc

659 1976 767 2010 poeta,
789 1966 868 2008 quid
882 1966 970 1996 furor
992 1973 1022 1994 et
1040 1965 1148 2005 lingua
1163 1974 1225 1993 ma-

659 2015 757 2045 ledica
771 2013 879 2043 valeat.
894 2014 1003 2051 Itaque
1013 2010 1056 2040 Ei
1064 2020 1138 2039 cum
1147 2011 1224 2040 Scri-

660 2063 763 2098 verio,
780 2059 831 2088 vel
843 2058 924 2093 Hei,
943 2055 1121 2098 legendum.

710 2117 761 2136 10.
781 2104 817 2133 Si
825 2103 994 2144 legendum
1014 2112 1087 2132 cum
1102 2101 1221 2131 eodem.

664 2152 750 2193 Quid
758 2156 774 2180 ‚³
793 2149 820 2180 si
828 2149 923 2191 fiat-ta
937 2148 1082 2178 dicentur
1096 2154 1149 2176 tua
1166 2152 1177 2166 ²
