1414 2435
164 71 227 102 328
632 65 850 100 EXCURSUS
873 68 889 97 Ῑ

159 131 237 160 licto
251 138 347 169 reguo
357 149 366 165 ,
383 128 419 158 in
433 127 541 158 Asiam
555 126 683 157 rediisse
699 126 903 164 tradiderint,
920 131 1072 165 utrosque
1094 134 1189 166 prava
1204 126 1351 156 Homeri-

161 193 272 214 corum
288 192 439 212 versuum
460 182 720 222 interpretatione
745 180 914 218 adductos,
931 180 996 218 jam
1012 178 1072 209 alio
1095 179 1168 210 loco
1191 181 1349 210 monitum

161 244 216 268 est.
236 236 277 266 cf.
297 237 432 277 Dionys.
446 236 478 274 Ι,
501 235 555 267 53.
570 234 631 266 Sed
652 245 781 273 eorum,
798 235 855 275 qui
871 236 977 264 AEneae
995 243 1154 263 accessum
1168 233 1208 264 ad
1228 233 1349 263 Italiam

159 298 308 331 tanquam
323 289 527 321 historiarum
544 287 608 318 fide
623 295 781 329 acceptam
793 287 1004 326 tradiderant,
1019 287 1181 329 vulgarem
1198 289 1350 318 narratio-

159 354 233 374 nem
248 343 331 373 banc
350 343 497 383 apposuit
509 343 686 384 Dionysius
702 341 759 373 lib.
778 344 810 380 I,
831 341 890 379 56,
904 352 999 382 quam
1013 341 1153 372 breviter
1165 341 1218 371 hic
1231 352 1349 372 memo-

157 399 315 434 rabimus,
330 404 382 435 ut,
395 407 466 439 quae
479 404 573 437 poeta
588 403 696 427 noster
709 395 784 426 inde
797 403 851 426 aut
864 396 1059 426 transtulerit
1068 418 1077 435 ,
1092 402 1146 426 aut
1158 397 1350 434 immutarit,

157 465 224 484 uno
237 453 355 484 haustu
372 453 523 493 cognosci
546 452 656 493 possit.
676 452 740 492 Qui
758 451 865 481 videre
886 451 973 481 volet
995 461 1046 488 ea,
1063 461 1135 492 quae
1157 451 1208 481 alii
1227 452 1350 482 diversa

154 508 370 545 tradiderunt,
392 506 481 537 adeat
496 507 640 544 Livium,
657 506 863 544 Strabonem,
881 505 1050 536 Aurelium
1065 505 1244 543 Victorem,
1262 506 1349 536 alios.

156 563 257 603 Capto
281 562 380 602 igitur
405 571 445 590 ex
468 560 533 590 suis
557 560 637 590 anae
662 560 729 590 fetu
753 566 879 590 ostento
903 566 1065 589 narratum
1083 565 1145 596 est,
1169 561 1292 597 AEneae,
1317 561 1350 589 in

154 615 320 646 condenda
338 614 433 652 urhe,
450 625 522 655 quae
544 624 622 644 mox
644 614 767 644 Lavinii
784 623 902 643 nomen
921 619 1087 654 acceptura
1108 619 1175 643 erat
1196 612 1289 654 (nam
1309 611 1348 642 de

152 669 210 699 hac
224 669 278 698 ille
293 669 453 709 loquitur,
471 678 539 697 non
560 667 599 697 de
617 666 734 708 Troja)
745 690 753 705 ,
772 673 947 708 occupat0‚
965 667 1183 707 supervenisse
1199 667 1348 696 Latinum

152 733 273 764 regem,
289 722 346 762 qui
363 728 433 751 tum
449 721 597 751 adversus
615 721 752 752 Rutulos
774 722 880 762 copias
896 720 1059 752 eduxerat.
1075 720 1193 751 Moniti
1213 727 1346 762 uterque

151 777 186 806 in
208 782 359 816 sequente
380 781 490 813 nocte,
514 775 592 804 alter
607 784 624 804 a
639 775 829 813 Penatibus,
848 776 926 806 alter
950 776 989 805 ab
1011 775 1108 806 heroe
1131 775 1274 817 Indigete
1289 787 1346 817 per

150 831 254 862 visum
275 829 401 866 oblato,
419 839 518 870 quum
537 827 603 858 dies
617 828 792 866 illuxisset,
816 829 920 858 foedus
944 830 1028 859 inter
1049 840 1081 859 se
1103 830 1238 868 faciunt,
1258 830 1346 871 quod

148 895 242 925 supra
259 891 468 914 memoratum
487 890 548 920 est3
578 889 646 913 tum
667 884 798 922 Trojani
817 894 892 913 cum
910 884 1027 913 Latinis
1051 883 1170 913 bellum
1195 884 1345 915 adversus

145 938 283 970 Rutulos
300 938 471 977 repetitum
494 937 584 967 brevi
600 935 793 974 conficiunt,
812 936 950 978 indeque
970 938 1087 967 reversi
1108 937 1222 967 urbem
1238 937 1342 968 absol-

147 998 245 1029 vunt,
267 991 392 1020 Lavinii
406 991 534 1020 nomine
552 991 711 1030 imposito.
726 992 824 1020 Erant
840 1001 969 1032 quoque
988 991 1102 1031 templa
1124 997 1154 1021 et
1174 991 1232 1020 alia
1248 1002 1341 1022 orna-

146 1052 251 1075 menta
264 1045 404 1081 Lavinii,
418 1054 489 1085 quae
507 1044 548 1073 ad
563 1046 693 1074 AEneam
709 1051 872 1075 auctorem
886 1045 1106 1075 referebantur
1123 1045 1281 1086 (Dionys.
1304 1048 1320 1077 I
1332 1070 1340 1084 ‚

145 1097 188 1132 64
199 1096 222 1138 ).
232 1098 393 1126 Hactenus
405 1095 549 1133 Trojanis
562 1094 637 1124 solis
650 1095 856 1135 imperaverat
870 1097 981 1126 AEneas
990 1118 998 1133 ,
1013 1095 1068 1126 sed
1082 1104 1209 1128 mortuo
1225 1100 1338 1130 Latino

142 1153 177 1181 in
190 1152 375 1181 universum
390 1160 524 1191 regnum
542 1149 698 1186 succedit;
715 1148 831 1179 factum
844 1149 904 1180 hoc
920 1151 955 1180 in
968 1150 1053 1181 bello
1073 1151 1223 1182 adversus
1236 1155 1339 1184 Rutu-

143 1206 207 1242 los,
227 1205 283 1246 qui
295 1205 411 1234 iterum
426 1214 442 1233 a
464 1204 581 1234 Latinis
603 1203 785 1234 defecerant
798 1210 925 1233 auctore
941 1205 1070 1242 Turno,
1084 1206 1221 1243 Amatae,
1236 1207 1339 1237 Latini

142 1259 269 1296 uxoris,
289 1258 496 1295 consobrino,
523 1264 553 1288 et
578 1257 620 1288 ob
645 1259 771 1299 nuptias
792 1260 930 1289 Laviniae
953 1259 992 1289 ab
1011 1266 1121 1290 extero
1145 1262 1338 1302 interceptas

140 1314 239 1350 irato,
260 1314 373 1344 Amata
397 1322 525 1353 quoque
550 1313 729 1353 instigante.
757 1313 805 1342 Ita
826 1313 911 1344 bello
938 1313 1075 1345 conflato
1100 1325 1171 1344 acre
1189 1315 1336 1355 praelium

141 1367 343 1396 commissum
352 1389 360 1403 ,
377 1377 442 1406 quo
452 1367 579 1397 Latinus
593 1374 623 1397 et
637 1369 765 1398 Turnus
775 1367 828 1410 (in
840 1379 906 1409 quo
919 1369 1077 1399 consentit
1089 1369 1208 1400 Justin.
1219 1370 1337 1406 XLIII,

144 1429 172 1456 1,
200 1430 235 1450 11
250 1419 262 1461 )
279 1431 352 1450 cum
369 1420 436 1451 aliis
452 1420 652 1459 ceciderunt,
673 1423 784 1452 AEneas
807 1430 911 1453 tamen
936 1423 1102 1453 victoriam
1120 1422 1252 1464 adeptus
1277 1429 1335 1454 est.

140 1475 210 1504 Hoc
224 1481 304 1512 erat,
321 1474 410 1514 quod
423 1476 551 1516 Jupiter
567 1474 772 1516 praedixerat,
785 1477 841 1507 lib.
860 1479 891 1514 Ι,
911 1477 975 1506 263
986 1499 995 1514 ,
1010 1477 1138 1506 Bellum
1155 1477 1334 1519 1113011εὲ0-

138 1535 186 1557 ret
198 1527 298 1557 ltalia
303 1527 501 1569 populosque
506 1527 635 1570 seroces
651 1528 830 1560 Conczmdec
843 1537 902 1561 etc.
920 1531 985 1560 Nec
999 1529 1135 1559 multum
1153 1530 1271 1559 abeunt
1286 1531 1336 1560 Li-

137 1582 218 1619 vius,
235 1581 358 1618 Strabo,
371 1589 401 1611 et
415 1593 552 1622 quorum
566 1585 672 1623 potior
686 1585 855 1614 auctoritas
868 1583 1030 1621 habenda,
1044 1585 1188 1614 Lutatius
1202 1584 1332 1615 Catulus

137 1634 219 1676 apud
236 1636 359 1665 Victor.
380 1637 418 1666 Ο.
438 1636 479 1666 G.
501 1638 539 1666 lt.
562 1637 618 1675 ¹33
637 1638 714 1667 Cato
729 1637 813 1678 apud
828 1639 971 1668 Servium
985 1639 1042 1676 lv,
1062 1638 1146 1675 620,
1169 1639 1227 1668 etsi
1242 1638 1332 1670 locus

136 1695 314 1728 corruptus.
330 1690 520 1730 Dionysium
539 1691 705 1732 exscripsit
718 1692 853 1721 Zonaras
869 1693 931 1722 vu
945 1703 993 1733 pr.

179 1743 290 1782 Quum
311 1750 416 1773 autem
434 1745 546 1774 AEueas
572 1751 643 1785 post
666 1746 767 1775 Latini
794 1746 918 1776 obitum
942 1746 1071 1788 aliquod
1096 1754 1221 1788 tempus
1245 1748 1332 1779 solus

131 1803 303 1837 regnasset,
327 1799 443 1828 iterum
467 1799 661 1829 rebellarunt
683 1800 811 1837 Rutuli,
828 1808 968 1831 assumto
993 1802 1027 1831 in
1052 1801 1127 1831 belli
1145 1803 1327 1832 societatem

128 1850 287 1879 Mezentio
301 1872 308 1886 ‚
326 1851 531 1881 Etruseorum
546 1863 627 1893 rege.
649 1853 860 1884 Commissum
876 1865 943 1884 non
956 1854 1049 1895 longe
1065 1865 1082 1884 a
1096 1855 1227 1885 Lavinio
1246 1866 1325 1896 [1110-

130 1903 206 1932 lituu
233 1903 271 1933 ad
291 1904 475 1934 Numicium
500 1905 620 1936 ssumeu
643 1917 710 1937 nox
735 1907 861 1938 diremit
878 1918 886 1939 :
914 1908 1107 1939 desideratus
1124 1911 1253 1947 AEueas,
1271 1922 1327 1942 seu

128 1957 216 1998 quod
233 1968 345 1995 caesus,
361 1969 417 1988 seu
432 1958 519 2000 quod
536 1959 666 1991 ssumine
680 1972 798 1993 mersus
817 1964 968 2004 perierat,
983 1974 1059 1993 mox
1074 1974 1133 2004 pro
1146 1963 1256 2003 heroe,
1273 1976 1327 2007 pa·

129 2011 167 2039 tri
183 2009 233 2040 dci
252 2011 405 2052 Indigetis
429 2014 574 2051 nomine,
600 2015 662 2044 coli
679 2016 785 2056 (τα-[111.
802 2018 848 2047 Eo
864 2023 1005 2057 spectant
1023 2019 1093 2047 AEn.
1117 2019 1148 2055 Ι,
1167 2019 1230 2048 263
1254 2030 1322 2061 sqq.

127 2063 202 2093 dira‘
222 2064 355 2095 Didonis
371 2067 427 2103 IV,
446 2067 512 2097 615
530 2079 599 2108 sqq.
621 2076 651 2101 et
664 2071 754 2100 Jovis
771 2070 865 2100 verba
888 2072 968 2107 xn,
986 2077 1047 2111 794
1069 2071 1247 2114 Indigetem
1266 2075 1322 2104 AE-

129 2127 221 2146 neam
239 2118 296 2146 scis
310 2118 377 2158 ipsa
391 2128 422 2149 ct
435 2111 641 2162 scircfiueris'
657 2123 773 2153 Deberi
784 2124 863 2154 coelo
871 2147 880 2160 ‚
901 2131 958 2154 etc.

171 2172 217 2201 Ila
237 2173 390 2204 Ascanius
406 2175 543 2207 succedit
561 2178 592 2206 in
608 2188 715 2220 regno.
732 2178 865 2209 Obsessa
879 2179 954 2210 urbs
974 2181 1138 2211 Laxinium
1158 2181 1197 2212 ab
1214 2184 1322 2213 Etrus-
