<?xml version="1.0" encoding="UTF-8"?>
<!DOCTYPE html PUBLIC "-//W3C//DTD XHTML 1.0 Transitional//EN"
    "http://www.w3.org/TR/xhtml1/DTD/xhtml1-transitional.dtd">
<html xmlns="http://www.w3.org/1999/xhtml" xml:lang="en" lang="en">
 <head>
  <title>
</title>
<meta http-equiv="Content-Type" content="text/html;charset=utf-8" />
  <meta name='ocr-system' content='tesseract 3.04.00' />
  <meta name='ocr-capabilities' content='ocr_page ocr_carea ocr_par ocr_line ocrx_word'/>
</head>
<body>
  <div class='ocr_page' id='page_1' title='image "./operahey04virguoft_0381.png"; bbox 0 0 1414 2435; ppageno 0'>
   <div class='ocr_carea' id='block_1_1' title="bbox 15 48 1206 811">
    <p class='ocr_par' dir='ltr' id='par_1_1' title="bbox 15 48 1206 811">
     <span class='ocr_line' id='line_1_1' title="bbox 553 48 672 79; baseline -0.008 -1"><span class='ocrx_word' id='word_1_1' title='bbox 553 48 672 79; x_wconf 89' lang='lat' dir='ltr'><strong>CIRIS.</strong></span> 
     </span>
     <span class='ocr_line' id='line_1_2' title="bbox 15 104 922 156; baseline -0.003 -14"><span class='ocrx_word' id='word_1_2' title='bbox 15 105 164 156; x_wconf 87' lang='lat' dir='ltr'>Jupiter</span> <span class='ocrx_word' id='word_1_3' title='bbox 186 122 193 143; x_wconf 90' lang='lat'>:</span> <span class='ocrx_word' id='word_1_4' title='bbox 213 107 274 144; x_wconf 91' lang='lat' dir='ltr'>ille</span> <span class='ocrx_word' id='word_1_5' title='bbox 294 107 406 144; x_wconf 90' lang='lat' dir='ltr'>etiam</span> <span class='ocrx_word' id='word_1_6' title='bbox 425 108 556 142; x_wconf 91' lang='lat' dir='ltr'>Poenos</span> <span class='ocrx_word' id='word_1_7' title='bbox 576 104 760 142; x_wconf 88' lang='lat' dir='ltr'>domitare</span> <span class='ocrx_word' id='word_1_8' title='bbox 780 104 922 148; x_wconf 84' lang='lat' dir='ltr'>leones,</span> 
     </span>
     <span class='ocr_line' id='line_1_3' title="bbox 17 162 904 211; baseline -0.003 -10"><span class='ocrx_word' id='word_1_9' title='bbox 17 167 64 201; x_wconf 89' lang='lat' dir='ltr'>Et</span> <span class='ocrx_word' id='word_1_10' title='bbox 82 166 224 204; x_wconf 87' lang='lat' dir='ltr'>validas</span> <span class='ocrx_word' id='word_1_11' title='bbox 240 166 367 203; x_wconf 90' lang='lat' dir='ltr'>docuit</span> <span class='ocrx_word' id='word_1_12' title='bbox 384 165 484 202; x_wconf 89' lang='lat' dir='ltr'>vires</span> <span class='ocrx_word' id='word_1_13' title='bbox 501 176 759 201; x_wconf 86' lang='lat' dir='ltr'>mansuescere</span> <span class='ocrx_word' id='word_1_14' title='bbox 779 162 904 211; x_wconf 81' lang='lat' dir='ltr'>tigri53</span> 
     </span>
     <span class='ocr_line' id='line_1_4' title="bbox 16 223 1086 271; baseline -0.002 -11"><span class='ocrx_word' id='word_1_15' title='bbox 16 225 84 262; x_wconf 85' lang='lat' dir='ltr'>Ille</span> <span class='ocrx_word' id='word_1_16' title='bbox 104 226 215 262; x_wconf 87' lang='lat' dir='ltr'>etiam</span> <span class='ocrx_word' id='word_1_17' title='bbox 233 226 358 271; x_wconf 86' lang='lat' dir='ltr'>divos,</span> <span class='ocrx_word' id='word_1_18' title='bbox 378 225 568 269; x_wconf 87' lang='lat' dir='ltr'>homines;</span> <span class='ocrx_word' id='word_1_19' title='bbox 590 224 654 260; x_wconf 90' lang='lat' dir='ltr'>sed</span> <span class='ocrx_word' id='word_1_20' title='bbox 674 223 799 259; x_wconf 80' lang='lat' dir='ltr'>dicere</span> <span class='ocrx_word' id='word_1_21' title='bbox 815 234 993 271; x_wconf 80' lang='lat' dir='ltr'>maguum</span> <span class='ocrx_word' id='word_1_22' title='bbox 1012 229 1086 267; x_wconf 80' lang='lat' dir='ltr'>est3</span> 
     </span>
     <span class='ocr_line' id='line_1_5' title="bbox 16 282 835 333; baseline -0.001 -13"><span class='ocrx_word' id='word_1_23' title='bbox 16 283 123 320; x_wconf 87' lang='lat' dir='ltr'>Idem</span> <span class='ocrx_word' id='word_1_24' title='bbox 142 293 222 320; x_wconf 88' lang='lat' dir='ltr'>tum</span> <span class='ocrx_word' id='word_1_25' title='bbox 242 285 364 321; x_wconf 84' lang='lat' dir='ltr'>tristes</span> <span class='ocrx_word' id='word_1_26' title='bbox 382 283 541 320; x_wconf 88' lang='lat' dir='ltr'>acuebat</span> <span class='ocrx_word' id='word_1_27' title='bbox 560 284 740 333; x_wconf 86' lang='lat' dir='ltr'>parvulus</span> <span class='ocrx_word' id='word_1_28' title='bbox 759 282 835 319; x_wconf 84' lang='lat' dir='ltr'>iras</span> 
     </span>
     <span class='ocr_line' id='line_1_6' title="bbox 17 342 779 394; baseline 0 -15"><span class='ocrx_word' id='word_1_29' title='bbox 17 342 172 380; x_wconf 88' lang='lat' dir='ltr'>Junonis</span> <span class='ocrx_word' id='word_1_30' title='bbox 191 356 334 393; x_wconf 77' lang='lat' dir='ltr'>magnae</span> <span class='ocrx_word' id='word_1_31' title='bbox 355 344 475 394; x_wconf 88' lang='lat' dir='ltr'>[cujus</span> <span class='ocrx_word' id='word_1_32' title='bbox 494 343 662 393; x_wconf 87' lang='lat' dir='ltr'>perjuria</span> <span class='ocrx_word' id='word_1_33' title='bbox 682 342 779 379; x_wconf 84' lang='lat' dir='ltr'>divae</span> 
     </span>
     <span class='ocr_line' id='line_1_7' title="bbox 18 401 815 452; baseline 0.001 -15"><span class='ocrx_word' id='word_1_34' title='bbox 18 401 118 438; x_wconf 91' lang='lat' dir='ltr'>Olim</span> <span class='ocrx_word' id='word_1_35' title='bbox 137 415 176 438; x_wconf 90' lang='lat' dir='ltr'>se</span> <span class='ocrx_word' id='word_1_36' title='bbox 195 403 405 439; x_wconf 84' lang='lat' dir='ltr'>meminisse</span> <span class='ocrx_word' id='word_1_37' title='bbox 425 403 491 439; x_wconf 91' lang='lat' dir='ltr'>diu</span> <span class='ocrx_word' id='word_1_38' title='bbox 510 403 664 452; x_wconf 86' lang='lat' dir='ltr'>perjura</span> <span class='ocrx_word' id='word_1_39' title='bbox 681 401 815 452; x_wconf 88' lang='lat' dir='ltr'>puellae</span> 
     </span>
     <span class='ocr_line' id='line_1_8' title="bbox 17 460 887 512; baseline 0.001 -15"><span class='ocrx_word' id='word_1_40' title='bbox 17 462 104 497; x_wconf 87' lang='lat' dir='ltr'>Non</span> <span class='ocrx_word' id='word_1_41' title='bbox 122 462 189 498; x_wconf 90' lang='lat' dir='ltr'>ulli</span> <span class='ocrx_word' id='word_1_42' title='bbox 204 462 326 512; x_wconf 86' lang='lat' dir='ltr'>liceat]</span> <span class='ocrx_word' id='word_1_43' title='bbox 348 476 357 498; x_wconf 89' lang='lat'>:</span> <span class='ocrx_word' id='word_1_44' title='bbox 377 463 587 500; x_wconf 81' lang='lat' dir='ltr'>violaverat</span> <span class='ocrx_word' id='word_1_45' title='bbox 606 462 723 499; x_wconf 87' lang='lat' dir='ltr'>inscia</span> <span class='ocrx_word' id='word_1_46' title='bbox 741 460 887 506; x_wconf 88' lang='lat' dir='ltr'>sedem,</span> 
     </span>
     <span class='ocr_line' id='line_1_9' title="bbox 16 521 890 572; baseline 0.002 -17"><span class='ocrx_word' id='word_1_47' title='bbox 16 521 118 556; x_wconf 92' lang='lat' dir='ltr'>Dum</span> <span class='ocrx_word' id='word_1_48' title='bbox 134 521 247 559; x_wconf 88' lang='lat' dir='ltr'>sacris</span> <span class='ocrx_word' id='word_1_49' title='bbox 266 531 423 572; x_wconf 86' lang='lat' dir='ltr'>operata</span> <span class='ocrx_word' id='word_1_50' title='bbox 442 522 521 559; x_wconf 89' lang='lat' dir='ltr'>deae</span> <span class='ocrx_word' id='word_1_51' title='bbox 540 522 704 568; x_wconf 78' lang='lat' dir='ltr'>lascivit,</span> <span class='ocrx_word' id='word_1_52' title='bbox 725 529 762 558; x_wconf 89' lang='lat' dir='ltr'>et</span> <span class='ocrx_word' id='word_1_53' title='bbox 782 528 890 558; x_wconf 80' lang='lat' dir='ltr'>extra</span> 
     </span>
     <span class='ocr_line' id='line_1_10' title="bbox 17 580 1000 631; baseline -0.001 -15"><span class='ocrx_word' id='word_1_54' title='bbox 17 580 192 617; x_wconf 87' lang='lat' dir='ltr'>Procedit</span> <span class='ocrx_word' id='word_1_55' title='bbox 209 582 319 631; x_wconf 84' lang='lat' dir='ltr'>longe</span> <span class='ocrx_word' id='word_1_56' title='bbox 337 591 501 619; x_wconf 86' lang='lat' dir='ltr'>matrum</span> <span class='ocrx_word' id='word_1_57' title='bbox 517 583 773 630; x_wconf 86' lang='lat' dir='ltr'>comitumque</span> <span class='ocrx_word' id='word_1_58' title='bbox 792 589 1000 624; x_wconf 82' lang='lat' dir='ltr'>catervam,</span> 
     </span>
     <span class='ocr_line' id='line_1_11' title="bbox 19 641 997 692; baseline 0 -16"><span class='ocrx_word' id='word_1_59' title='bbox 19 641 244 689; x_wconf 87' lang='lat' dir='ltr'>Suspensam</span> <span class='ocrx_word' id='word_1_60' title='bbox 263 643 428 692; x_wconf 86' lang='lat' dir='ltr'>gaudens</span> <span class='ocrx_word' id='word_1_61' title='bbox 449 643 488 679; x_wconf 90' lang='lat' dir='ltr'>in</span> <span class='ocrx_word' id='word_1_62' title='bbox 507 655 668 692; x_wconf 89' lang='lat' dir='ltr'>corpore</span> <span class='ocrx_word' id='word_1_63' title='bbox 687 641 820 677; x_wconf 87' lang='lat' dir='ltr'>ludere</span> <span class='ocrx_word' id='word_1_64' title='bbox 836 647 997 684; x_wconf 87' lang='lat' dir='ltr'>vestem,</span> 
     </span>
     <span class='ocr_line' id='line_1_12' title="bbox 18 700 1206 751; baseline -0.002 -16"><span class='ocrx_word' id='word_1_65' title='bbox 18 701 65 735; x_wconf 90' lang='lat' dir='ltr'>Et</span> <span class='ocrx_word' id='word_1_66' title='bbox 81 700 243 737; x_wconf 88' lang='lat' dir='ltr'>tumidos</span> <span class='ocrx_word' id='word_1_67' title='bbox 262 702 424 751; x_wconf 83' lang='lat' dir='ltr'>agitante</span> <span class='ocrx_word' id='word_1_68' title='bbox 443 703 546 739; x_wconf 92' lang='lat' dir='ltr'>sinus</span> <span class='ocrx_word' id='word_1_69' title='bbox 566 701 754 750; x_wconf 87' lang='lat' dir='ltr'>Aquilone</span> <span class='ocrx_word' id='word_1_70' title='bbox 774 701 948 736; x_wconf 80' lang='lat' dir='ltr'>relaxans</span> <span class='ocrx_word' id='word_1_71' title='bbox 970 713 978 735; x_wconf 91' lang='lat'><strong>:</strong></span> <span class='ocrx_word' id='word_1_72' title='bbox 1161 706 1206 733; x_wconf 70' lang='lat'>145</span> 
     </span>
     <span class='ocr_line' id='line_1_13' title="bbox 18 760 999 811; baseline -0.002 -15"><span class='ocrx_word' id='word_1_73' title='bbox 18 760 189 796; x_wconf 87' lang='lat' dir='ltr'>Necdum</span> <span class='ocrx_word' id='word_1_74' title='bbox 206 762 318 798; x_wconf 89' lang='lat' dir='ltr'>etiam</span> <span class='ocrx_word' id='word_1_75' title='bbox 337 772 457 800; x_wconf 88' lang='lat' dir='ltr'>castos</span> <span class='ocrx_word' id='word_1_76' title='bbox 477 762 684 811; x_wconf 80' lang='lat' dir='ltr'>agitaverat</span> <span class='ocrx_word' id='word_1_77' title='bbox 702 760 798 808; x_wconf 82' lang='lat' dir='ltr'>ignis</span> <span class='ocrx_word' id='word_1_78' title='bbox 816 760 999 803; x_wconf 90' lang='lat' dir='ltr'>honores,</span> 
     </span>
    </p>
   </div>
   <div class='ocr_carea' id='block_1_2' title="bbox 1139 47 1204 135">
    <p class='ocr_par' dir='ltr' id='par_1_2' title="bbox 1139 47 1204 135">
     <span class='ocr_line' id='line_1_14' title="bbox 1139 47 1199 84; baseline 0 -8"><span class='ocrx_word' id='word_1_79' title='bbox 1139 47 1199 84; x_wconf 74' lang='lat'>371</span> 
     </span>
     <span class='ocr_line' id='line_1_15' title="bbox 1156 111 1204 135; baseline 0 0"><span class='ocrx_word' id='word_1_80' title='bbox 1156 111 1204 135; x_wconf 81' lang='lat'>135</span> 
     </span>
    </p>
   </div>
   <div class='ocr_carea' id='block_1_3' title="bbox 19 818 1209 1286">
    <p class='ocr_par' dir='ltr' id='par_1_3' title="bbox 19 818 901 870">
     <span class='ocr_line' id='line_1_16' title="bbox 19 818 901 870; baseline 0 -16"><span class='ocrx_word' id='word_1_81' title='bbox 19 818 190 855; x_wconf 89' lang='lat' dir='ltr'>Necdum</span> <span class='ocrx_word' id='word_1_82' title='bbox 209 820 364 857; x_wconf 90' lang='lat' dir='ltr'>sollenni</span> <span class='ocrx_word' id='word_1_83' title='bbox 382 821 537 870; x_wconf 80' lang='lat' dir='ltr'>lympha</span> <span class='ocrx_word' id='word_1_84' title='bbox 555 820 709 870; x_wconf 88' lang='lat' dir='ltr'>perfusa</span> <span class='ocrx_word' id='word_1_85' title='bbox 726 818 901 855; x_wconf 87' lang='lat' dir='ltr'>sacerdos</span> 
     </span>
    </p>

    <p class='ocr_par' dir='ltr' id='par_1_4' title="bbox 20 879 821 930">
     <span class='ocr_line' id='line_1_17' title="bbox 20 879 821 930; baseline 0 -16"><span class='ocrx_word' id='word_1_86' title='bbox 20 879 194 916; x_wconf 88' lang='lat' dir='ltr'>Pallentis</span> <span class='ocrx_word' id='word_1_87' title='bbox 210 879 308 917; x_wconf 88' lang='lat' dir='ltr'>foliis</span> <span class='ocrx_word' id='word_1_88' title='bbox 328 888 442 930; x_wconf 84' lang='lat' dir='ltr'>caput</span> <span class='ocrx_word' id='word_1_89' title='bbox 460 889 662 917; x_wconf 86' lang='lat' dir='ltr'>exornarat</span> <span class='ocrx_word' id='word_1_90' title='bbox 679 879 788 915; x_wconf 85' lang='lat' dir='ltr'>olivae</span> <span class='ocrx_word' id='word_1_91' title='bbox 812 892 821 913; x_wconf 76' lang='grc' dir='ltr'><strong><em>ε</em></strong></span> 
     </span>
    </p>

    <p class='ocr_par' dir='ltr' id='par_1_5' title="bbox 19 935 1209 1108">
     <span class='ocr_line' id='line_1_18' title="bbox 21 935 1106 989; baseline -0.001 -16"><span class='ocrx_word' id='word_1_92' title='bbox 21 939 148 982; x_wconf 90' lang='lat' dir='ltr'>Quum</span> <span class='ocrx_word' id='word_1_93' title='bbox 166 938 270 989; x_wconf 86' lang='lat' dir='ltr'>lapsa</span> <span class='ocrx_word' id='word_1_94' title='bbox 289 953 309 976; x_wconf 93' lang='lat' dir='ltr'>e</span> <span class='ocrx_word' id='word_1_95' title='bbox 328 939 501 977; x_wconf 87' lang='lat' dir='ltr'>manibus</span> <span class='ocrx_word' id='word_1_96' title='bbox 520 940 615 989; x_wconf 81' lang='lat' dir='ltr'>fugit</span> <span class='ocrx_word' id='word_1_97' title='bbox 633 939 728 988; x_wconf 84' lang='lat' dir='ltr'>pila,</span> <span class='ocrx_word' id='word_1_98' title='bbox 749 949 942 987; x_wconf 90' lang='lat' dir='ltr'>quumque</span> <span class='ocrx_word' id='word_1_99' title='bbox 959 935 1106 985; x_wconf 87' lang='lat' dir='ltr'>relapsa</span> 
     </span>
     <span class='ocr_line' id='line_1_19' title="bbox 21 996 1209 1048; baseline 0.001 -17"><span class='ocrx_word' id='word_1_100' title='bbox 21 998 214 1033; x_wconf 86' lang='lat' dir='ltr'>Procurrit</span> <span class='ocrx_word' id='word_1_101' title='bbox 229 999 338 1047; x_wconf 82' lang='lat' dir='ltr'>virgo</span> <span class='ocrx_word' id='word_1_102' title='bbox 358 1013 366 1035; x_wconf 89' lang='lat'>:</span> <span class='ocrx_word' id='word_1_103' title='bbox 388 1011 464 1048; x_wconf 92' lang='lat' dir='ltr'>quo</span> <span class='ocrx_word' id='word_1_104' title='bbox 482 999 628 1035; x_wconf 88' lang='lat' dir='ltr'>utinam</span> <span class='ocrx_word' id='word_1_105' title='bbox 646 1011 693 1034; x_wconf 92' lang='lat' dir='ltr'>ne</span> <span class='ocrx_word' id='word_1_106' title='bbox 712 997 863 1047; x_wconf 89' lang='lat' dir='ltr'>prodita</span> <span class='ocrx_word' id='word_1_107' title='bbox 881 996 972 1033; x_wconf 93' lang='lat' dir='ltr'>ludo</span> <span class='ocrx_word' id='word_1_108' title='bbox 1164 1002 1209 1026; x_wconf 83' lang='lat'>¹⁵⁰</span> 
     </span>
     <span class='ocr_line' id='line_1_20' title="bbox 19 1057 890 1108; baseline 0.001 -17"><span class='ocrx_word' id='word_1_109' title='bbox 19 1057 147 1092; x_wconf 87' lang='lat' dir='ltr'>Aurea</span> <span class='ocrx_word' id='word_1_110' title='bbox 168 1064 244 1093; x_wconf 82' lang='lat' dir='ltr'>tam</span> <span class='ocrx_word' id='word_1_111' title='bbox 262 1059 391 1106; x_wconf 81' lang='lat' dir='ltr'>gracili</span> <span class='ocrx_word' id='word_1_112' title='bbox 411 1059 580 1096; x_wconf 81' lang='lat' dir='ltr'>solvisset</span> <span class='ocrx_word' id='word_1_113' title='bbox 600 1070 763 1108; x_wconf 89' lang='lat' dir='ltr'>corpora</span> <span class='ocrx_word' id='word_1_114' title='bbox 777 1057 890 1106; x_wconf 84' lang='lat' dir='ltr'>palla!</span> 
     </span>
    </p>

    <p class='ocr_par' dir='ltr' id='par_1_6' title="bbox 21 1116 1066 1227">
     <span class='ocr_line' id='line_1_21' title="bbox 21 1116 1066 1168; baseline 0 -17"><span class='ocrx_word' id='word_1_115' title='bbox 21 1116 176 1161; x_wconf 89' lang='lat' dir='ltr'>Omnia,</span> <span class='ocrx_word' id='word_1_116' title='bbox 195 1130 279 1166; x_wconf 82' lang='lat' dir='ltr'>quae</span> <span class='ocrx_word' id='word_1_117' title='bbox 299 1120 462 1156; x_wconf 88' lang='lat' dir='ltr'>retinere</span> <span class='ocrx_word' id='word_1_118' title='bbox 479 1119 657 1168; x_wconf 85' lang='lat' dir='ltr'>gradum,</span> <span class='ocrx_word' id='word_1_119' title='bbox 677 1129 906 1166; x_wconf 88' lang='lat' dir='ltr'>cursumque</span> <span class='ocrx_word' id='word_1_120' title='bbox 924 1116 1066 1153; x_wconf 86' lang='lat' dir='ltr'>morari</span> 
     </span>
     <span class='ocr_line' id='line_1_22' title="bbox 21 1175 974 1227; baseline 0.001 -16"><span class='ocrx_word' id='word_1_121' title='bbox 21 1178 193 1222; x_wconf 87' lang='lat' dir='ltr'>Possent,</span> <span class='ocrx_word' id='word_1_122' title='bbox 213 1189 236 1212; x_wconf 95' lang='lat' dir='ltr'>o</span> <span class='ocrx_word' id='word_1_123' title='bbox 253 1186 377 1215; x_wconf 87' lang='lat' dir='ltr'>tecum</span> <span class='ocrx_word' id='word_1_124' title='bbox 394 1179 529 1216; x_wconf 87' lang='lat' dir='ltr'>vellem</span> <span class='ocrx_word' id='word_1_125' title='bbox 548 1188 614 1216; x_wconf 85' lang='lat' dir='ltr'>tua</span> <span class='ocrx_word' id='word_1_126' title='bbox 632 1190 780 1227; x_wconf 88' lang='lat' dir='ltr'>semper</span> <span class='ocrx_word' id='word_1_127' title='bbox 797 1175 974 1213; x_wconf 86' lang='lat' dir='ltr'>haberes!</span> 
     </span>
    </p>

    <p class='ocr_par' dir='ltr' id='par_1_7' title="bbox 20 1237 898 1286">
     <span class='ocr_line' id='line_1_23' title="bbox 20 1237 898 1286; baseline 0.002 -15"><span class='ocrx_word' id='word_1_128' title='bbox 20 1237 56 1272; x_wconf 89' lang='lat' dir='ltr'>N</span> <span class='ocrx_word' id='word_1_129' title='bbox 59 1248 107 1272; x_wconf 93' lang='lat' dir='ltr'>on</span> <span class='ocrx_word' id='word_1_130' title='bbox 126 1249 292 1286; x_wconf 87' lang='lat' dir='ltr'>unquam</span> <span class='ocrx_word' id='word_1_131' title='bbox 310 1238 449 1275; x_wconf 87' lang='lat' dir='ltr'>violata</span> <span class='ocrx_word' id='word_1_132' title='bbox 467 1252 582 1275; x_wconf 89' lang='lat' dir='ltr'>manu</span> <span class='ocrx_word' id='word_1_133' title='bbox 601 1238 765 1276; x_wconf 87' lang='lat' dir='ltr'>sacraria</span> <span class='ocrx_word' id='word_1_134' title='bbox 783 1237 898 1281; x_wconf 82' lang='lat' dir='ltr'>divae,</span> 
     </span>
    </p>
   </div>
   <div class='ocr_carea' id='block_1_4' title="bbox 23 1296 881 1348">
    <p class='ocr_par' dir='ltr' id='par_1_8' title="bbox 23 1296 881 1348">
     <span class='ocr_line' id='line_1_24' title="bbox 23 1296 881 1348; baseline 0.001 -17"><span class='ocrx_word' id='word_1_135' title='bbox 23 1296 190 1332; x_wconf 79' lang='lat' dir='ltr'>Iurando</span> <span class='ocrx_word' id='word_1_136' title='bbox 209 1296 339 1334; x_wconf 80' lang='lat' dir='ltr'>infelix</span> <span class='ocrx_word' id='word_1_137' title='bbox 357 1299 614 1348; x_wconf 86' lang='lat' dir='ltr'>nequidquam</span> <span class='ocrx_word' id='word_1_138' title='bbox 624 1299 712 1348; x_wconf 86' lang='lat' dir='ltr'>jura</span> <span class='ocrx_word' id='word_1_139' title='bbox 730 1297 881 1347; x_wconf 86' lang='lat' dir='ltr'>piasses.</span> 
     </span>
    </p>
   </div>
   <div class='ocr_carea' id='block_1_5' title="bbox 26 1456 601 2135">
    <p class='ocr_par' dir='ltr' id='par_1_9' title="bbox 26 1456 592 1580">
     <span class='ocr_line' id='line_1_25' title="bbox 26 1456 592 1499; baseline 0.004 -12"><span class='ocrx_word' id='word_1_140' title='bbox 26 1464 90 1495; x_wconf 81' lang='lat' dir='ltr'>rat3</span> <span class='ocrx_word' id='word_1_141' title='bbox 107 1456 192 1488; x_wconf 86' lang='lat' dir='ltr'>unde</span> <span class='ocrx_word' id='word_1_142' title='bbox 205 1468 292 1488; x_wconf 90' lang='lat' dir='ltr'>nunc</span> <span class='ocrx_word' id='word_1_143' title='bbox 305 1458 404 1489; x_wconf 83' lang='lat' dir='ltr'>lusus.</span> <span class='ocrx_word' id='word_1_144' title='bbox 423 1460 444 1490; x_wconf 87' lang='lat' dir='ltr'><strong>J</strong></span> <span class='ocrx_word' id='word_1_145' title='bbox 446 1458 592 1499; x_wconf 82' lang='lat' dir='ltr'>ungenda</span> 
     </span>
     <span class='ocr_line' id='line_1_26' title="bbox 27 1504 590 1544; baseline 0.004 -11"><span class='ocrx_word' id='word_1_146' title='bbox 27 1510 154 1534; x_wconf 86' lang='lat' dir='ltr'>autem:</span> <span class='ocrx_word' id='word_1_147' title='bbox 174 1504 240 1533; x_wconf 85' lang='lat' dir='ltr'>Sed</span> <span class='ocrx_word' id='word_1_148' title='bbox 255 1504 358 1533; x_wconf 81' lang='lat' dir='ltr'>malus</span> <span class='ocrx_word' id='word_1_149' title='bbox 380 1504 434 1534; x_wconf 74' lang='lat' dir='ltr'>ille</span> <span class='ocrx_word' id='word_1_150' title='bbox 446 1516 590 1544; x_wconf 82' lang='lat' dir='ltr'>puer,....</span> 
     </span>
     <span class='ocr_line' id='line_1_27' title="bbox 27 1543 554 1580; baseline 0.004 -2"><span class='ocrx_word' id='word_1_151' title='bbox 27 1549 118 1580; x_wconf 85' lang='lat' dir='ltr'>Idem</span> <span class='ocrx_word' id='word_1_152' title='bbox 134 1557 199 1579; x_wconf 87' lang='lat' dir='ltr'>tum</span> <span class='ocrx_word' id='word_1_153' title='bbox 217 1560 264 1580; x_wconf 83' lang='lat' dir='ltr'>vs.</span> <span class='ocrx_word' id='word_1_154' title='bbox 288 1550 362 1580; x_wconf 85' lang='lat'>138.</span> <span class='ocrx_word' id='word_1_155' title='bbox 539 1543 554 1559; x_wconf 75' lang='lat'>&#39;¹</span> 
     </span>
    </p>

    <p class='ocr_par' dir='ltr' id='par_1_10' title="bbox 28 1594 600 2083">
     <span class='ocr_line' id='line_1_28' title="bbox 78 1594 595 1637; baseline 0.002 -12"><span class='ocrx_word' id='word_1_156' title='bbox 78 1595 154 1626; x_wconf 81' lang='lat'>138.</span> <span class='ocrx_word' id='word_1_157' title='bbox 171 1595 261 1625; x_wconf 85' lang='lat' dir='ltr'>Idem</span> <span class='ocrx_word' id='word_1_158' title='bbox 277 1602 343 1625; x_wconf 85' lang='lat' dir='ltr'>eum</span> <span class='ocrx_word' id='word_1_159' title='bbox 358 1594 470 1627; x_wconf 78' lang='lat' dir='ltr'>tristes.</span> <span class='ocrx_word' id='word_1_160' title='bbox 489 1598 595 1637; x_wconf 83' lang='lat' dir='ltr'>Quan-</span> 
     </span>
     <span class='ocr_line' id='line_1_29' title="bbox 29 1641 595 1683; baseline 0.005 -13"><span class='ocrx_word' id='word_1_161' title='bbox 29 1647 97 1670; x_wconf 81' lang='lat' dir='ltr'>tum</span> <span class='ocrx_word' id='word_1_162' title='bbox 127 1651 168 1671; x_wconf 87' lang='lat' dir='ltr'>ex</span> <span class='ocrx_word' id='word_1_163' title='bbox 192 1641 266 1671; x_wconf 86' lang='lat' dir='ltr'>loeo</span> <span class='ocrx_word' id='word_1_164' title='bbox 288 1642 449 1672; x_wconf 88' lang='lat' dir='ltr'>salobroso</span> <span class='ocrx_word' id='word_1_165' title='bbox 473 1644 595 1683; x_wconf 83' lang='lat' dir='ltr'>assequi</span> 
     </span>
     <span class='ocr_line' id='line_1_30' title="bbox 28 1686 596 1729; baseline 0.007 -14"><span class='ocrx_word' id='word_1_166' title='bbox 28 1686 118 1723; x_wconf 87' lang='lat' dir='ltr'>licet,</span> <span class='ocrx_word' id='word_1_167' title='bbox 142 1686 248 1726; x_wconf 86' lang='lat' dir='ltr'>puella</span> <span class='ocrx_word' id='word_1_168' title='bbox 270 1687 456 1728; x_wconf 84' lang='lat' dir='ltr'>religionem</span> <span class='ocrx_word' id='word_1_169' title='bbox 485 1689 596 1729; x_wconf 84' lang='lat' dir='ltr'>templi</span> 
     </span>
     <span class='ocr_line' id='line_1_31' title="bbox 29 1732 594 1770; baseline 0.005 -9"><span class='ocrx_word' id='word_1_170' title='bbox 29 1733 50 1762; x_wconf 89' lang='lat' dir='ltr'><strong>J</strong></span> <span class='ocrx_word' id='word_1_171' title='bbox 52 1733 168 1762; x_wconf 79' lang='lat' dir='ltr'>anonis</span> <span class='ocrx_word' id='word_1_172' title='bbox 180 1732 367 1770; x_wconf 82' lang='lat' dir='ltr'>violaverat,</span> <span class='ocrx_word' id='word_1_173' title='bbox 386 1735 469 1763; x_wconf 84' lang='lat' dir='ltr'>inter</span> <span class='ocrx_word' id='word_1_174' title='bbox 481 1734 594 1764; x_wconf 88' lang='lat' dir='ltr'>luden-</span> 
     </span>
     <span class='ocr_line' id='line_1_32' title="bbox 31 1777 596 1819; baseline 0.002 -12"><span class='ocrx_word' id='word_1_175' title='bbox 31 1777 109 1807; x_wconf 87' lang='lat' dir='ltr'>dum</span> <span class='ocrx_word' id='word_1_176' title='bbox 131 1787 204 1807; x_wconf 90' lang='lat' dir='ltr'>cum</span> <span class='ocrx_word' id='word_1_177' title='bbox 226 1778 399 1817; x_wconf 75' lang='lat' dir='ltr'>aequalibus</span> <span class='ocrx_word' id='word_1_178' title='bbox 419 1779 483 1819; x_wconf 87' lang='lat' dir='ltr'>pila</span> <span class='ocrx_word' id='word_1_179' title='bbox 498 1780 533 1808; x_wconf 84' lang='lat' dir='ltr'>in</span> <span class='ocrx_word' id='word_1_180' title='bbox 550 1789 596 1808; x_wconf 89' lang='lat' dir='ltr'>sa-</span> 
     </span>
     <span class='ocr_line' id='line_1_33' title="bbox 32 1824 596 1864; baseline 0.004 -12"><span class='ocrx_word' id='word_1_181' title='bbox 32 1824 168 1852; x_wconf 89' lang='lat' dir='ltr'>crarium</span> <span class='ocrx_word' id='word_1_182' title='bbox 195 1829 310 1853; x_wconf 86' lang='lat' dir='ltr'>temere</span> <span class='ocrx_word' id='word_1_183' title='bbox 345 1825 468 1861; x_wconf 80' lang='lat' dir='ltr'>emissa3</span> <span class='ocrx_word' id='word_1_184' title='bbox 501 1835 596 1864; x_wconf 90' lang='lat' dir='ltr'>quam</span> 
     </span>
     <span class='ocr_line' id='line_1_34' title="bbox 32 1870 597 1909; baseline 0.004 -11"><span class='ocrx_word' id='word_1_185' title='bbox 32 1878 134 1908; x_wconf 88' lang='lat' dir='ltr'>quum</span> <span class='ocrx_word' id='word_1_186' title='bbox 150 1870 319 1909; x_wconf 84' lang='lat' dir='ltr'>repetitum</span> <span class='ocrx_word' id='word_1_187' title='bbox 334 1871 455 1907; x_wconf 87' lang='lat' dir='ltr'>ivisset,</span> <span class='ocrx_word' id='word_1_188' title='bbox 471 1872 504 1900; x_wconf 92' lang='lat' dir='ltr'>in</span> <span class='ocrx_word' id='word_1_189' title='bbox 520 1877 597 1900; x_wconf 87' lang='lat' dir='ltr'>tem-</span> 
     </span>
     <span class='ocr_line' id='line_1_35' title="bbox 33 1914 599 1957; baseline 0.004 -13"><span class='ocrx_word' id='word_1_190' title='bbox 33 1915 80 1956; x_wconf 80' lang='lat' dir='ltr'>pli</span> <span class='ocrx_word' id='word_1_191' title='bbox 94 1914 254 1956; x_wconf 71' lang='lat' dir='ltr'>penetrale</span> <span class='ocrx_word' id='word_1_192' title='bbox 271 1916 438 1956; x_wconf 85' lang='lat' dir='ltr'>irruperat.</span> <span class='ocrx_word' id='word_1_193' title='bbox 453 1918 497 1947; x_wconf 76' lang='lat' dir='ltr'>Ut</span> <span class='ocrx_word' id='word_1_194' title='bbox 511 1917 599 1957; x_wconf 88' lang='lat' dir='ltr'>puel-</span> 
     </span>
     <span class='ocr_line' id='line_1_36' title="bbox 34 1961 599 2002; baseline 0.004 -12"><span class='ocrx_word' id='word_1_195' title='bbox 34 1961 97 1990; x_wconf 83' lang='lat' dir='ltr'>lam</span> <span class='ocrx_word' id='word_1_196' title='bbox 108 1962 253 2002; x_wconf 85' lang='lat' dir='ltr'>puniret,</span> <span class='ocrx_word' id='word_1_197' title='bbox 266 1962 403 1992; x_wconf 86' lang='lat' dir='ltr'>infausto</span> <span class='ocrx_word' id='word_1_198' title='bbox 415 1972 520 1992; x_wconf 88' lang='lat' dir='ltr'>amore</span> <span class='ocrx_word' id='word_1_199' title='bbox 532 1973 599 1992; x_wconf 90' lang='lat' dir='ltr'>eam</span> 
     </span>
     <span class='ocr_line' id='line_1_37' title="bbox 36 2006 600 2047; baseline 0.004 -11"><span class='ocrx_word' id='word_1_200' title='bbox 36 2018 54 2036; x_wconf 83' lang='lat' dir='ltr'>a</span> <span class='ocrx_word' id='word_1_201' title='bbox 84 2006 240 2047; x_wconf 74' lang='lat' dir='ltr'>Cupidine</span> <span class='ocrx_word' id='word_1_202' title='bbox 264 2008 451 2038; x_wconf 85' lang='lat' dir='ltr'>inflammari</span> <span class='ocrx_word' id='word_1_203' title='bbox 479 2009 600 2038; x_wconf 87' lang='lat' dir='ltr'>curavit</span> 
     </span>
     <span class='ocr_line' id='line_1_38' title="bbox 39 2054 138 2083; baseline -0.01 0"><span class='ocrx_word' id='word_1_204' title='bbox 39 2054 59 2083; x_wconf 86' lang='lat' dir='ltr'>J</span> <span class='ocrx_word' id='word_1_205' title='bbox 62 2062 138 2082; x_wconf 86' lang='lat' dir='ltr'>uno.</span> 
     </span>
    </p>

    <p class='ocr_par' dir='ltr' id='par_1_11' title="bbox 87 2097 601 2135">
     <span class='ocr_line' id='line_1_39' title="bbox 87 2097 601 2135; baseline 0.008 -9"><span class='ocrx_word' id='word_1_206' title='bbox 87 2097 150 2133; x_wconf 77' lang='lat'>146</span> <span class='ocrx_word' id='word_1_207' title='bbox 159 2113 206 2122; x_wconf 89' lang='lat'><strong>·-—-</strong></span> <span class='ocrx_word' id='word_1_208' title='bbox 217 2100 292 2135; x_wconf 77' lang='lat'>148.</span> <span class='ocrx_word' id='word_1_209' title='bbox 311 2100 455 2131; x_wconf 87' lang='lat' dir='ltr'>Obscura</span> <span class='ocrx_word' id='word_1_210' title='bbox 477 2106 601 2131; x_wconf 83' lang='lat' dir='ltr'>senten-</span> 
     </span>
    </p>
   </div>
   <div class='ocr_carea' id='block_1_6' title="bbox 39 2144 602 2188">
    <p class='ocr_par' dir='ltr' id='par_1_12' title="bbox 39 2144 602 2188">
     <span class='ocr_line' id='line_1_40' title="bbox 39 2144 602 2188; baseline 0.007 -15"><span class='ocrx_word' id='word_1_211' title='bbox 39 2144 101 2181; x_wconf 83' lang='lat' dir='ltr'>tia,</span> <span class='ocrx_word' id='word_1_212' title='bbox 137 2153 230 2185; x_wconf 82' lang='lat' dir='ltr'>quam</span> <span class='ocrx_word' id='word_1_213' title='bbox 257 2156 317 2176; x_wconf 88' lang='lat' dir='ltr'>uec</span> <span class='ocrx_word' id='word_1_214' title='bbox 343 2146 478 2188; x_wconf 78' lang='lat' dir='ltr'>Scaliger</span> <span class='ocrx_word' id='word_1_215' title='bbox 507 2146 602 2177; x_wconf 79' lang='lat' dir='ltr'>habet</span> 
     </span>
    </p>
   </div>
   <div class='ocr_carea' id='block_1_7' title="bbox 1163 1303 1210 1326">
    <p class='ocr_par' dir='ltr' id='par_1_13' title="bbox 1163 1303 1210 1326">
     <span class='ocr_line' id='line_1_41' title="bbox 1163 1303 1210 1326; baseline 0 0"><span class='ocrx_word' id='word_1_216' title='bbox 1163 1303 1210 1326; x_wconf 77' lang='lat'>155</span> 
     </span>
    </p>
   </div>
   <div class='ocr_carea' id='block_1_8' title="bbox 644 1455 1218 2141">
    <p class='ocr_par' dir='ltr' id='par_1_14' title="bbox 644 1455 1218 2141">
     <span class='ocr_line' id='line_1_42' title="bbox 645 1455 1212 1500; baseline -0.005 -11"><span class='ocrx_word' id='word_1_217' title='bbox 645 1457 807 1500; x_wconf 86' lang='lat' dir='ltr'>quomodo</span> <span class='ocrx_word' id='word_1_218' title='bbox 846 1456 1003 1498; x_wconf 83' lang='lat' dir='ltr'>expediat.</span> <span class='ocrx_word' id='word_1_219' title='bbox 1042 1455 1212 1486; x_wconf 73' lang='lat' dir='ltr'>Videamus</span> 
     </span>
     <span class='ocr_line' id='line_1_43' title="bbox 644 1502 1213 1544; baseline -0.002 -11"><span class='ocrx_word' id='word_1_220' title='bbox 644 1505 759 1534; x_wconf 79' lang='lat' dir='ltr'>verba:</span> <span class='ocrx_word' id='word_1_221' title='bbox 777 1503 911 1532; x_wconf 78' lang='lat' dir='ltr'>honores</span> <span class='ocrx_word' id='word_1_222' title='bbox 927 1502 1007 1544; x_wconf 79' lang='lat' dir='ltr'>ignis</span> <span class='ocrx_word' id='word_1_223' title='bbox 1020 1510 1123 1532; x_wconf 81' lang='lat' dir='ltr'>caseos</span> <span class='ocrx_word' id='word_1_224' title='bbox 1136 1512 1213 1532; x_wconf 84' lang='lat' dir='ltr'>non-</span> 
     </span>
     <span class='ocr_line' id='line_1_44' title="bbox 645 1547 1211 1590; baseline -0.002 -11"><span class='ocrx_word' id='word_1_225' title='bbox 645 1549 721 1579; x_wconf 90' lang='lat' dir='ltr'>dum</span> <span class='ocrx_word' id='word_1_226' title='bbox 745 1549 925 1590; x_wconf 77' lang='lat' dir='ltr'>agitaverat</span> <span class='ocrx_word' id='word_1_227' title='bbox 948 1548 1108 1585; x_wconf 85' lang='lat' dir='ltr'>sacerdos,</span> <span class='ocrx_word' id='word_1_228' title='bbox 1133 1547 1165 1578; x_wconf 89' lang='lat' dir='ltr'>h.</span> <span class='ocrx_word' id='word_1_229' title='bbox 1183 1559 1211 1577; x_wconf 92' lang='lat' dir='ltr'>e.</span> 
     </span>
     <span class='ocr_line' id='line_1_45' title="bbox 646 1594 1213 1635; baseline -0.004 -10"><span class='ocrx_word' id='word_1_230' title='bbox 646 1595 792 1625; x_wconf 87' lang='lat' dir='ltr'>nondum</span> <span class='ocrx_word' id='word_1_231' title='bbox 824 1594 951 1625; x_wconf 87' lang='lat' dir='ltr'>flabello</span> <span class='ocrx_word' id='word_1_232' title='bbox 990 1604 1066 1624; x_wconf 86' lang='lat' dir='ltr'>aura</span> <span class='ocrx_word' id='word_1_233' title='bbox 1101 1595 1213 1635; x_wconf 80' lang='lat' dir='ltr'>agitata</span> 
     </span>
     <span class='ocr_line' id='line_1_46' title="bbox 646 1640 1213 1683; baseline -0.004 -12"><span class='ocrx_word' id='word_1_234' title='bbox 646 1643 752 1683; x_wconf 83' lang='lat' dir='ltr'>ignem</span> <span class='ocrx_word' id='word_1_235' title='bbox 775 1640 981 1672; x_wconf 86' lang='lat' dir='ltr'>succenderat</span> <span class='ocrx_word' id='word_1_236' title='bbox 1004 1642 1039 1670; x_wconf 86' lang='lat' dir='ltr'>in</span> <span class='ocrx_word' id='word_1_237' title='bbox 1055 1651 1124 1679; x_wconf 84' lang='lat' dir='ltr'>ara;</span> <span class='ocrx_word' id='word_1_238' title='bbox 1140 1650 1213 1670; x_wconf 84' lang='lat' dir='ltr'>nec-</span> 
     </span>
     <span class='ocr_line' id='line_1_47' title="bbox 647 1686 1215 1723; baseline -0.002 -7"><span class='ocrx_word' id='word_1_239' title='bbox 647 1688 722 1717; x_wconf 82' lang='lat' dir='ltr'>dum</span> <span class='ocrx_word' id='word_1_240' title='bbox 739 1686 934 1723; x_wconf 82' lang='lat' dir='ltr'>sollenni....,</span> <span class='ocrx_word' id='word_1_241' title='bbox 948 1687 981 1717; x_wconf 88' lang='lat' dir='ltr'>h.</span> <span class='ocrx_word' id='word_1_242' title='bbox 992 1698 1019 1717; x_wconf 87' lang='lat' dir='ltr'>e.</span> <span class='ocrx_word' id='word_1_243' title='bbox 1033 1697 1092 1716; x_wconf 88' lang='lat' dir='ltr'>nec</span> <span class='ocrx_word' id='word_1_244' title='bbox 1106 1697 1141 1716; x_wconf 86' lang='lat' dir='ltr'>ea</span> <span class='ocrx_word' id='word_1_245' title='bbox 1154 1687 1215 1716; x_wconf 81' lang='lat' dir='ltr'>rite</span> 
     </span>
     <span class='ocr_line' id='line_1_48' title="bbox 645 1733 1216 1774; baseline -0.005 -11"><span class='ocrx_word' id='word_1_246' title='bbox 645 1733 711 1763; x_wconf 88' lang='lat' dir='ltr'>lota</span> <span class='ocrx_word' id='word_1_247' title='bbox 726 1740 821 1774; x_wconf 88' lang='lat' dir='ltr'>capnt</span> <span class='ocrx_word' id='word_1_248' title='bbox 830 1744 869 1762; x_wconf 84' lang='lat' dir='ltr'>ex</span> <span class='ocrx_word' id='word_1_249' title='bbox 881 1743 969 1762; x_wconf 91' lang='lat' dir='ltr'>more</span> <span class='ocrx_word' id='word_1_250' title='bbox 982 1742 1143 1762; x_wconf 87' lang='lat' dir='ltr'>sacrorum</span> <span class='ocrx_word' id='word_1_251' title='bbox 1155 1741 1216 1761; x_wconf 85' lang='lat' dir='ltr'>ser-</span> 
     </span>
     <span class='ocr_line' id='line_1_49' title="bbox 647 1778 1214 1817; baseline -0.005 -8"><span class='ocrx_word' id='word_1_252' title='bbox 647 1780 687 1808; x_wconf 84' lang='lat' dir='ltr'>tis</span> <span class='ocrx_word' id='word_1_253' title='bbox 711 1786 742 1808; x_wconf 90' lang='lat' dir='ltr'>et</span> <span class='ocrx_word' id='word_1_254' title='bbox 763 1779 873 1809; x_wconf 72' lang='lat' dir='ltr'>infulis</span> <span class='ocrx_word' id='word_1_255' title='bbox 897 1778 1054 1808; x_wconf 74' lang='lat' dir='ltr'>velaverat</span> <span class='ocrx_word' id='word_1_256' title='bbox 1080 1786 1089 1807; x_wconf 72' lang='grc' dir='ltr'>ε</span> <span class='ocrx_word' id='word_1_257' title='bbox 1114 1786 1214 1817; x_wconf 86' lang='lat' dir='ltr'>quum</span> 
     </span>
     <span class='ocr_line' id='line_1_50' title="bbox 648 1824 1215 1864; baseline -0.004 -10"><span class='ocrx_word' id='word_1_258' title='bbox 648 1824 712 1864; x_wconf 90' lang='lat' dir='ltr'>pila</span> <span class='ocrx_word' id='word_1_259' title='bbox 738 1825 804 1863; x_wconf 88' lang='lat' dir='ltr'>ejus</span> <span class='ocrx_word' id='word_1_260' title='bbox 835 1834 932 1854; x_wconf 87' lang='lat' dir='ltr'>manu</span> <span class='ocrx_word' id='word_1_261' title='bbox 960 1824 1063 1863; x_wconf 82' lang='lat' dir='ltr'>elapsa</span> <span class='ocrx_word' id='word_1_262' title='bbox 1091 1829 1148 1853; x_wconf 90' lang='lat' dir='ltr'>est.</span> <span class='ocrx_word' id='word_1_263' title='bbox 1170 1839 1215 1845; x_wconf 94' lang='lat'><em>-</em></span> 
     </span>
     <span class='ocr_line' id='line_1_51' title="bbox 654 1867 1215 1905; baseline -0.005 -5"><span class='ocrx_word' id='word_1_264' title='bbox 654 1870 729 1900; x_wconf 82' lang='lat'>150.</span> <span class='ocrx_word' id='word_1_265' title='bbox 754 1869 906 1905; x_wconf 81' lang='lat' dir='ltr'>Prodita,</span> <span class='ocrx_word' id='word_1_266' title='bbox 933 1870 968 1899; x_wconf 86' lang='lat' dir='ltr'>in</span> <span class='ocrx_word' id='word_1_267' title='bbox 997 1867 1140 1898; x_wconf 81' lang='lat' dir='ltr'>fraudem</span> <span class='ocrx_word' id='word_1_268' title='bbox 1166 1869 1215 1898; x_wconf 88' lang='lat' dir='ltr'>in-</span> 
     </span>
     <span class='ocr_line' id='line_1_52' title="bbox 651 1914 1216 1956; baseline -0.002 -12"><span class='ocrx_word' id='word_1_269' title='bbox 651 1915 760 1953; x_wconf 81' lang='lat' dir='ltr'>ducta,</span> <span class='ocrx_word' id='word_1_270' title='bbox 776 1922 812 1946; x_wconf 90' lang='lat' dir='ltr'>ut</span> <span class='ocrx_word' id='word_1_271' title='bbox 824 1915 1007 1956; x_wconf 81' lang='lat' dir='ltr'>religionem</span> <span class='ocrx_word' id='word_1_272' title='bbox 1019 1914 1161 1944; x_wconf 82' lang='lat' dir='ltr'>violaret.</span> <span class='ocrx_word' id='word_1_273' title='bbox 1170 1930 1216 1936; x_wconf 89' lang='lat'>—</span> 
     </span>
     <span class='ocr_line' id='line_1_53' title="bbox 655 1959 1217 1993; baseline -0.004 -2"><span class='ocrx_word' id='word_1_274' title='bbox 655 1962 695 1992; x_wconf 86' lang='lat'>15</span> <span class='ocrx_word' id='word_1_275' title='bbox 700 1973 730 1992; x_wconf 80' lang='lat' dir='ltr'>a.</span> <span class='ocrx_word' id='word_1_276' title='bbox 747 1962 891 1993; x_wconf 89' lang='lat' dir='ltr'>Obscura</span> <span class='ocrx_word' id='word_1_277' title='bbox 907 1968 937 1991; x_wconf 85' lang='lat' dir='ltr'>et</span> <span class='ocrx_word' id='word_1_278' title='bbox 950 1960 1056 1991; x_wconf 85' lang='lat' dir='ltr'>hiulca</span> <span class='ocrx_word' id='word_1_279' title='bbox 1071 1965 1135 1990; x_wconf 81' lang='lat' dir='ltr'>tota</span> <span class='ocrx_word' id='word_1_280' title='bbox 1149 1959 1217 1989; x_wconf 79' lang='lat' dir='ltr'>haec</span> 
     </span>
     <span class='ocr_line' id='line_1_54' title="bbox 652 2004 1215 2046; baseline -0.005 -8"><span class='ocrx_word' id='word_1_281' title='bbox 652 2010 764 2038; x_wconf 82' lang='lat' dir='ltr'>oratio.</span> <span class='ocrx_word' id='word_1_282' title='bbox 788 2009 917 2038; x_wconf 72' lang='lat' dir='ltr'>Utinam</span> <span class='ocrx_word' id='word_1_283' title='bbox 941 2013 1026 2037; x_wconf 85' lang='lat' dir='ltr'>veste</span> <span class='ocrx_word' id='word_1_284' title='bbox 1050 2004 1215 2046; x_wconf 82' lang='lat' dir='ltr'>impedita,</span> 
     </span>
     <span class='ocr_line' id='line_1_55' title="bbox 651 2052 1218 2092; baseline -0.004 -8"><span class='ocrx_word' id='word_1_285' title='bbox 651 2061 772 2084; x_wconf 79' lang='lat' dir='ltr'>retenta</span> <span class='ocrx_word' id='word_1_286' title='bbox 781 2053 901 2090; x_wconf 80' lang='lat' dir='ltr'>fuisses,</span> <span class='ocrx_word' id='word_1_287' title='bbox 911 2053 1081 2092; x_wconf 86' lang='lat' dir='ltr'>quominus</span> <span class='ocrx_word' id='word_1_288' title='bbox 1093 2052 1218 2092; x_wconf 85' lang='lat' dir='ltr'>longius</span> 
     </span>
     <span class='ocr_line' id='line_1_56' title="bbox 652 2097 1218 2141; baseline -0.004 -11"><span class='ocrx_word' id='word_1_289' title='bbox 652 2099 852 2141; x_wconf 82' lang='lat' dir='ltr'>procederes!</span> <span class='ocrx_word' id='word_1_290' title='bbox 863 2100 912 2130; x_wconf 86' lang='lat' dir='ltr'>Sic</span> <span class='ocrx_word' id='word_1_291' title='bbox 921 2109 1084 2139; x_wconf 82' lang='lat' dir='ltr'>nunquam</span> <span class='ocrx_word' id='word_1_292' title='bbox 1097 2097 1218 2129; x_wconf 81' lang='lat' dir='ltr'>violatae</span> 
     </span>
    </p>
   </div>
   <div class='ocr_carea' id='block_1_9' title="bbox 654 2144 1113 2189">
    <p class='ocr_par' dir='ltr' id='par_1_15' title="bbox 654 2144 1113 2189">
     <span class='ocr_line' id='line_1_57' title="bbox 654 2144 1113 2189; baseline -0.004 -12"><span class='ocrx_word' id='word_1_293' title='bbox 654 2147 814 2189; x_wconf 82' lang='lat' dir='ltr'>religionis</span> <span class='ocrx_word' id='word_1_294' title='bbox 827 2155 954 2187; x_wconf 85' lang='lat' dir='ltr'>poenam</span> <span class='ocrx_word' id='word_1_295' title='bbox 968 2144 1113 2176; x_wconf 68' lang='lat' dir='ltr'>dedisses.</span> 
     </span>
    </p>
   </div>
  </div>
 </body>
</html>
