1414 2435
462 48 519 77 AD
544 47 707 77 LIBRUM
731 47 806 76 XII.
1165 51 1228 89 337

37 105 159 146 dixit),
176 113 243 136 tum
259 106 294 136 in
308 105 470 146 promissis
484 104 562 135 Niso
581 103 660 134 datis
671 105 717 135 lx
729 126 738 141 ‚
760 103 824 133 258
841 114 908 145 sqq.
920 127 928 142 ‚
945 110 977 134 et
993 105 1027 135 in
1045 115 1151 147 pugna
1167 118 1232 138 cas-

38 162 137 190 trensi
156 162 222 198 IX,
248 160 312 190 622
333 170 400 200 sqq.
417 161 466 197 X,
495 159 570 189 132.
590 159 692 189 Etiam
713 158 807 196 hujus
832 159 907 187 anni
933 159 1045 196 initio,
1070 169 1169 200 quum
1194 161 1230 190 in

38 215 143 245 Africa
166 221 291 257 agerent
315 215 463 252 Trojmi,
480 213 650 254 eductique
675 220 779 244 essent
801 213 836 242 in
858 214 1078 251 venationem,
1094 215 1142 244 Ac
1151 225 1233 255 puer

37 270 200 300 Ascanius
213 269 326 300 mediis
340 269 373 299 in
386 268 527 300 vallibus
542 267 612 298 acri
631 268 759 297 Gaudet
775 277 856 308 equo
869 274 929 297 etc.
944 267 1000 298 lib.
1018 269 1077 306 IV,
1102 269 1164 298 156
1181 279 1227 310 sq.

35 330 68 354 et
89 334 217 354 escensu
238 326 273 354 in
286 326 411 354 Latium
427 324 510 354 facto
524 334 534 353 :
557 322 682 353 insidiis
700 333 852 362 cursuque
863 321 958 363 firas
974 322 1122 363 agitabat
1141 323 1228 353 Iulus

37 377 118 415 VII,
138 383 215 418 479.
239 380 310 409 Jam
334 380 360 408 si
386 389 485 409 annos
504 384 686 418 computes,
707 375 793 406 haud
808 376 945 405 multum
962 376 1029 414 ejus
1048 383 1120 406 aetas
1135 387 1152 406 a
1167 386 1228 416 pu-

36 430 154 460 bertate
169 438 236 461 tum
250 431 356 461 abesse
368 433 492 473 potuit:
508 433 627 462 exierat
638 432 692 462 ille
702 438 773 461 ante
782 437 901 471 septem
914 441 1015 461 annos
1027 429 1108 460 urbe
1122 431 1227 468 Troja,

32 485 130 524 patris
153 495 249 515 manu
271 485 405 523 ductus;
424 486 471 515 fac
494 496 568 514 eum
590 495 762 514 sexennem
786 485 836 514 vel
857 491 1042 524 septennem
1065 482 1143 525 fingi
1165 485 1228 523 jam

32 544 101 567 tum
119 546 230 570 natum
242 563 250 578 ,
268 551 368 581 quum
382 541 464 581 patri
480 549 586 570 comes
607 537 699 569 fieret
712 548 719 569 :
741 540 767 568 si
781 538 910 579 quidem
923 538 1049 568 'dextrae
1063 549 1096 568 se
1108 549 1228 579 parvus

34 591 123 620 Iulus
133 593 304 632 Implicitic,
316 593 519 633 sequiturque
520 600 649 633 patrem
658 603 722 622 non
727 591 874 632 passibus
888 591 988 632 eequis
998 602 1009 620 .·
1020 591 1077 621 lib.
1088 594 1131 629 ΙΙ,
1148 603 1163 630 7
1172 593 1225 623 23.

32 647 76 676 At
92 647 195 687 primo
213 647 297 676 illius
315 648 349 677 in
370 647 476 676 locum
495 646 621 687 Cupido
636 646 796 682 succedit,
815 647 870 684 qui
885 652 989 675 tamen
1004 644 1140 675 Didonis
1155 655 1226 685 gre-

30 701 95 730 mio
111 700 228 730 insidet
243 710 250 730 :
266 700 322 730 lib.
338 701 353 729 1
364 723 372 738 ‚
391 710 406 738 7
417 700 454 729 18
466 722 475 737 ‚
492 706 561 729 tum
574 705 773 739 comparatur
790 698 844 727 ille
857 698 897 727 ab
913 697 1136 728 Andromache
1151 709 1225 728 cum

32 756 226 795 Astyanacte
253 754 309 784 lib.
336 755 400 791 111,
422 754 488 793 489
511 764 558 794 sq.
575 752 765 790 Videamus,
783 763 823 782 an
844 751 1047 792 reprehensio
1070 752 1125 781 illa
1140 753 1224 790 justa

31 809 81 837 sit.
100 808 190 838 Prius
208 808 287 837 illud
304 807 519 837 defensionem
533 806 629 836 hahet
645 813 786 847 paratam
803 815 811 835 ε
830 816 904 835 nam
925 804 1050 846 Cupido
1064 806 1225 837 veteribus

29 873 109 902 puer
130 870 176 892 est
197 862 236 892 ad
259 861 436 903 pubertatis
451 872 550 892 annos
567 868 715 903 vergente
729 868 834 898 aetate‚
849 867 886 891 ut
907 871 948 890 ex
966 861 1064 901 signis
1080 868 1223 892 veterum

29 924 169 955 constat3
183 916 270 959 quod
291 916 345 947 ille
357 916 481 959 gremio
497 915 635 946 Didonis
651 915 790 945 insidere
806 915 940 952 dicitur,
961 925 977 944 e
991 925 1079 945 more
1098 926 1224 946 accum-

29 970 174 1001 bentium
192 979 238 1002 est
255 971 496 1010 dijudicandum
513 980 520 1001 :
534 977 660 1011 poterat
673 970 726 1000 ille
740 970 807 1008 ejus
824 969 946 1010 pectori
959 969 1088 999 acclinis
1106 969 1223 1000 sedere.

27 1025 126 1065 Quod
150 1026 283 1056 alterum
309 1026 439 1062 attinet,
462 1024 550 1065 quod
573 1024 730 1060 diximus,
755 1022 978 1053 Andromache
996 1022 1127 1052 Ascanii
1144 1033 1223 1053 con-

26 1087 137 1119 spectu
149 1086 325 1109 commota:
341 1080 369 1108 O
384 1077 463 1108 mihi
472 1078 542 1107 sola
555 1077 627 1113 mei,
638 1078 744 1116 inquit
753 1099 760 1113 ‚
771 1075 1079 1116 superAstyanaccis
1087 1076 1196 1118 imago
1205 1078 1219 1106 .'

28 1132 79 1161 Sic
93 1131 216 1168 oculos,
235 1131 280 1161 sic
296 1131 351 1162 ille
369 1142 499 1168 manus,
523 1131 567 1161 sic
585 1130 793 1170 oraferebat,
816 1131 863 1160 Et
879 1139 963 1159 nunc
978 1129 1100 1170 (equali
1113 1138 1217 1160 tecum

20 1186 205 1226 pubesceret
228 1197 303 1217 α’νο.
321 1187 353 1218 Si
375 1187 427 1216 cui
447 1185 648 1227 Astyanactis
665 1195 681 1214 a
698 1191 796 1214 matre
812 1183 897 1213 ulnis
911 1184 1022 1224 gestati
1039 1194 1080 1213 ex
1092 1183 1182 1213 Iliad.
1200 1182 1216 1219 ζ

24 1241 175 1270 memoria
196 1239 363 1277 insederit,
383 1240 409 1269 is
434 1239 473 1269 ad
493 1240 586 1269 nimis
604 1245 731 1269 teneros
757 1247 857 1267 annos
879 1236 1052 1266 Ascanium
1074 1238 1217 1266 revocari

24 1293 161 1334 putabit.
185 1295 254 1324 Hoc
277 1301 381 1324 tamen
398 1293 544 1330 lectoris,
565 1293 622 1333 qui
641 1298 749 1333 argute
765 1301 818 1328 ea,
837 1300 907 1331 quae
923 1296 1042 1319 remota
1057 1296 1151 1327 sunt,
1167 1301 1215 1320 ar-

21 1348 130 1376 cessita
147 1353 318 1388 comparat,
328 1348 435 1388 potius
446 1357 540 1388 quam
554 1352 646 1387 poeta
659 1345 762 1385 culpae
773 1343 844 1374 fieri
856 1343 968 1373 dicam.
983 1343 1064 1372 Nam
1076 1343 1214 1382 primum

21 1402 187 1442 Astyanax
196 1411 213 1430 a
220 1408 316 1431 matre
324 1402 433 1443 gestari
443 1401 547 1441 potuit
554 1405 704 1439 tanquam
711 1409 790 1440 puer
799 1397 931 1427 triennis
939 1396 990 1426 vel
998 1394 1214 1436 quadriennis;

19 1455 163 1484 Hectoris
179 1455 277 1484 caedes
295 1465 379 1484 anno
395 1455 564 1483 antevertit
578 1453 739 1483 excidium
752 1453 876 1489 Trojae3
893 1461 976 1480 anno
990 1449 1065 1479 hinc
1080 1450 1215 1489 septimo

20 1508 70 1538 ad
75 1510 208 1550 Epirum
228 1509 357 1538 accessit
374 1509 506 1545 AEneas;
525 1508 629 1563 itaque
653 1505 738 1535 haud
759 1504 897 1534 multum
916 1504 1084 1533 abfuturus
1105 1503 1214 1534 fuisset

21 1563 125 1593 adhuc
142 1569 299 1604 superstes
314 1563 478 1603 Astyanax
494 1546 550 1591 ab
551 1571 585 1591 ea
601 1568 690 1591 aetate
700 1582 708 1597 ‚
722 1570 784 1600 qua
798 1558 954 1589 Ascanius
970 1564 1039 1586 tum
1051 1564 1127 1587 erat.
1143 1557 1212 1587 Ab·

19 1616 190 1648 solvendus
206 1617 311 1657 itaque
331 1617 366 1647 in
386 1616 448 1646 hoc
467 1617 559 1646 Maro
579 1615 711 1645 crimine
725 1614 861 1655 neglecti
883 1619 1064 1652 temporum
1080 1610 1214 1642 ordinis.

21 1670 157 1700 Gravior
174 1670 242 1700 dica
261 1670 433 1700 oblivionis
452 1670 586 1711 impingi
603 1675 727 1710 poterat
739 1667 875 1708 Virgilio
897 1667 932 1695 in
953 1664 1064 1696 eodem
1083 1664 1158 1694 loco
1174 1664 1213 1694 de

19 1722 261 1759 Andromache,
281 1722 367 1763 quod
391 1723 444 1752 illa
462 1724 634 1752 Ascanium
659 1723 851 1762 interrogat,
870 1730 949 1749 num
969 1719 1076 1748 matris
1094 1718 1214 1748 amissae

18 1777 209 1808 desiderium
222 1776 374 1806 retineat?
390 1777 449 1812 III,
466 1776 542 1811 341,
557 1785 658 1815 quum
674 1782 779 1804 tamen
792 1774 831 1804 de
849 1774 974 1804 Creusae
989 1772 1053 1800 fato
1066 1771 1147 1800 nihil
1158 1770 1211 1800 illa

18 1832 194 1872 comperire
207 1830 371 1871 potuisset.
389 1828 448 1859 Sed
461 1829 568 1858 locum
586 1827 811 1868 interpolatum
827 1825 927 1855 videri
942 1823 1178 1854 declaravimus.

63 1885 96 1916 Si
112 1886 147 1915 in
160 1884 210 1914 his
224 1890 326 1925 poetae
345 1893 484 1912 caussam
501 1882 566 1923 egi,
581 1881 806 1911 conclamatam
820 1879 911 1909 aliam
928 1888 1068 1908 caussam
1083 1887 1148 1907 esse
1166 1876 1210 1905 fa—

18 1938 149 1968 tendum
165 1945 229 1976 est,
253 1936 381 1979 quando
402 1936 524 1977 duplici
541 1936 721 1966 narratione
745 1934 874 1965 Helenae
891 1932 1088 1973 recuperatio
1112 1930 1151 1960 ah
1175 1941 1211 1961 ea

18 1993 160 2031 exposita
178 1998 224 2022 est
246 2001 254 2021 :
275 1991 332 2022 lib.
349 1992 411 2028 VI,
431 1991 494 2020 510
511 2001 579 2031 sqq.
591 2012 600 2028 ‚
615 1990 651 2019 in
669 1999 733 2029 quo
744 2010 752 2025 ‚
768 1995 924 2029 quantum
947 1985 1110 2025 intelligo,
1127 1985 1209 2014 Arc-

18 2045 123 2074 tinum
136 2047 171 2076 in
188 2046 238 2076 Ilii
253 2045 379 2076 excidio
401 2052 471 2075 ante
488 2045 597 2075 oculos
612 2043 741 2081 habuit,
756 2050 786 2073 et
801 2042 857 2072 lib.
875 2043 924 2079 11,
942 2040 1003 2078 567
1028 2050 1073 2079 sq.
1089 2040 1209 2069 Verum

19 2099 55 2127 in
79 2097 140 2128 hoc
167 2099 245 2129 mihi
266 2110 384 2130 moram
405 2099 504 2129 facere
525 2110 592 2129 non
615 2098 708 2135 licet,
728 2094 984 2139 quandoquidem
1003 2093 1042 2124 ad
1059 2093 1126 2134 ipsa
1139 2092 1208 2123 loca

24 2151 96 2179 satis
112 2150 170 2180 hac
187 2151 226 2182 de
241 2164 275 2182 re
291 2159 337 2183 est
356 2152 562 2193 disputatum.

187 2216 249 2249 IV.
1037 2223 1084 2258 29
