1414 2435
590 83 710 114 CIRIS.

1182 83 1245 112 385

53 144 233 181 Flectitur
254 144 292 179 in
307 141 421 178 viridi
439 153 565 177 remus
581 140 674 185 sale,
694 138 872 187 languida
892 140 995 176 fessae

54 204 218 254 Virginis
238 203 276 238 in
296 214 408 238 cursu
428 200 591 237 moritur
609 198 846 248 querimonia
864 194 988 248 longo.

54 263 203 300 Deserit
223 261 388 311 angustis
407 260 594 297 inclusum
613 258 785 296 faucibus
805 258 993 304 Isthmon,

54 323 262 372 Cypselidae
281 322 406 371 magni
425 320 598 357 florentia
615 332 731 369 regna
750 319 940 365 Corinthi;

54 382 222 418 Praeterit
239 381 419 429 abruptas
439 380 605 418 Scironis
624 379 799 429 protinus
817 380 932 425 arcis,

1197 389 1246 417 465

53 441 311 489 Infestumque
330 439 406 476 suis
425 438 516 475 dirae
536 438 734 474 testudinis
753 439 830 474 exit

56 501 261 550 Spelaeum,
280 500 474 547 multoque
492 506 665 534 cruentas
685 496 835 545 hospite
855 505 994 533 cautes.

56 562 212 608 Jamque
232 557 327 595 adeo
346 565 470 594 tutum
488 557 599 605 longe
617 555 758 591 Piraeea
779 555 916 600 cernit,

56 621 101 656 Et
119 626 226 654 notas
246 629 390 662 secum,
408 616 484 652 heu
503 616 661 660 frustra,
679 621 866 663 respectat
883 612 1061 652 Athenas.

56 681 138 715 Jam
154 677 288 728 procul
307 690 327 713 e
343 676 462 713 fluctu
480 675 625 712 Minoia
639 674 793 723 respicit
812 686 919 719 arva,

1197 689 1246 718 470

55 737 315 785 Florentisque
334 735 437 771 videt
451 735 530 784 jam
552 733 751 783 Cycladas,
770 732 859 769 hinc
879 733 1207 784 Strophadasque3

55 796 154 831 Hine
173 795 294 839 sinus,
314 794 403 830 hinc
421 794 532 830 statio
550 802 682 829 contra
700 800 804 840 patet
822 792 1061 829 Hermionea.

55 854 258 903 Linquitur
274 862 359 889 ante
377 853 466 888 alias
484 852 596 900 longe
616 850 826 900 gratissima
845 850 958 888 Delos

53 914 257 951 Nereidum
279 912 390 949 matri
409 921 447 949 et
464 914 642 961 Neptuno
661 913 801 960 AEgaeo.

54 974 238 1023 Prospicit
256 973 457 1009 incinctam
477 971 666 1020 spumanti
684 971 795 1007 litore
813 971 1006 1019 Cydmon,
1194 983 1244 1013 Δ171,

55 1035 383 1080 Marmoreamque
402 1034 543 1075 Paron,
562 1029 799 1077 viridemque
818 1029 970 1078 adlapsa
988 1033 1199 1076 Donusam,

56 1092 301 1140 AEginamque
319 1090 448 1135 simul,
467 1088 820 1137 sementiseramque
841 1089 1056 1137 Seriphum.

56 1153 207 1195 Fertur,
228 1158 264 1186 et
283 1149 436 1185 incertis
448 1148 611 1197 jactatur
630 1148 678 1184 ad
697 1147 823 1183 omnia
840 1148 960 1184 ventis
981 1163 988 1184 :

53 1208 197 1257 Cymba
214 1208 335 1253 velut,
354 1219 506 1256 magnas
523 1206 694 1256 sequitur
711 1219 827 1255 quum
845 1208 1001 1256 parvula
1020 1209 1164 1255 classis,

55 1268 145 1303 Afer
164 1276 201 1303 et
220 1266 381 1303 hiberno
400 1266 608 1303 bacchatur
626 1265 664 1301 in
684 1277 835 1314 aequore
855 1264 980 1302 turbo.
1193 1280 1242 1305 450

112 1449 187 1485 463.
235 1445 451 1485 Navigationis
488 1445 624 1474 narratio

56 1495 148 1525 laude
177 1501 232 1523 sua
261 1501 328 1520 non
357 1497 449 1520 caret.
477 1491 527 1519 Ex
553 1491 625 1519 sinu

55 1540 214 1581 Megarico
241 1538 324 1566 inter
345 1533 460 1578 ἄκρας,
481 1536 624 1565 Minoam

55 1593 86 1616 et
106 1588 257 1620 Nisaeam,
277 1583 311 1612 in
336 1582 433 1611 altum
457 1588 584 1611 evectus
607 1592 621 1610 a

54 1632 165 1661 dextra
182 1629 338 1660 Isthmum
362 1635 393 1657 et
409 1627 600 1657 Corinthum
612 1650 620 1663 ,

53 1687 148 1716 quam
161 1685 245 1705 unus
263 1684 304 1703 ex
320 1674 447 1714 Cypseli
464 1674 562 1713 stirpe
578 1680 622 1702 te-

56 1722 166 1758 nebat,
185 1727 216 1750 et
231 1720 381 1760 propiore
396 1718 469 1748 loco
484 1719 620 1749 Scironi-

55 1767 108 1797 des
124 1773 227 1808 petras
241 1765 337 1794 habet
347 1786 355 1801 ‚
379 1763 488 1793 subter
504 1763 620 1803 quibus

54 1823 165 1854 specus
184 1819 247 1848 est,
265 1820 360 1850 quam
384 1809 508 1839 testudo
531 1808 620 1838 inha-

52 1859 174 1889 bitabat
184 1881 192 1895 ,
206 1857 361 1887 devorans
374 1855 514 1895 hospites
526 1865 541 1883 a
554 1856 619 1884 Sci-

53 1915 131 1935 rone
149 1905 184 1934 in
208 1913 292 1933 mare
314 1902 489 1943 projectos;
515 1906 561 1930 est
584 1910 620 1930 ea

57 1950 183 1980 testudo
209 1948 325 1990 infesta
348 1947 424 1982 suis,
456 1947 620 1986 Megaren-

56 1995 163 2033 sibus;
178 2005 251 2025 nam
274 1993 379 2034 Scylla
398 1993 552 2032 loquitur.
566 1992 620 2022 Ul-

57 2041 154 2070 terius
179 2047 350 2081 provectus
377 2039 516 2069 Athenas
541 2047 620 2078 prae-

60 2087 149 2122 terit,
163 2092 230 2116 tum
241 2109 249 2123 ,
263 2087 335 2115 sinu
348 2085 499 2116 Saronico
517 2084 628 2113 relicto

62 2141 192 2161 cursum
217 2138 303 2162 tenet
323 2132 358 2160 in
382 2130 487 2160 medio
519 2130 627 2169 Cycla-

63 2177 139 2207 dum
155 2187 265 2207 versus
279 2178 413 2208 Cretam.
423 2194 470 2200 ·--
481 2176 558 2216 469.
573 2176 627 2205 Se-

181 2234 245 2269 IV.

679 1453 748 1472 cum
765 1449 934 1482 respectat,
952 1442 984 1472 h.
1003 1453 1030 1473 e.
1046 1444 1244 1483 respiciendo

678 1488 761 1529 apud
778 1490 915 1518 animum
934 1499 1028 1518 suum
1045 1491 1172 1529 cogitat.

711 1541 749 1572 47
760 1545 787 1564 1.
797 1534 959 1564 Florentes
971 1535 1138 1573 Cycladas,
1151 1545 1245 1575 prop—

677 1587 724 1610 ter
739 1579 831 1609 silvas
845 1580 939 1621 longe
956 1582 1140 1620 conspicuas
1155 1583 1244 1610 navi-

677 1626 836 1668 gantibus.
860 1627 910 1656 Sic
926 1625 1058 1656 Ovidius
1076 1628 1160 1656 inter
1181 1628 1244 1667 Cy-

677 1672 778 1702 cladas
790 1672 967 1714 florentem
991 1671 1137 1710 Cytlmon
1161 1674 1241 1702 Met.

674 1720 752 1755 VII,
771 1718 837 1753 464
847 1740 854 1754 ,
869 1724 899 1746 et
914 1724 1021 1747 noster
1033 1724 1124 1756 poeta
1136 1718 1243 1757 paullo

674 1771 745 1804 post
774 1763 913 1792 viridem
947 1763 1113 1792 Donusam
1144 1763 1239 1801 dixit3

675 1809 761 1849 quod
779 1809 873 1837 etiam
892 1810 961 1838 AEn.
985 1809 1049 1842 ΙΙΙ,
1077 1809 1158 1844 125,
1178 1819 1243 1838 me-

673 1860 864 1890 moraverat,
878 1854 936 1883 etsi
948 1853 993 1882 ibi
1008 1855 1095 1883 Serv.
1113 1853 1151 1882 ad
1164 1865 1242 1883 mar-

674 1910 743 1929 mor
766 1899 866 1929 viride
889 1900 1003 1940 respici
1021 1900 1074 1929 ait.
1094 1917 1140 1922 —
1160 1901 1237 1937 476.

673 1948 889 1975 ⁴Marmoreum
913 1947 1036 1980 Paron,
1066 1956 1082 1974 a
1106 1955 1239 1982 marmo-

672 2002 744 2021 rum
758 1991 889 2025 fodinis.
903 1992 996 2020 etiam
1011 1990 1145 2021 Ovidius
1159 1991 1243 2021 dixit

674 2039 804 2068 Metam.
831 2039 911 2073 VII,
944 2036 1008 2072 465
1020 2059 1029 2072 ‚
1058 2036 1150 2073 luco,
1179 2047 1244 2077 quo

681 2094 753 2113 eum
780 2089 850 2112 ante
872 2082 983 2112 oculos
1005 2082 1153 2112 habuisse
1167 2082 1199 2113 h.
1221 2083 1243 2113 l.

681 2130 834 2169 suspicor.

731 2180 769 2213 47
777 2185 808 2214 9,
819 2174 896 2211 480.
912 2174 1031 2214 Cymba
1040 2175 1145 2212 velut,
1161 2185 1247 2216 mag-

1039 2231 1085 2266 33
