1414 2435
143 48 208 84 408

507 51 542 79 P.
567 48 750 79 VIRGILII
773 49 968 82 MARONIS

143 107 268 151 Quam
288 106 399 142 fixam
417 105 542 155 paries
559 105 642 142 illos
662 105 838 144 servabat
857 107 896 143 in
916 120 1022 153 usus,
1313 127 1342 142 20

143 165 305 202 Lumina
324 165 400 202 fida
418 164 723 216 locat3'geminos
741 175 832 203 tunc
846 176 951 204 veste
970 167 1128 206 lacertos

144 225 317 273 Liberat,
338 235 394 272 et,
411 226 556 264 cinctus
574 227 714 264 villosae
735 236 886 277 tergore
904 240 1045 278 caprae,

145 285 347 330 Praeverrit
363 285 483 323 cauda
501 286 622 323 silices
643 287 905 337 gremiumque
925 289 1121 325 molarum.

146 344 318 382 Advocat
336 345 424 382 inde
442 359 574 383 manus
593 347 720 396 operi,
739 348 902 397 partitus
922 347 1102 397 utrinque
1123 364 1129 384 :

146 408 259 441 Laeva
274 405 504 452 ministerio,
522 406 656 443 dextra
673 415 728 444 est
743 406 889 443 intenta
906 406 1050 453 labori3
1317 418 1347 440 κ’)

145 468 237 502 Haec
255 474 356 503 rotat
375 466 534 504 assiduis
555 467 656 516 gyris
677 475 714 503 et
731 467 895 504 concitat
914 466 1059 504 orbern.

148 528 274 563 Tunsa
294 528 406 563 Ceres
424 526 559 576 rapido
580 526 726 563 silicum
746 526 915 563 decurrit
935 526 982 563 ab
1004 527 1092 564 ictu.

147 584 344 622 Interdum
363 585 468 623 fessae
486 585 655 623 succedit
673 587 768 622 laeva
787 586 929 631 sorori,

148 646 395 695 Alternatque
411 646 513 684 vices
535 661 543 683 :
563 646 677 683 modo
697 647 838 684 rustica
855 646 1022 683 carmina
1039 655 1181 692 cantat,

150 706 376 756 Agrestique
393 719 504 744 suum
524 708 668 744 solatur
686 720 782 744 voce
802 705 985 743 laborem.
1322 714 1349 737 30

149 766 347 802 Interdum
365 767 499 803 clamat
519 767 686 815 Cybalen
708 781 716 803 ε
739 775 820 804 erat
840 768 952 803 unica
971 776 1116 813 custos,

150 828 244 865 Afra
264 840 398 877 genus,
419 835 498 864 tota
515 828 676 876 patriam
698 836 857 863 testante
875 828 1015 875 figura,

150 889 267 923 Torta
286 899 450 932 comam,
468 886 654 935 labroque
676 894 842 932 tumens,
864 895 901 923 et
921 886 1025 922 fusca
1045 888 1231 933 colorem3

151 950 308 984 Pectore
327 948 420 992 lata,
435 947 564 995 jacens
581 946 771 991 mammis,
791 946 1031 995 conpressior
1051 947 1154 993 alvo,

152 1006 338 1044 Cruribus
358 1006 484 1052 exilis,
505 1005 669 1056 spatiosa
686 1005 850 1056 prodiga
869 1006 1016 1056 planta3
1325 1017 1354 1040 35

154 1068 351 1106 Continuis
371 1067 476 1103 rimis
494 1067 669 1103 calcanea
685 1068 799 1104 scissa
816 1065 1003 1117 rigebant.

155 1131 263 1165 Hanc
282 1135 410 1173 vocat,
431 1119 544 1176 atque
562 1139 694 1163 arsura
714 1126 808 1163 focis
827 1127 1011 1177 inponere
1031 1127 1132 1176 ligna

156 1190 340 1237 Imperat,
361 1196 397 1223 et
413 1186 564 1223 flamma
581 1187 724 1237 gelidos
744 1187 896 1223 adolere
914 1187 1092 1236 liquores.

209 1250 413 1296 Postquam
433 1246 592 1296 inplevit
612 1259 708 1297 opus
723 1248 868 1297 justum
886 1247 1062 1284 versatile
1080 1247 1209 1291 finem,

159 1306 352 1343 Transsert
371 1305 458 1342 inde
477 1318 591 1343 mann
612 1306 712 1344 fusas
734 1307 772 1343 in
791 1306 918 1343 cribra
938 1306 1096 1351 farinas,
1150 1314 1153 1317 “
1326 1324 1357 1341 m»

161 1369 206 1403 Et
225 1365 347 1416 quatit
368 1380 375 1401 :
396 1373 433 1402 at
452 1375 648 1401 remanent
665 1378 812 1401 summo
831 1365 1055 1414 purgamina
1075 1364 1207 1411 dors-03

211 1520 264 1550 23.
285 1517 415 1554 Gauda,
433 1518 599 1559 peniculo,
614 1529 680 1559 quo
695 1519 733 1549 ad

164 1564 331 1596 vertendas
346 1574 467 1594 mensas
484 1571 515 1593 et
531 1564 587 1593 alia
602 1565 732 1596 uteban-

164 1619 216 1641 tur
233 1619 362 1641 veteres.
382 1611 502 1640 Docuit
520 1610 558 1640 ad
577 1611 609 1641 h.
627 1611 649 1641 l.
666 1614 734 1642 Sca-

163 1658 251 1699 liger.
269 1656 428 1687 Describit
446 1663 549 1686 autem
571 1657 644 1687 binc
661 1669 734 1698 poc-

164 1712 194 1733 ta
222 1703 338 1733 molam
370 1703 562 1732 manuariam
575 1726 583 1739 ‚
613 1707 735 1734 trusati-

164 1751 226 1781 lem
251 1760 306 1779 seu
329 1749 524 1785 versatilem,
548 1749 631 1779 binis
653 1753 735 1780 saxis

166 1797 283 1837 asperis
296 1796 357 1826 sibi
370 1796 412 1825 ita
428 1796 584 1836 impositis
594 1819 602 1832 ,
618 1803 668 1834 ut,
688 1799 736 1827 in-

166 1844 280 1874 feriore
295 1849 441 1872 manente
457 1842 629 1879 immobili,
648 1854 738 1884 supe-

167 1891 248 1925 rius,
264 1889 353 1929 quod
368 1900 397 1920 v,
416 1889 458 1918 26
472 1889 575 1919 orbem
591 1890 737 1930 appellat,

169 1937 397 1966 circumactum
416 1936 526 1965 attritu
541 1946 636 1976 grana
652 1937 736 1967 fran-

168 1990 264 2023 geret.

219 2030 272 2059 26.
309 2028 422 2058 Orbem
433 2050 440 2063 ‚
474 2027 611 2069 lapidem
641 2029 738 2059 mola-

171 2086 234 2103 rem
246 2097 253 2106 .
267 2074 319 2104 sed
337 2075 544 2115 superiorem,
562 2078 617 2116 qui
632 2086 740 2117 perpe-

171 2129 226 2150 tuo
242 2128 372 2151 rotatur.

222 2168 274 2195 39.
298 2168 361 2206 Qui
386 2168 544 2207 sequitur.
570 2167 739 2208 praeclarus

788 1525 834 1548 est
865 1518 952 1548 locus
979 1519 1017 1549 de
1046 1518 1159 1549 habitu
1188 1528 1359 1559 corpomm

788 1565 941 1595 Afrorum
956 1575 962 1595 :
988 1566 1044 1605 qui
1060 1565 1144 1594 idem
1167 1575 1297 1605 prorsus
1314 1571 1359 1594 est

787 1611 914 1652 qualem
932 1621 1019 1640 nunc
1038 1611 1211 1646 cernimus;
1233 1617 1283 1647 ut,
1306 1620 1357 1640 na-

788 1665 890 1687 turam
900 1657 959 1685 sibi
974 1668 1029 1697 pcr
1039 1658 1145 1687 omnia
1158 1657 1272 1687 saecula
1288 1666 1360 1687 con-

787 1710 884 1740 stare,
902 1703 1047 1733 dubitare
1064 1714 1130 1733 uon
1145 1703 1248 1733 liceat.

839 1751 892 1780 36.
910 1751 1011 1779 Etiam
1028 1749 1154 1779 fissuras
1167 1750 1222 1779 has
1240 1756 1270 1779 et
1286 1750 1360 1780 scis-

789 1807 878 1826 suras
904 1797 984 1826 cuu's
1008 1797 1041 1825 in
1066 1795 1202 1836 pedibus
1224 1806 1288 1826 esse
1314 1797 1360 1826 ΙΕ-

790 1843 954 1884 thiopibus
970 1843 1113 1883 proprias
1128 1844 1162 1872 in
1185 1848 1272 1872 tanto
1287 1841 1362 1871 solis

793 1889 896 1919 calore
906 1890 1048 1929 aerisque
1059 1889 1208 1925 siccitate,
1223 1895 1253 1918 et
1267 1886 1361 1918 ende-

790 1937 878 1970 mias,
888 1947 928 1966 ex
937 1934 1186 1965 Blumenbachio
1196 1935 1360 1973 conjunct.

792 1981 889 2011 didici
909 1983 942 2011 in
957 1981 1013 2011 lib.
1039 1980 1077 2010 de
1094 1981 1216 2022 generis
1231 1980 1363 2010 humani

794 2030 941 2058 varietate
957 2039 988 2068 p.
1012 2027 1071 2067 96,
1091 2026 1147 2056 ubi
1170 2028 1257 2057 Hier.
1274 2027 1361 2057 Mer-

793 2075 920 2105 curialis
942 2074 1028 2104 testis
1042 2073 1200 2103 excitatur
1214 2072 1253 2103 de
1268 2072 1362 2104 deco-

794 2122 915 2152 ratione
929 2131 956 2150 c.
979 2129 1028 2156 ιτ.

843 2169 897 2207 39.
914 2167 999 2207 Opus
1009 2166 1162 2196 versatile
1172 2165 1282 2212 :hquod
1299 2175 1364 2195 ver-
