1414 2435
153 112 219 146 304

655 104 852 136 AENEIDOS

152 165 322 206 Ulterius
339 176 386 200 ne
406 160 518 198 tende
537 159 646 197 odiis.
664 176 680 194 »
700 160 813 198 Stetit
833 173 920 197 acer
939 159 977 196 in
998 159 1110 196 armis

155 231 308 271 AEneas,
327 223 484 261 volvens
501 221 651 268 oculos,
674 219 925 270 dextramque
946 219 1144 270 repressit3

153 291 200 325 Et
214 287 291 337 jam
306 285 461 335 jamque
480 282 599 332 magis
619 289 858 318 cunctantem
877 281 1030 318 flectere
1049 292 1172 317 sermo

1309 288 1358 319 95⁰

153 350 326 396 Coeperat
333 359 344 391 3
363 343 495 380 infelix
512 342 674 379 humero
692 354 811 391 quum
828 341 1007 391 adparuit
1027 340 1103 378 alto

153 406 321 450 Balteus,
342 413 380 442 et
396 403 496 440 notis
516 402 703 439 fulserunt
720 401 871 451 cingula
889 400 1003 438 bullis

152 465 329 503 Pallantis
348 463 478 515 pueri3
496 463 641 499 victum
661 474 776 512 quem
793 461 952 498 volnere
970 463 1123 497 Turnus

153 530 368 573 straverat,
389 532 503 574 atque
521 523 692 560 humeris
713 521 912 559 inimicum
931 520 1080 570 insigne
1098 519 1266 570 gerebat.

152 587 239 632 Ille,
261 585 380 623 oculis
400 591 603 635 postquam
622 583 714 620 saevi
735 590 982 618 monumenta
999 580 1142 617 doloris

1313 586 1363 620 9¹⁵

155 646 397 696 Exuviasque
417 644 563 692 hausit,
584 643 692 680 furiis
711 642 914 688 adcemus,
933 650 970 678 et
990 640 1047 677 ira

155 704 353 743 Terribilis
376 719 384 740 :
406 721 422 738 «
443 706 551 741 Tune
569 703 659 740 hinc
678 703 809 753 spoliis
828 701 962 738 indute
982 712 1156 737 meorum

158 765 333 816 Eripiare
352 763 470 801 mihi?
490 763 610 802 Pallas
628 771 665 800 te
685 763 760 800 hoc
779 762 955 809 volnere,
975 760 1094 798 Pallas

159 930 428 969 renuit.—·938.
455 932 544 959 Acer
570 930 604 958 in
631 928 733 958 armis

158 976 318 1017 jungenda
349 986 416 1005 esse
447 981 558 1005 monet
584 976 731 1012 Servius,

161 1023 269 1052 nescio
287 1032 326 1050 an
345 1022 418 1050 satis
433 1020 526 1050 bene.
543 1023 609 1060 Ego
630 1020 663 1048 in
680 1031 732 1048 ar-

162 1068 221 1098 mis
237 1067 343 1097 malim
363 1066 508 1096 absolute
523 1064 647 1094 dictum
658 1088 666 1102 ‚
687 1075 733 1094 ar-

164 1120 284 1151 matus,
305 1119 342 1143 ut
360 1118 444 1149 erat,
460 1110 547 1141 stetit
557 1121 569 1148 ;
588 1118 635 1140 est
650 1112 735 1141 enim

164 1170 237 1189 vere
269 1160 393 1199 poetica
429 1156 587 1201 ἐνάργεια.
623 1159 735 1187 AEneas

163 1205 266 1236 stabat
278 1211 389 1235 tenens
403 1204 554 1244 clypeum
568 1210 599 1233 et
612 1214 717 1233 ensem
726 1227 734 1241 ,

165 1252 331 1290 strictum,
352 1258 388 1281 ut
410 1261 451 1281 ex
475 1260 569 1280 versu
594 1250 661 1290 950
684 1260 736 1291 ap-

166 1304 266 1338 paret.

215 1351 282 1384 940
304 1355 372 1385 sqq.
392 1345 470 1375 Haec
495 1345 559 1383 jam
584 1354 739 1385 praepara-

170 1398 256 1420 verat
274 1401 345 1431 sup.
368 1390 425 1420 lib.
442 1393 491 1427 X,
513 1392 577 1431 495
600 1401 648 1430 sq.
675 1391 740 1420 500

167 1437 302 1467 —505'.
330 1437 519 1467 Praeclarum
549 1437 611 1467 hoc
630 1439 742 1467 inven-

168 1489 236 1512 tum
246 1482 486 1523 suppeditatum
500 1483 582 1513 forte
597 1490 663 1512 erat
672 1484 742 1512 Ma-

168 1530 240 1559 roni
256 1539 271 1557 a
284 1530 436 1569 Tragicis,
448 1530 482 1558 in
492 1529 610 1570 quibus
623 1529 741 1569 legerat

169 1574 327 1605 Achillem
337 1575 370 1603 in
382 1576 528 1604 Hectoris
537 1574 674 1615 pedibus
691 1585 739 1605 re-

168 1619 301 1661 ligandis
315 1630 407 1650 usum
422 1631 487 1650 csse
496 1621 608 1650 eodem
623 1620 739 1658 balteo,

170 1676 266 1705 quem
292 1667 411 1696 Hector
436 1666 476 1696 ab
494 1667 592 1705 Ajace
611 1677 741 1707 accepe-

168 1719 235 1749 rat,
260 1712 316 1752 qui
341 1712 423 1742 idem
449 1711 523 1742 dato
547 1713 587 1743 ab
607 1715 742 1743 Hectore

170 1757 276 1797 gladio
301 1768 334 1787 se
356 1758 523 1800 jugulavit.
552 1760 743 1789 Meminerat

169 1811 277 1833 autem
290 1804 385 1834 simul
405 1804 540 1835 alterum
554 1805 634 1843 hoc,
654 1805 743 1845 quod

168 1851 312 1887 Hector,
328 1851 423 1880 armis
451 1851 588 1881 Patrocli
610 1851 743 1882 indutus

169 1896 287 1936 (Iliad.
307 1907 322 1938 ρ
336 1919 344 1933 ,
367 1897 428 1926 188
452 1897 542 1938 sq.)‚
559 1896 678 1927 vulnus
697 1908 743 1927 re-

169 1943 256 1983 cepit
278 1953 312 1972 ea
338 1950 443 1983 parte,
460 1953 522 1984 qua
545 1943 659 1974 thorax
677 1955 744 1974 non

170 1990 253 2018 hene
269 1995 392 2029 aptatus
411 1990 477 2028 ejus
496 1992 625 2032 corpori
647 1990 745 2020 nuda-

173 2042 241 2064 tum
261 2035 379 2065 collum
402 2035 573 2076 praebebat.
598 2047 640 2076 χ,
666 2038 744 2068 322.

173 2088 306 2120 ——94L
334 2082 410 2111 Alto
427 2081 550 2113 editum
565 2083 640 2112 iude
659 2094 676 2113 a
696 2095 744 2124 pr.

171 2126 244 2157 edd.
277 2128 426 2158 Attamen
457 2128 571 2171 ingens
606 2130 745 2160 Carisius

173 2173 230 2203 lib.
246 2174 279 2207 1,
299 2173 426 2204 laudat:
445 2186 540 2215 quam
558 2176 616 2206 Ge.
639 2177 747 2207 Fabri-

170 2220 238 2249 vius
253 2219 396 2249 omnium
421 2228 563 2251 veterum
586 2221 744 2252 librorum

789 929 965 959 lectionem
983 938 1049 958 esse
1069 928 1127 963 ait,
1150 931 1303 956 mutatam
1326 925 1367 955 ab

786 975 843 1012 iis,
857 976 911 1014 qui
935 975 1012 1004 hina
1031 975 1086 1003 uni
1104 973 1228 1002 nomini
1245 971 1366 1012 epithe

788 1027 818 1048 ta
841 1019 983 1060 (infelLr
1005 1019 1120 1059 ingens
1143 1017 1288 1057 balteus)
1312 1016 1366 1046 ad-

786 1065 880 1105 jungi
896 1064 1046 1093 vitiosum
1067 1064 1295 1093 existimarent.
1317 1065 1365 1094 Ex

789 1109 883 1140 codd.
909 1116 1016 1139 tamen
1039 1111 1105 1139 suis
1123 1119 1183 1138 nec
1199 1109 1280 1138 Pier.
1306 1119 1366 1139 nec

789 1158 899 1186 Heins.
910 1155 944 1185 id
954 1154 1098 1186 firmant:
1111 1154 1238 1185 videtur
1249 1154 1368 1195 ubique

790 1203 858 1232 aleo
873 1202 936 1243 legi
951 1212 958 1233 :
974 1202 1041 1232 alce
1055 1200 1188 1233 Oudart.
1200 1201 1282 1231 ultro
1297 1203 1368 1232 Par-

792 1249 876 1279 rhas.
889 1255 1023 1289 -942.
1037 1247 1183 1278 Balneum
1192 1270 1201 1285 ‚
1216 1258 1233 1277 e
1243 1257 1307 1288 quo
1318 1258 1370 1278 cn-

795 1297 836 1326 sis
851 1295 1014 1336 pendebat
1025 1317 1034 1333 ,
1047 1305 1125 1325 mox
1140 1300 1250 1325 ornate
1267 1293 1371 1324 decla-

795 1350 861 1380 rat,
881 1349 1032 1383 tanquam
1050 1352 1117 1371 rem
1128 1363 1136 1378 ‚
1153 1342 1188 1371 in
1204 1350 1267 1382 qua
1285 1350 1373 1370 nunc

795 1400 903 1419 rerum
933 1388 1028 1419 cardo
1056 1389 1192 1418 vertitur
1203 1410 1212 1425 ,
1241 1392 1273 1416 et
1301 1396 1373 1427 quae

795 1435 991 1466 luculentius
1001 1435 1106 1465 animo
1120 1440 1188 1464 erat
1201 1442 1370 1474 repraesen-

796 1481 901 1513 tanda.
917 1484 999 1512 Tum
1024 1491 1101 1511 vero
1119 1479 1200 1510 notis
1207 1479 1372 1521 fulserunt

794 1528 928 1570 cingula
944 1527 1039 1557 bullis
1053 1527 1177 1568 poetica
1191 1526 1291 1556 forma
1306 1524 1370 1555 dic-

795 1581 863 1603 tum
875 1597 883 1611 ‚
902 1584 962 1614 pro
980 1583 988 1604 :
1004 1580 1036 1603 et
1050 1573 1167 1609 bullae,
1184 1577 1370 1602 ornamenta

796 1627 888 1657 uota,
908 1619 1066 1650 fulserunt
1092 1619 1126 1648 in
1150 1617 1290 1659 cingulo.
1309 1619 1369 1647 Ita—

795 1677 857 1706 que
870 1665 1046 1695 verendum
1057 1675 1124 1695 non
1138 1670 1223 1701 erat,
1237 1674 1277 1694 ue
1291 1664 1372 1694 otio-

797 1723 850 1742 sus
873 1719 953 1742 esset
971 1722 1091 1742 versus.
1103 1729 1149 1734 —-
1166 1711 1245 1752 945.
1265 1709 1373 1740 Oculis

797 1758 926 1788 hausit:
937 1759 1001 1796 jam
1017 1769 1088 1798 sup.
1105 1760 1165 1794 lv,
1181 1757 1244 1787 661
1260 1779 1268 1794 ‚
1285 1757 1375 1786 Hau·

799 1805 863 1835 riae
884 1803 966 1834 hunc
983 1804 1079 1834 oculis
1098 1803 1226 1846 ignem,·
1247 1802 1373 1832 traduc-

798 1858 867 1881 tum
887 1851 927 1881 ab
951 1850 1100 1888 auribus,
1122 1852 1302 1889 Vocemque
1326 1846 1374 1877 his

799 1897 928 1928 auribus
942 1896 1036 1927 hausi
1048 1908 1059 1927 :
1078 1898 1136 1934 IV,
1155 1895 1231 1935 359.
1250 1893 1329 1924 Inde
1341 1901 1373 1925 et

797 1946 906 1975 animo
925 1954 932 1975 :
956 1946 1004 1981 X,
1037 1943 1103 1979 648
1143 1940 1257 1971 animo
1286 1951 1374 1981 spem

798 1989 938 2020 turbidus
956 1989 1062 2019 hausit
1075 1988 1219 2018 inanem.
1236 1988 1280 2018 Ut
1295 1986 1375 2017 bibe-

799 2047 854 2066 re:
874 2043 910 2066 ut
929 2037 944 2066 1
955 2058 963 2074 ,
992 2041 1058 2075 749
1075 2034 1271 2076 longumque
1288 2033 1372 2064 bibe-

800 2082 858 2112 bat
871 2091 1024 2112 amorem.
1036 2082 1303 2111 —Monumenea
1317 2079 1374 2110 do-

798 2128 873 2159 loris
896 2127 958 2158 hoc
976 2127 1069 2165 loco,
1090 2137 1161 2168 qua:
1186 2126 1370 2157 memoriam

798 2181 973 2211 renovant,
1003 2173 1258 2203 recordationem
1283 2171 1374 2203 dolo-

799 2221 841 2251 ris
865 2231 904 2251 ex
925 2219 1072 2252 Pallantis
1096 2226 1207 2250 morie.
1228 2236 1274 2243 —-
1294 2223 1373 2259 947.
