1414 2435
594 87 717 117 LIBER
742 86 816 116 XII.

110 148 285 185 Procedit
305 147 403 196 legio
420 145 659 182 Ausonidum
672 173 681 190 ‚
698 143 890 192 pilataque
910 141 1028 191 plenis

112 210 272 259 Agmina
292 221 330 245 se
351 206 514 244 fundunt
530 205 661 256 portis.
683 204 781 241 Hinc
796 204 934 240 Troius
954 203 1074 239 omnis
1086 231 1096 248 ,

113 269 409 317 Tyrrhenusque
429 266 507 303 ruit
520 265 636 302 variis
653 264 842 301 exercitus
859 262 990 307 armis3

112 328 226 365 Hau-d
245 340 351 364 secus
367 325 543 363 instructi
562 325 677 371 ferro,
698 338 812 374 quam
829 324 859 360 si
876 335 1010 372 aspera
1028 321 1162 359 Martis

112 392 241 439 Pugna
259 395 371 425 vocet
389 401 400 426 ε
417 400 487 424 nec
502 399 579 423 non
599 385 733 422 mediis
748 384 788 421 in
803 383 969 420 millibus
988 383 1061 432 ipsi
1266 389 1311 413 125

115 453 304 487 Ductores
321 461 417 486 auro
433 447 594 484 volitant
614 453 796 494 ostroque
820 444 966 490 decori,

112 513 160 547 Et
178 524 295 561 genus
313 508 490 546 Assaraci
504 506 744 552 Mnestheus,
763 514 800 542 et
820 503 927 541 fortis
946 503 1099 551 Asylas,

113 574 160 609 Et
178 574 378 620 Messapus
393 581 532 618 equum
549 567 736 613 domitor,
755 565 948 616 Neptunia
964 563 1101 614 proles.

115 634 244 681 thue
261 631 349 668 dato
370 630 476 680 signo
496 628 618 679 spatia
630 628 670 665 in
684 640 753 665 sua
771 626 932 676 quisque
951 624 1125 670 recessit,

113 692 291 742 Defigunt
311 691 443 728 tellure
459 689 586 727 hastas
597 717 607 736 ,
627 696 664 725 et
681 696 786 725 scuta
803 686 995 725 reclinant.

114 880 202 901 versa
213 893 222 907 ‚
238 879 310 911 quae
326 867 484 898 ambiebat
497 867 559 899 hoc
579 869 685 910 cingu-

114 916 182 947 lum
199 939 209 954 ‚
237 922 274 946 ut
305 915 512 946 Grammatici
541 915 684 945 tradunt.

113 962 240 993 Limum
265 962 350 992 enim
376 972 436 1002 pro
458 960 592 1001 obliquo
619 960 686 990 dic-

114 1015 183 1039 tum
197 1019 262 1039 esse
271 1031 280 1046 ‚
293 1015 370 1039 nota
384 1019 434 1038 res
448 1014 494 1037 est
509 1007 559 1036 vel
575 1017 615 1036 ex
627 1009 687 1037 Te-

115 1057 209 1085 rentii
228 1054 409 1086 Eunucho:
429 1064 488 1095 ego
515 1053 601 1083 limis
625 1052 684 1081 ad-

114 1109 230 1140 specto.
260 1101 361 1132 Simili
389 1100 485 1130 modo
519 1100 684 1140 praecincti

115 1157 244 1187 quoque
269 1154 359 1176 erant
377 1148 460 1176 servi
484 1146 628 1187 publici,
648 1153 684 1175 nt

114 1204 155 1222 ex
180 1192 285 1222 Gellio
306 1194 391 1229 XII,
418 1193 457 1230 3,
484 1198 626 1228 constat,
653 1198 685 1221 et

113 1240 246 1268 omnino
268 1239 350 1267 servi
364 1238 516 1279 subligari
536 1248 592 1268 seu
609 1236 683 1267 sub-

113 1284 273 1326 ligaculo:
293 1294 367 1313 nam
394 1294 431 1314 eo
465 1283 589 1313 taudem
616 1284 684 1323 ipsa

112 1330 184 1361 limi
203 1331 292 1361 notio
309 1329 391 1359 redit
408 1339 416 1359 :
435 1327 609 1372 περίζωμα.
629 1330 685 1359 Est

113 1377 189 1407 adeo
201 1376 307 1406 velati
314 1376 401 1412 limo,
414 1376 567 1416 subligari
576 1376 683 1405 cincti.

163 1433 237 1453 121.
254 1422 365 1452 Pilata
377 1422 528 1465 agmina,
546 1421 620 1462 pilis
638 1432 685 1451 ar-

112 1475 202 1499 mata.
219 1472 317 1500 Recte
331 1469 394 1499 hoc
409 1479 571 1498 armorum
585 1478 685 1508 genus

111 1517 263 1547 Romanis
284 1515 452 1556 proprium
476 1514 539 1555 (cf.
564 1515 624 1553 Ge.¹
648 1514 682 1551 Ι,

113 1562 202 1603 495)
235 1572 324 1591 1111110
350 1561 465 1591 tribuit
497 1560 683 1590 Ausonida-

112 1619 180 1638 rnm
203 1608 236 1638 11.
264 1609 452 1638 Latinorum
479 1607 615 1648 agmini;
646 1613 684 1636 ut

112 1664 208 1694 supra
226 1654 382 1684 Aventini
405 1654 505 1694 copiis
526 1653 583 1683 lib.
597 1654 683 1689 VII,

113 1700 191 1735 664.
204 1700 325 1740 Mirugn
340 1705 444 1729 tamen
457 1699 686 1729 Grammatico-

113 1756 184 1775 rum
207 1750 350 1774 veterum
368 1754 502 1774 acumen
519 1744 596 1780 fuit,
617 1754 683 1783 quo

109 1791 249 1832 pilatum
260 1813 269 1825 ,
291 1801 308 1819 a
326 1788 457 1830 pilando
475 1789 582 1818 πιλοῦν
606 1787 684 1818 duc-

114 1845 182 1867 tum
194 1860 201 1874 ‚
229 1835 410 1866 confertum
421 1858 429 1871 ‚
449 1834 582 1864 densum
593 1857 602 1871 ,
619 1844 684 1868 esse

115 1884 243 1914 vellent.
270 1884 373 1912 Docta
400 1888 446 1910 est
480 1881 582 1911 Servii
608 1885 684 1909 nota

117 1929 155 1959 ad
176 1930 208 1960 h.
224 1930 246 1960 l.
266 1939 362 1969 super
381 1928 513 1968 antiquo
531 1926 594 1956 hoc
618 1936 686 1955 ver-

116 1975 159 2005 bo
174 1986 182 2007 :
197 1976 255 2006 etsi
277 1976 342 2016 ipsa
363 1974 452 2004 vocis
467 1974 556 2003 notio
572 1982 685 2013 parum

115 2028 199 2052 recte
219 2022 258 2051 ab
280 2032 319 2051 eo
346 2021 564 2050 constituitur.
590 2017 686 2058 Quod

117 2067 198 2096 infra
225 2078 304 2098 vers.
342 2067 406 2097 130
435 2065 536 2096 kascae
567 2075 686 2095 memo-

117 2119 248 2149 rantur,
265 2113 347 2143 nihil
365 2112 474 2149 obest;
496 2122 570 2141 nam
588 2122 686 2153 genus

117 2159 179 2188 hoc
189 2157 262 2198 pila
275 2166 425 2200 tanquam
441 2159 575 2200 speciem
600 2168 686 2188 com-

118 2204 296 2245 prehendit.
312 2205 410 2246 Quod
431 2205 456 2235 si
470 2204 593 2246 pilatus
614 2204 687 2234 alias

249 2269 313 2304 IV.

1265 694 1312 717 130

739 879 807 899 non
829 867 986 904 occurrit,
1005 866 1045 896 ad
1070 866 1243 907 analogiam
1268 872 1312 895 ta-

739 925 813 944 men
837 915 970 944 aliarum
991 923 1127 950 vocum,
1149 912 1309 947 hastatus,

740 960 922 1000 clypeatus,
940 965 1025 988 recte
1047 969 1079 988 se
1101 958 1206 988 habet.
1226 959 1312 987 Mar-

740 1007 822 1036 tialis
840 1006 1026 1035 auctoritate
1039 1005 1098 1035 lib.
1114 1006 1145 1034 X
1158 1026 1166 1040 ,
1189 1004 1247 1040 48,
1268 1005 1315 1033 uti

740 1052 796 1082 vix
810 1053 886 1082 licet
896 1074 905 1088 ,
922 1061 1024 1091 quum
1039 1050 1077 1080 de
1090 1050 1227 1080 lectione
1244 1060 1312 1079 11011

737 1099 810 1128 satis
843 1097 966 1138 liquido
997 1103 1130 1127 constet.
1157 1112 1207 1119 -—
1235 1106 1310 1133 127.

736 1144 941 1174 Mnestheum
952 1166 961 1180 ‚
980 1143 1112 1184 Asylam
1123 1165 1131 1180 ,
1153 1149 1184 1172 et
1196 1143 1312 1172 Messa-

736 1202 816 1231 pum
853 1191 971 1220 excitat
1006 1190 1194 1220 nominatim
1207 1211 1216 1226 ,
1245 1189 1310 1229 pri-

736 1247 826 1266 mum
850 1243 888 1266 ut
908 1243 1019 1276 poeta,
1047 1234 1309 1276 quandoquidem

736 1282 859 1323 singula
884 1288 1026 1311 enarrata
1049 1281 1122 1321 plus
1145 1278 1307 1323 ἐναργείας

736 1328 870 1365 habent,
887 1338 980 1368 quam
998 1337 1055 1368 per
1074 1337 1229 1356 summam
1251 1336 1308 1355 an-

737 1381 920 1411 numerata3
936 1381 1005 1403 tum
1021 1374 1095 1413 quia
1110 1372 1145 1402 111
1162 1374 1246 1402 inter
1265 1373 1309 1401 vi-

737 1431 790 1450 ros
810 1421 970 1461 principes
995 1419 1132 1449 maxime
1157 1429 1308 1449 memora-

738 1466 817 1496 biles
827 1489 835 1504 ,
853 1477 993 1507 quorum
1008 1467 1102 1496 etiam
1117 1476 1195 1495 mox
1213 1475 1310 1505 opera

736 1513 796 1542 erit
808 1514 979 1554 praecipua.
990 1514 1037 1542 De
1050 1511 1219 1542 Mnestheo
1232 1513 1309 1542 Tro-

734 1559 810 1597 jauo
833 1559 897 1590 vid.
920 1569 991 1599 sup.
1013 1557 1052 1588 ad
1075 1557 1132 1588 lib.
1149 1560 1198 1594 V,
1224 1559 1307 1596 116,

741 1616 753 1634 1
765 1616 824 1644 173
842 1605 881 1635 de
899 1606 997 1646 Asyla
1019 1607 1152 1635 Etrusco
1176 1604 1233 1635 lib.
1256 1607 1309 1643 X,

742 1653 932 1690 175—178.
948 1653 1111 1692 Messapus
1128 1652 1162 1681 in
1182 1651 1309 1681 Latino-

737 1709 808 1728 rum
830 1698 958 1728 auxiliis
982 1705 1058 1728 erat.
1082 1698 1123 1727 cf.
1137 1708 1207 1737 sup.
1224 1698 1306 1734 VII,

737 1745 816 1783 691.
830 1762 876 1767 —
895 1745 969 1774 130.
983 1745 1029 1774 Ut
1043 1742 1082 1772 ad
1098 1753 1224 1772 versum
1244 1753 1257 1771 1
1268 1743 1307 1771 16

736 1789 876 1818 diximus
886 1811 895 1825 ,
912 1795 1045 1828 possunt
1060 1790 1093 1817 'm
1106 1788 1156 1818 his
1170 1788 1309 1818 nonnul-

736 1835 765 1864 la
787 1845 827 1864 ex
858 1833 947 1864 Iliad.
968 1845 989 1877 γ
1013 1844 1077 1863 esse
1100 1832 1302 1864 adumbrata:

737 1887 774 1909 ut
787 1880 840 1909 hic
857 1890 898 1909 ex
913 1890 994 1909 νει-5.
1016 1890 1027 1908 1
1037 1880 1078 1915 34
1094 1890 1163 1920 sqq.
1178 1878 1239 1910 Sed
1254 1878 1309 1910 ἀσ-

738 1922 806 1955 πίσι
819 1924 993 1968 κεκλιμένοι
1015 1925 1061 1955 ibi
1085 1925 1246 1956 diversum
1263 1931 1310 1956 est

739 1972 778 2002 ah
797 1971 879 2008 hoc,
901 1971 989 2012 quod
1010 1980 1099 2002 scuta
1122 1972 1309 2004 reclinant:

739 2018 785 2047 ibi
806 2018 912 2048 innixi
934 2024 1009 2048 sunt
1035 2020 1150 2056 scutis,
1176 2025 1212 2048 ut
1234 2029 1307 2060 sup.

738 2064 795 2095 lib.
816 2066 883 2101 lx,
903 2075 968 2105 229
980 2087 988 2102 ‚
1007 2065 1103 2094 Stant
1122 2064 1228 2107 longis
1249 2065 1310 2095 ad-

741 2110 815 2140 ηιζτὶ
833 2109 931 2141 hastis
950 2118 980 2141 et
993 2117 1083 2141 scuta
1098 2119 1238 2142 tenentes
1246 2123 1260 2150 ;
1279 2118 1312 2143 at

740 2157 802 2187 hoc
821 2157 893 2188 loco
914 2163 1076 2198 reponunt
1087 2158 1121 2188 in
1135 2165 1217 2189 terra
1228 2181 1237 2196 ,
1254 2168 1313 2189 zz-

741 2201 935 2241 τατζθεντσι.,
965 2201 1160 2235 imminuet
1177 2203 1252 2248 πρὸς
1275 2207 1314 2247 τῇ

1112 2283 1154 2305 21
