1414 2435
148 55 212 93 396
511 54 545 82 P.
570 52 753 84 VIRGILII
777 51 972 83 MARONIS

705 140 774 174 IX.

629 234 675 256 AD
696 234 855 256 VARIUM.

150 309 298 347 Scilicet
318 310 391 346 hoc
408 308 489 348 sine
509 306 659 351 fraude,
678 305 769 342 Vari
787 305 1017 351 dulcissime,
1035 305 1155 342 dicam
1173 320 1180 340 :

200 369 440 418 Dispeream,
460 367 532 403 nisi
551 379 610 403 me
626 365 793 415 perdidit
811 365 881 401 iste
900 372 1026 413 putus.

150 429 216 466 Sin
233 436 358 465 autem
377 433 567 477 praecepta
583 432 712 462 vetant
732 437 791 460 me
811 424 938 460 dicere
959 438 967 459 :
988 436 1094 469 sane,

202 491 287 525 Non
306 488 428 525 dicam
446 502 453 523 :
474 486 539 524 sed
558 498 618 522 me
637 483 805 535 perdidit
822 483 893 521 iste
910 495 1016 532 puer.

539 672 586 695 AD
605 670 749 695 VILLAM
776 668 947 694 SYRONIS.

150 744 303 789 Villula,
323 758 407 793 quae
427 745 584 793 Syronis
601 758 702 791 eras,
721 753 758 781 et
777 757 924 794 pauper
943 743 1078 793 agelle,

201 807 345 840 Verum
362 803 416 840 illi
434 804 588 840 domino
608 813 650 840 tu
668 816 821 852 quoque
841 804 983 840 divitiae
1001 819 1008 838 :

150 865 214 899 Me
230 862 317 907 tibi,
335 871 372 899 et
390 863 459 899 hos
480 876 555 899 una
573 875 740 908 mecum,
761 871 799 899 et
817 874 912 911 quos
929 874 1077 910 semper
1096 863 1235 907 amavi,

202 922 242 959 Si
261 922 353 971 quid
373 923 420 959 de
437 923 560 972 patria
579 922 722 959 tristius
740 921 915 966 audiero,

151 982 399 1027 Commendo,
420 982 459 1017 in
480 982 687 1031 primisque
703 990 863 1031 patrem.
884 984 940 1017 Tu
961 994 1063 1017 nunc
1081 980 1154 1018 eris
1174 981 1246 1025 illi,
1329 989 1342 1011 ⁵

202 1043 358 1078 Mantua
376 1041 479 1091 quod
498 1041 639 1087 fuerat,
660 1041 839 1091 quodque
857 1043 1043 1078 Cremona
1062 1040 1179 1089 prius.

471 1225 517 1246 AD
537 1224 576 1246 M.
595 1223 793 1246 VALERIUM
813 1223 1016 1247 MESSALAM.

148 1298 270 1331 Pauca
289 1295 399 1340 mihi,
415 1295 526 1331 niveo
546 1294 611 1331 sed
632 1306 707 1330 non
726 1294 917 1344 incognita
938 1295 1097 1338 Phoeb0‚
1150 1316 1153 1319 ·

148 1358 267 1391 Pauca
287 1354 380 1391 mihi
401 1355 538 1400 doctae,
559 1353 690 1400 dicite,
710 1354 907 1403 Pegasides

406 1499 461 1528 lx.
773 1499 875 1534 runis,
905 1499 1053 1539 Epicurei
1080 1499 1279 1541 philosophi,
1303 1500 1341 1530 de

771 1556 836 1584 quo
858 1544 954 1574 modo
981 1546 1078 1586 epigr.
1106 1547 1170 1574 'VII
1194 1545 1340 1576 vidimus.

202 1588 305 1617 Edidit
319 1590 440 1628 primus
455 1590 603 1630 Scaliger.
772 1592 860 1620 Inter
878 1590 954 1620 belli
974 1591 1074 1620 civilis
1099 1590 1288 1622 calamitates
1311 1600 1343 1622 et

198 1644 227 1663 2.
243 1636 339 1663 Putas
352 1635 520 1674 velpusus,
534 1645 593 1675 pro
606 1645 716 1674 puero,
772 1643 873 1666 metus
883 1659 891 1673 ‚
915 1638 1169 1677 consanguineos
1184 1647 1274 1675 suos,
1291 1638 1340 1667 in-

151 1679 234 1709 unde
254 1679 366 1719 pusio;
388 1681 488 1720 prima
504 1681 623 1722 syllaba
646 1681 716 1710 lou-
771 1674 834 1722 qiie
848 1682 896 1711 his
908 1689 1029 1722 patrem
1039 1704 1047 1718 ,
1063 1684 1096 1712 in
1108 1685 1240 1723 Syn-onis
1255 1683 1339 1719 villa,

147 1735 203 1764 ψη
229 1736 289 1765 qua
317 1736 357 1755 ex
385 1737 437 1763 re,
460 1727 548 1768 quod
566 1734 662 1768 putus
683 1728 717 1756 in
772 1734 921 1768 tanquam
940 1729 974 1757 in
993 1736 1062 1758 tuto
1078 1729 1167 1765 loco,
1196 1736 1250 1759 aut
1271 1740 1341 1770 per-

151 1772 241 1800 metri
256 1773 408 1802 rationem
426 1780 552 1813 peccat,
570 1780 635 1803 tota
651 1783 716 1803 car·
773 1774 860 1815 fugio
871 1797 879 1809 ‚
899 1774 1067 1805 collocasse
1081 1774 1218 1805 videtur.
1234 1777 1338 1816 Suspi-

150 1817 242 1845 minis
261 1819 293 1847 in
319 1820 486 1858 pusionem
504 1820 623 1860 argutia
640 1830 716 1860 pen·
772 1823 836 1850 cari
859 1821 970 1861 utique
992 1822 1083 1857 licet,
1102 1821 1188 1861 qnod
1206 1821 1340 1862 Scaliger

151 1861 200 1891 dot
214 1872 220 1891 :
232 1864 275 1892 sie
290 1875 417 1904 quoque
429 1865 716 1904 Burm.judicabat.
772 1867 859 1902 facit,
889 1868 1042 1907 scriptum
1068 1877 1192 1897 carmen
1202 1890 1210 1904 ‚
1237 1878 1338 1907 quum

194 1910 223 1938 3.
237 1909 291 1938 Sin
306 1918 423 1942 autem.
439 1913 541 1942 Miror
556 1914 713 1943 neminem
771 1924 810 1942 ex
826 1924 901 1955 agro
918 1914 1095 1943 Mantuano
1111 1914 1265 1954 assignato
1282 1915 1337 1943 mi-

147 1955 290 1985 maluisse
306 1965 312 1985 :
332 1956 386 1986 Sin
403 1959 479 1988 artis
494 1966 664 1998 praecepta.
767 1959 877 1990 litibus
891 1961 1023 1990 Romam
1038 1958 1219 1989 discederet.

409 2052 447 2079 X.
885 2047 892 2053 ⁵
1023 2053 1079 2081 xl.

197 2148 220 2165 ι.
250 2139 408 2175 Scir0n1's;
434 2141 530 2170 immo
556 2153 630 2172 vero
657 2145 712 2181 SJ-
812 2143 974 2174 Messalam
995 2145 1098 2174 victor
1122 2145 1260 2174 carmine
1284 2156 1333 2175 ce-
