1414 2435
124 77 190 107 244

630 65 825 97 AENEIDOS

123 130 220 166 Solis
241 127 302 164 avi
321 125 529 176 specimen3
550 124 648 174 bigis
667 124 696 160 it
715 127 868 161 Turnus
887 124 926 160 in
947 123 1060 170 albis,

124 189 218 226 Bina
236 199 350 224 manu
368 185 444 221 lato
464 183 632 233 crispans
651 183 802 220 hastilia
822 183 936 219 ferro.

1281 191 1329 215 165

127 248 225 285 Hinc
243 254 351 296 pater
371 245 526 289 AEneas,
546 246 727 279 Romanae
747 242 876 292 stirpis
896 242 1024 292 origo,

128 308 286 345 Sidereo
303 305 465 355 flagrans
483 304 636 354 clype0‚
657 312 694 340 et
713 302 928 339 coelestibus
948 303 1078 348 armis,

127 372 173 405 Et
189 368 298 417 juxta
317 365 520 411 Ascanius,
538 376 684 413 magnae
704 376 789 412 spes
806 364 923 400 altera
941 366 1071 400 Romae
1084 392 1094 410 ‚

126 526 256 568 omnes)
274 526 396 556 castris.
413 543 460 548 ·-—-
479 525 553 561 164.
571 525 699 556 Corona

127 573 245 603 radiata
275 578 405 602 ornatus
426 572 573 607 Latinus,
593 577 631 600 ut
660 572 701 600 sit

125 620 232 659 =stirpis
242 629 258 648 a
268 618 339 649 Sole
349 617 454 647 ductae
464 623 699 659 argumentum.

130 664 294 705 Specimen
313 670 358 693 est
373 659 509 707 δεῖγμα,
529 663 703 693 documen-

128 719 208 741 tum.
227 709 307 739 Solis
326 709 378 738 avi
395 710 436 739 ad
452 717 633 739 maternum
651 720 702 750 ge-

130 767 190 787 nus
212 763 243 785 et
266 756 398 791 Circen,
416 755 496 786 Solis
514 754 629 791 filiam,
649 755 703 783 hic

130 813 196 833 esse
216 800 464 837 recurrendum,
485 800 594 830 nullus
612 800 704 829 dubi-

130 857 174 880 to.
204 849 326 877 Interea
344 847 492 876 Latinum
516 847 583 886 ipse
610 852 704 886 poeta

130 906 201 935 sup.
219 895 283 923 VII
297 916 306 931 ,
325 899 364 931 47
393 895 502 923 Fauno
528 899 559 921 et
582 893 704 921 Marica

133 938 435 982 genitumprodidit.
444 938 543 979 Quod
553 939 705 967 Maricam

133 986 266 1018 eandem
282 996 317 1014 ac
336 986 451 1016 Circen
467 985 562 1014 fuisse
577 985 706 1014 Servius

136 1031 320 1068 contendit,
355 1031 595 1072 grammaticum
633 1041 706 1060 acu-

136 1090 209 1109 men
221 1079 311 1119 sapit.
333 1078 401 1108 Etsi
419 1087 531 1107 verum
553 1084 618 1113 est,
638 1077 707 1107 Cir-

137 1136 188 1159 ces
202 1131 233 1160 et
248 1124 371 1165 Ulyssis
384 1122 487 1155 {ilium
498 1122 645 1154 habitum
656 1124 709 1153 La-

137 1176 240 1205 tinum
251 1195 260 1210 ,
296 1177 426 1202 auctore
459 1171 529 1212 ipso
567 1170 708 1201 Hesiodo

137 1221 258 1261 Theog.
298 1229 380 1249 1011
399 1235 446 1241 -—
469 1218 576 1254 1015,
603 1224 709 1247 tamen

136 1266 303 1297 necessitas
334 1264 421 1294 nulla
447 1270 511 1300 est,
539 1270 593 1301 ut,
622 1263 710 1304 quod

136 1314 189 1343 alii
222 1311 429 1348 arbitrantur,
463 1311 631 1340 Maronem
660 1312 710 1340 sui

135 1359 235 1400 ipsius
251 1357 389 1388 oblitum
411 1367 498 1386 nunc
513 1356 601 1387 aliud
619 1358 709 1397 sequi

137 1406 290 1436 dicamus.
310 1403 389 1441 Sed,
415 1414 516 1443 quum
542 1410 605 1433 tam
627 1403 708 1433 mul-

138 1451 257 1483 timode
273 1450 387 1480 fabulae
401 1451 515 1479 veteris
526 1450 623 1480 ltaliae
637 1461 708 1480 nar-

138 1505 229 1534 ratae,
249 1503 280 1526 et
302 1504 422 1526 ornatae
441 1496 580 1531 fuerint,
598 1504 710 1536 potue-

138 1552 215 1574 runt
236 1554 301 1573 esse
319 1544 447 1582 utique,
475 1543 532 1581 qui
555 1542 605 1571 vel
629 1544 709 1572 Fau-

138 1601 214 1620 num
231 1589 281 1618 vel
296 1589 405 1618 Picum
422 1588 518 1628 (nam
532 1598 624 1617 avum
641 1590 711 1618 sim·

137 1636 260 1677 pliciter
287 1633 326 1663 de
351 1644 417 1663 uno
437 1644 477 1663 ex
500 1635 711 1674 progenitori·

139 1683 199 1712 bus
223 1681 366 1720 accipere
390 1679 485 1719 licet)
500 1690 516 1708 c
531 1680 621 1709 Circe
638 1681 711 1709 sub-

138 1729 237 1758 latum
251 1726 419 1757 traderent.
435 1728 480 1756 Ita
492 1725 601 1755 Picum
616 1737 632 1755 a
647 1728 712 1757 Cir-

139 1786 173 1804 ce
201 1780 339 1803 amatum
376 1784 416 1802 ex
443 1771 552 1803 Ovidii
580 1774 709 1804 Metam.

141 1823 237 1856 XIV,
260 1821 325 1849 320
353 1830 422 1858 sqq.
448 1819 609 1849 novimus.
641 1821 711 1850 Cir·

138 1878 188 1896 ces
203 1873 232 1895 et
245 1865 425 1895 Telemachi
444 1864 548 1895 filium
564 1866 712 1896 Latinum

137 1914 187 1943 alii
202 1912 384 1948 ediderant,
399 1922 479 1951 quos
491 1913 638 1952 Hyginus
649 1913 711 1943 fab.

144 1970 202 1998 ¹²7
226 1959 393 1999 exscripsit
407 1968 414 1988 :
442 1957 497 1987 ubi
513 1958 597 1988 conf.
613 1960 711 1989 Mun-

138 2006 203 2036 ker.
220 2007 368 2036 Ceterum
382 2003 530 2034 radiatam
547 2015 710 2043 coronam,

138 2052 240 2091 qualis
257 2053 290 2081 in
309 2051 438 2091 regibus
459 2058 489 2080 et
510 2052 710 2092 imperatori-

140 2098 199 2127 bus
221 2099 436 2137 conspicitur,
458 2099 635 2137 exprimere
652 2099 713 2128 uti-

139 2154 201 2184 que
216 2144 314 2173 voluit
333 2151 444 2183 poeta;
462 2155 499 2173 an
518 2155 593 2173 vero
610 2152 712 2174 osteu-

139 2198 205 2221 tnui
230 2191 372 2230 Augusto
397 2197 466 2230 post
486 2200 593 2221 uccezn
612 2193 710 2222 Cesa-

754 524 797 554 ris
815 523 930 553 urbem
949 523 1092 564 ingresso
1113 523 1258 553 oblatum
1274 523 1286 566 (
1301 535 1330 554 v.

754 570 825 600 loca
845 571 907 608 jam
930 569 1057 600 laudata
1080 580 1097 599 a
1122 569 1243 607 Cerda,
1257 572 1331 601 Sue-

755 623 823 647 ton.
844 627 914 657 cap.
934 622 997 656 94,
1017 623 1047 646 et
1061 616 1175 646 Vellei.
1200 617 1250 654 11,
1267 617 1308 655 59
1321 639 1329 653 ‚

757 663 798 705 6)
822 664 1015 703 respexerit,
1041 661 1166 693 dubito.
1200 663 1331 699 Feram,

756 711 782 739 si
809 711 881 749 quis
906 710 1064 740 honorem
1082 709 1198 739 Caesari
1214 716 1245 738 et
1261 710 1330 738 Au-

756 763 850 796 gusto
877 755 1024 785 habitum
1065 755 1129 785 hue
1162 755 1307 785 retulerit
1322 765 1329 785 2

757 801 942 830 distinctam
970 801 1073 830 radiis
1098 812 1275 837 coronam;
1299 812 1334 832 V.

758 856 786 876 c.
804 856 853 886 ap.
877 846 962 876 Flor.
981 848 1049 883 111,
1067 857 1084 876 2
1098 869 1106 883 ,
1124 858 1187 887 91;
1207 847 1246 877 de
1267 848 1333 879 Cae-

757 903 824 922 sare
840 903 869 922 V.
886 894 994 933 Intpp.
1013 891 1052 922 ad
1069 893 1181 923 Vellei.
1196 893 1218 924 l.
1231 904 1258 924 c.
1270 895 1336 924 Pri-

759 949 811 969 mo
837 946 941 969 tamen
960 939 1032 970 loco
1056 939 1195 969 fabulam
1216 947 1334 980 specta-

760 987 806 1015 vit
820 987 912 1015 Maro
926 985 964 1015 de
979 986 1083 1023 Circe,
1095 986 1177 1016 Solis
1190 985 1255 1015 fllia
1265 1009 1272 1024 ‚
1284 997 1334 1016 cu-

758 1032 809 1069 jus
824 1039 920 1072 caput
935 1031 1090 1062 radiatum
1104 1032 1145 1062 ab
1167 1034 1336 1073 Argonau-

762 1079 831 1107 ticis
859 1077 1039 1108 celebratur
1062 1088 1069 1108 :
1094 1078 1160 1109 vid.
1179 1079 1334 1118 Apollon.

763 1126 820 1161 IV,
840 1135 926 1162 7273
949 1124 1051 1165 Orph.
1084 1124 1171 1154 1216
1191 1135 1259 1165 sqq.
1277 1125 1339 1156 Co-

762 1181 840 1201 rona
866 1170 985 1200 radiata
1005 1179 1065 1211 pro
1089 1172 1208 1212 insigni
1230 1170 1338 1202 habita

763 1224 808 1247 est
822 1219 927 1258 primo
942 1228 1055 1258 regum
1075 1219 1206 1260 AEgypti
1223 1225 1255 1248 et
1277 1220 1337 1260 sy-

763 1265 836 1301 riae,
859 1263 935 1295 inde
966 1264 1113 1302 Caesaris,
1139 1265 1278 1306 Augusti
1308 1272 1339 1295 et

762 1321 982 1341 successorum
994 1334 1002 1348 ,
1017 1311 1073 1341 sed
1092 1318 1164 1352 post
1181 1318 1318 1350 *mortem
1331 1323 1340 1348 ;

763 1369 779 1387 a
803 1360 930 1388 Nerone
953 1368 1029 1387 vero
1059 1358 1155 1395 inde,
1179 1359 1274 1388 etiam
1290 1359 1338 1387 vi-

763 1406 920 1435 ventium.
935 1404 1084 1435 Notabile
1102 1404 1164 1435 hoc
1185 1404 1257 1435 loeo
1272 1411 1318 1435 est
1330 1428 1337 1440 ,

764 1451 853 1492 quod
876 1461 994 1481 corona
1014 1452 1118 1481 Latini
1137 1451 1255 1481 radiata
1275 1452 1339 1482 XII

764 1497 869 1527 radios
884 1497 997 1533 habet,
1017 1507 1084 1527 non
1106 1496 1209 1527 dicam
1233 1498 1337 1527 consi-

764 1543 851 1572 lioue
875 1550 906 1573 et
929 1549 1075 1582 respectu
1098 1543 1137 1572 ad
1161 1545 1225 1573 XII
1249 1553 1339 1573 men-

765 1590 865 1625 sium,
894 1589 945 1618 vel
969 1591 1135 1629 signorum
1161 1589 1338 1625 coelestium

765 1645 955 1672 numerum3
993 1635 1067 1664 alias
1111 1643 1340 1676 computantur

765 1681 863 1711 modo
881 1689 1002 1722 septem
1026 1681 1124 1718 radii,
1145 1681 1241 1712 modo
1260 1692 1338 1723 pau-

766 1729 886 1764 ciores,
904 1728 954 1757 vel
976 1728 1094 1768 plures.
1111 1730 1214 1759 Docte
1235 1728 1274 1759 de
1290 1728 1339 1758 his

766 1784 870 1814 nuper
885 1775 949 1815 egit
965 1774 1089 1816 elegans
1106 1782 1250 1806 veterum
1271 1785 1339 1805 mo-

766 1821 984 1850 nimentorum
1032 1823 1187 1862 interpres
1233 1820 1338 1851 Milliu

766 1867 974 1908 (Monumens
1018 1868 1165 1908 antiques
1205 1867 1341 1907 ine'dies)

767 1912 805 1942 ad
821 1924 976 1955 gemmam
991 1914 1136 1954 Septimii
1154 1915 1261 1944 Severi
1277 1915 1339 1943 Im-

766 1967 864 2000 perat.
891 1967 912 1990 t.
941 1962 974 1997 1,
990 1970 1021 2000 p.
1047 1960 1265 1998 178.—165.
1284 1960 1340 1990 Bi-

767 2016 830 2042 na;
850 2017 888 2036 ex
906 2016 994 2036 more
1019 2005 1163 2036 heroum.
1184 2017 1214 2036 V.
1239 2006 1340 2037 Cei-da

765 2059 877 2093 etsup.
897 2052 954 2082 lib.
973 2053 1006 2087 Ι,
1029 2053 1106 2082 313.
1122 2069 1169 2075 —-
1188 2053 1261 2091 167.
1279 2055 1339 2084 Ha-

767 2097 844 2127 bens
864 2097 1012 2138 clypeum
1030 2105 1060 2127 et
1080 2108 1163 2127 arma
1181 2109 1196 2128 a
1215 2102 1340 2131 Venere

766 2151 864 2173 matre
880 2151 1017 2184 accepta.
1038 2145 1183 2175 Sidet-eus
1198 2145 1230 2176 lt.
1249 2146 1271 2177 l.
1289 2147 1338 2177 vel

765 2189 912 2227 diuinus,
935 2190 983 2221 vel
1009 2190 1149 2233 fulgens,
1167 2203 1340 2231 coruscus,
