<?xml version="1.0" encoding="UTF-8"?>
<!DOCTYPE html PUBLIC "-//W3C//DTD XHTML 1.0 Transitional//EN"
    "http://www.w3.org/TR/xhtml1/DTD/xhtml1-transitional.dtd">
<html xmlns="http://www.w3.org/1999/xhtml" xml:lang="en" lang="en">
 <head>
  <title>
</title>
<meta http-equiv="Content-Type" content="text/html;charset=utf-8" />
  <meta name='ocr-system' content='tesseract 3.04.00' />
  <meta name='ocr-capabilities' content='ocr_page ocr_carea ocr_par ocr_line ocrx_word'/>
</head>
<body>
  <div class='ocr_page' id='page_1' title='image "./operahey04virguoft_0289.png"; bbox 0 0 1414 2435; ppageno 0'>
   <div class='ocr_carea' id='block_1_1' title="bbox 83 52 1290 1000">
    <p class='ocr_par' dir='ltr' id='par_1_1' title="bbox 83 52 1290 1000">
     <span class='ocr_line' id='line_1_1' title="bbox 575 52 1288 92; baseline 0 -10"><span class='ocrx_word' id='word_1_1' title='bbox 575 52 699 83; x_wconf 81' lang='lat' dir='ltr'>LIBER</span> <span class='ocrx_word' id='word_1_2' title='bbox 723 54 798 82; x_wconf 79' lang='lat' dir='ltr'>xn.</span> <span class='ocrx_word' id='word_1_3' title='bbox 1223 64 1288 92; x_wconf 58' lang='lat'>:³59</span> 
     </span>
     <span class='ocr_line' id='line_1_2' title="bbox 89 107 1037 158; baseline -0.001 -10"><span class='ocrx_word' id='word_1_4' title='bbox 89 109 249 148; x_wconf 84' lang='lat' dir='ltr'>Foedera</span> <span class='ocrx_word' id='word_1_5' title='bbox 270 109 450 155; x_wconf 85' lang='lat' dir='ltr'><strong>turbasti,</strong></span> <span class='ocrx_word' id='word_1_6' title='bbox 470 117 584 158; x_wconf 90' lang='lat' dir='ltr'>teque</span> <span class='ocrx_word' id='word_1_7' title='bbox 601 108 684 145; x_wconf 88' lang='lat' dir='ltr'>haec</span> <span class='ocrx_word' id='word_1_8' title='bbox 702 108 743 144; x_wconf 91' lang='lat' dir='ltr'>in</span> <span class='ocrx_word' id='word_1_9' title='bbox 760 107 862 145; x_wconf 82' lang='lat' dir='ltr'>bella</span> <span class='ocrx_word' id='word_1_10' title='bbox 880 108 1037 156; x_wconf 85' lang='lat' dir='ltr'>dedisti;</span> 
     </span>
     <span class='ocr_line' id='line_1_3' title="bbox 90 167 1130 220; baseline -0.001 -13"><span class='ocrx_word' id='word_1_11' title='bbox 90 173 136 207; x_wconf 87' lang='lat' dir='ltr'>Et</span> <span class='ocrx_word' id='word_1_12' title='bbox 155 183 256 207; x_wconf 89' lang='lat' dir='ltr'>nunc</span> <span class='ocrx_word' id='word_1_13' title='bbox 274 167 532 218; x_wconf 84' lang='lat' dir='ltr'>nequidquam</span> <span class='ocrx_word' id='word_1_14' title='bbox 551 168 648 204; x_wconf 85' lang='lat' dir='ltr'>fallis</span> <span class='ocrx_word' id='word_1_15' title='bbox 668 168 760 215; x_wconf 81' lang='lat' dir='ltr'>dea3</span> <span class='ocrx_word' id='word_1_16' title='bbox 778 167 844 205; x_wconf 90' lang='lat' dir='ltr'>sed</span> <span class='ocrx_word' id='word_1_17' title='bbox 862 169 946 218; x_wconf 87' lang='lat' dir='ltr'>quis</span> <span class='ocrx_word' id='word_1_18' title='bbox 967 170 1130 220; x_wconf 77' lang='lat' dir='ltr'><strong>Olympo</strong></span> 
     </span>
     <span class='ocr_line' id='line_1_4' title="bbox 88 228 1289 268; baseline -0.005 1"><span class='ocrx_word' id='word_1_19' title='bbox 88 231 298 268; x_wconf 85' lang='lat' dir='ltr'>Demissam</span> <span class='ocrx_word' id='word_1_20' title='bbox 317 237 441 266; x_wconf 82' lang='lat' dir='ltr'>tantos</span> <span class='ocrx_word' id='word_1_21' title='bbox 459 228 582 264; x_wconf 80' lang='lat' dir='ltr'>voluit</span> <span class='ocrx_word' id='word_1_22' title='bbox 601 236 638 264; x_wconf 90' lang='lat' dir='ltr'>te</span> <span class='ocrx_word' id='word_1_23' title='bbox 659 228 759 265; x_wconf 85' lang='lat' dir='ltr'>ferre</span> <span class='ocrx_word' id='word_1_24' title='bbox 773 228 948 266; x_wconf 83' lang='lat' dir='ltr'>labores?</span> <span class='ocrx_word' id='word_1_25' title='bbox 1241 240 1289 264; x_wconf 78' lang='lat'>635</span> 
     </span>
     <span class='ocr_line' id='line_1_5' title="bbox 86 287 1006 327; baseline -0.003 -1"><span class='ocrx_word' id='word_1_26' title='bbox 86 293 147 327; x_wconf 84' lang='lat' dir='ltr'>An</span> <span class='ocrx_word' id='word_1_27' title='bbox 165 289 291 326; x_wconf 80' lang='lat' dir='ltr'>fratris</span> <span class='ocrx_word' id='word_1_28' title='bbox 311 287 440 326; x_wconf 86' lang='lat' dir='ltr'>miseri</span> <span class='ocrx_word' id='word_1_29' title='bbox 462 289 580 326; x_wconf 87' lang='lat' dir='ltr'>letum</span> <span class='ocrx_word' id='word_1_30' title='bbox 597 295 642 324; x_wconf 89' lang='lat' dir='ltr'>ut</span> <span class='ocrx_word' id='word_1_31' title='bbox 662 287 815 324; x_wconf 83' lang='lat' dir='ltr'>crudele</span> <span class='ocrx_word' id='word_1_32' title='bbox 833 288 1006 325; x_wconf 75' lang='lat' dir='ltr'>videres?</span> 
     </span>
     <span class='ocr_line' id='line_1_6' title="bbox 86 348 1239 400; baseline 0 -13"><span class='ocrx_word' id='word_1_33' title='bbox 86 353 184 387; x_wconf 82' lang='lat' dir='ltr'>Nam</span> <span class='ocrx_word' id='word_1_34' title='bbox 200 349 293 399; x_wconf 85' lang='lat' dir='ltr'>quid</span> <span class='ocrx_word' id='word_1_35' title='bbox 309 351 403 400; x_wconf 81' lang='lat' dir='ltr'>ago?</span> <span class='ocrx_word' id='word_1_36' title='bbox 423 358 488 386; x_wconf 88' lang='lat' dir='ltr'>aut</span> <span class='ocrx_word' id='word_1_37' title='bbox 508 361 593 399; x_wconf 86' lang='lat' dir='ltr'>quae</span> <span class='ocrx_word' id='word_1_38' title='bbox 606 349 687 399; x_wconf 85' lang='lat' dir='ltr'>jam</span> <span class='ocrx_word' id='word_1_39' title='bbox 705 349 868 399; x_wconf 85' lang='lat' dir='ltr'>spondet</span> <span class='ocrx_word' id='word_1_40' title='bbox 887 348 1042 385; x_wconf 84' lang='lat' dir='ltr'>fortuna</span> <span class='ocrx_word' id='word_1_41' title='bbox 1057 351 1239 387; x_wconf 81' lang='lat' dir='ltr'>salutem?</span> 
     </span>
     <span class='ocr_line' id='line_1_7' title="bbox 84 410 1086 460; baseline 0 -14"><span class='ocrx_word' id='word_1_42' title='bbox 84 410 176 447; x_wconf 90' lang='lat' dir='ltr'>Vidi</span> <span class='ocrx_word' id='word_1_43' title='bbox 195 411 325 448; x_wconf 88' lang='lat' dir='ltr'>oculos</span> <span class='ocrx_word' id='word_1_44' title='bbox 344 418 431 448; x_wconf 86' lang='lat' dir='ltr'>ante</span> <span class='ocrx_word' id='word_1_45' title='bbox 450 411 531 460; x_wconf 89' lang='lat' dir='ltr'>ipse</span> <span class='ocrx_word' id='word_1_46' title='bbox 550 422 673 457; x_wconf 87' lang='lat' dir='ltr'>meos,</span> <span class='ocrx_word' id='word_1_47' title='bbox 694 422 754 447; x_wconf 89' lang='lat' dir='ltr'>me</span> <span class='ocrx_word' id='word_1_48' title='bbox 771 422 867 447; x_wconf 84' lang='lat' dir='ltr'>voce</span> <span class='ocrx_word' id='word_1_49' title='bbox 886 418 1086 446; x_wconf 82' lang='lat' dir='ltr'>vocantem</span> 
     </span>
     <span class='ocr_line' id='line_1_8' title="bbox 84 470 1090 521; baseline -0.001 -14"><span class='ocrx_word' id='word_1_50' title='bbox 84 473 330 516; x_wconf 86' lang='lat' dir='ltr'>Murranum,</span> <span class='ocrx_word' id='word_1_51' title='bbox 350 484 428 520; x_wconf 90' lang='lat' dir='ltr'>quo</span> <span class='ocrx_word' id='word_1_52' title='bbox 446 484 525 507; x_wconf 89' lang='lat' dir='ltr'>non</span> <span class='ocrx_word' id='word_1_53' title='bbox 543 480 698 521; x_wconf 81' lang='lat' dir='ltr'>superat</span> <span class='ocrx_word' id='word_1_54' title='bbox 717 470 812 508; x_wconf 84' lang='lat' dir='ltr'>mihi</span> <span class='ocrx_word' id='word_1_55' title='bbox 832 471 957 508; x_wconf 83' lang='lat' dir='ltr'>carior</span> <span class='ocrx_word' id='word_1_56' title='bbox 977 471 1090 518; x_wconf 84' lang='lat' dir='ltr'>alter,</span> 
     </span>
     <span class='ocr_line' id='line_1_9' title="bbox 86 530 1289 581; baseline 0 -13"><span class='ocrx_word' id='word_1_57' title='bbox 86 532 298 580; x_wconf 84' lang='lat' dir='ltr'>Oppetere‚</span> <span class='ocrx_word' id='word_1_58' title='bbox 318 530 528 580; x_wconf 82' lang='lat' dir='ltr'>ingentem,</span> <span class='ocrx_word' id='word_1_59' title='bbox 549 540 662 581; x_wconf 85' lang='lat' dir='ltr'>atque</span> <span class='ocrx_word' id='word_1_60' title='bbox 684 531 828 580; x_wconf 83' lang='lat' dir='ltr'>ingenti</span> <span class='ocrx_word' id='word_1_61' title='bbox 847 532 1002 567; x_wconf 87' lang='lat' dir='ltr'>volnere</span> <span class='ocrx_word' id='word_1_62' title='bbox 1022 531 1176 568; x_wconf 78' lang='lat' dir='ltr'>victum.</span> <span class='ocrx_word' id='word_1_63' title='bbox 1240 541 1289 568; x_wconf 56' lang='lat'>640</span> 
     </span>
     <span class='ocr_line' id='line_1_10' title="bbox 83 590 978 638; baseline -0.001 -9"><span class='ocrx_word' id='word_1_64' title='bbox 83 591 238 629; x_wconf 86' lang='lat' dir='ltr'>Occidit</span> <span class='ocrx_word' id='word_1_65' title='bbox 255 591 404 638; x_wconf 79' lang='lat' dir='ltr'>infelix,</span> <span class='ocrx_word' id='word_1_66' title='bbox 422 605 471 628; x_wconf 89' lang='lat' dir='ltr'>ne</span> <span class='ocrx_word' id='word_1_67' title='bbox 486 600 659 628; x_wconf 85' lang='lat' dir='ltr'>nostrum</span> <span class='ocrx_word' id='word_1_68' title='bbox 680 590 843 628; x_wconf 88' lang='lat' dir='ltr'>dedecus</span> <span class='ocrx_word' id='word_1_69' title='bbox 858 591 978 628; x_wconf 86' lang='lat' dir='ltr'>Ufens</span> 
     </span>
     <span class='ocr_line' id='line_1_11' title="bbox 86 649 1133 701; baseline -0.001 -15"><span class='ocrx_word' id='word_1_70' title='bbox 86 649 330 700; x_wconf 77' lang='lat' dir='ltr'>Adspiceret3</span> <span class='ocrx_word' id='word_1_71' title='bbox 349 652 489 688; x_wconf 81' lang='lat' dir='ltr'>Teucri</span> <span class='ocrx_word' id='word_1_72' title='bbox 510 651 711 701; x_wconf 83' lang='lat' dir='ltr'>potiuntur</span> <span class='ocrx_word' id='word_1_73' title='bbox 730 663 894 701; x_wconf 83' lang='lat' dir='ltr'>corpore</span> <span class='ocrx_word' id='word_1_74' title='bbox 914 660 951 688; x_wconf 87' lang='lat' dir='ltr'>et</span> <span class='ocrx_word' id='word_1_75' title='bbox 971 650 1096 688; x_wconf 84' lang='lat' dir='ltr'>armis.</span> <span class='ocrx_word' id='word_1_76' title='bbox 1132 696 1133 699; x_wconf 11' lang='grc' dir='ltr'><strong>Ἰ</strong></span> 
     </span>
     <span class='ocr_line' id='line_1_12' title="bbox 85 710 974 757; baseline 0 -11"><span class='ocrx_word' id='word_1_77' title='bbox 85 710 314 747; x_wconf 86' lang='lat' dir='ltr'>Exscindine</span> <span class='ocrx_word' id='word_1_78' title='bbox 334 711 485 757; x_wconf 86' lang='lat' dir='ltr'>domos,</span> <span class='ocrx_word' id='word_1_79' title='bbox 506 711 545 747; x_wconf 90' lang='lat' dir='ltr'>id</span> <span class='ocrx_word' id='word_1_80' title='bbox 565 710 680 748; x_wconf 86' lang='lat' dir='ltr'>rebus</span> <span class='ocrx_word' id='word_1_81' title='bbox 697 710 818 748; x_wconf 86' lang='lat' dir='ltr'>defuit</span> <span class='ocrx_word' id='word_1_82' title='bbox 837 723 974 757; x_wconf 89' lang='lat' dir='ltr'>unum,</span> 
     </span>
     <span class='ocr_line' id='line_1_13' title="bbox 85 769 1060 819; baseline 0 -15"><span class='ocrx_word' id='word_1_83' title='bbox 85 769 305 819; x_wconf 79' lang='lat' dir='ltr'>Perpetiar?</span> <span class='ocrx_word' id='word_1_84' title='bbox 327 769 460 806; x_wconf 84' lang='lat' dir='ltr'>dextra</span> <span class='ocrx_word' id='word_1_85' title='bbox 477 783 548 806; x_wconf 89' lang='lat' dir='ltr'>nec</span> <span class='ocrx_word' id='word_1_86' title='bbox 566 770 728 806; x_wconf 84' lang='lat' dir='ltr'>Drancis</span> <span class='ocrx_word' id='word_1_87' title='bbox 748 769 849 805; x_wconf 79' lang='lat' dir='ltr'>dicta</span> <span class='ocrx_word' id='word_1_88' title='bbox 868 769 1060 805; x_wconf 85' lang='lat' dir='ltr'><strong>refellam?</strong></span> 
     </span>
     <span class='ocr_line' id='line_1_14' title="bbox 83 828 1290 879; baseline 0.001 -14"><span class='ocrx_word' id='word_1_89' title='bbox 83 830 207 879; x_wconf 81' lang='lat' dir='ltr'>Terga</span> <span class='ocrx_word' id='word_1_90' title='bbox 224 828 347 866; x_wconf 82' lang='lat' dir='ltr'>dabo?</span> <span class='ocrx_word' id='word_1_91' title='bbox 367 837 404 866; x_wconf 86' lang='lat' dir='ltr'>et</span> <span class='ocrx_word' id='word_1_92' title='bbox 420 831 594 865; x_wconf 87' lang='lat' dir='ltr'>Turnum</span> <span class='ocrx_word' id='word_1_93' title='bbox 613 828 820 878; x_wconf 82' lang='lat' dir='ltr'>fugientem</span> <span class='ocrx_word' id='word_1_94' title='bbox 836 828 917 865; x_wconf 86' lang='lat' dir='ltr'>haec</span> <span class='ocrx_word' id='word_1_95' title='bbox 936 837 1039 866; x_wconf 84' lang='lat' dir='ltr'>terra</span> <span class='ocrx_word' id='word_1_96' title='bbox 1057 828 1290 866; x_wconf 47' lang='lat' dir='ltr'>videbimus</span> 
     </span>
     <span class='ocr_line' id='line_1_15' title="bbox 83 889 1242 939; baseline 0 -13"><span class='ocrx_word' id='word_1_97' title='bbox 83 891 216 939; x_wconf 86' lang='lat' dir='ltr'>Usque</span> <span class='ocrx_word' id='word_1_98' title='bbox 236 889 379 926; x_wconf 87' lang='lat' dir='ltr'>adeone</span> <span class='ocrx_word' id='word_1_99' title='bbox 398 889 496 926; x_wconf 74' lang='lat' dir='ltr'>mori</span> <span class='ocrx_word' id='word_1_100' title='bbox 514 890 695 927; x_wconf 81' lang='lat' dir='ltr'>miserum</span> <span class='ocrx_word' id='word_1_101' title='bbox 712 890 790 926; x_wconf 81' lang='lat' dir='ltr'>est?</span> <span class='ocrx_word' id='word_1_102' title='bbox 811 902 897 936; x_wconf 86' lang='lat' dir='ltr'>vos,</span> <span class='ocrx_word' id='word_1_103' title='bbox 918 902 941 926; x_wconf 91' lang='grc' dir='ltr'>ο</span> <span class='ocrx_word' id='word_1_104' title='bbox 960 889 1073 936; x_wconf 89' lang='lat' dir='ltr'>mihi,</span> <span class='ocrx_word' id='word_1_105' title='bbox 1094 892 1242 935; x_wconf 85' lang='lat' dir='ltr'>Manes,</span> 
     </span>
     <span class='ocr_line' id='line_1_16' title="bbox 85 949 1024 1000; baseline 0.001 -15"><span class='ocrx_word' id='word_1_106' title='bbox 85 950 173 986; x_wconf 86' lang='lat' dir='ltr'>Este</span> <span class='ocrx_word' id='word_1_107' title='bbox 192 949 301 996; x_wconf 88' lang='lat' dir='ltr'>boni,</span> <span class='ocrx_word' id='word_1_108' title='bbox 322 949 503 999; x_wconf 87' lang='lat' dir='ltr'>quoniam</span> <span class='ocrx_word' id='word_1_109' title='bbox 518 951 666 1000; x_wconf 88' lang='lat' dir='ltr'>superis</span> <span class='ocrx_word' id='word_1_110' title='bbox 687 962 819 988; x_wconf 79' lang='lat' dir='ltr'>aversa</span> <span class='ocrx_word' id='word_1_111' title='bbox 837 950 1024 988; x_wconf 84' lang='lat' dir='ltr'>voluntas.</span> 
     </span>
    </p>
   </div>
   <div class='ocr_carea' id='block_1_2' title="bbox 82 1109 662 2211">
    <p class='ocr_par' dir='ltr' id='par_1_2' title="bbox 85 1109 662 1748">
     <span class='ocr_line' id='line_1_17' title="bbox 86 1109 660 1150; baseline 0.002 -10"><span class='ocrx_word' id='word_1_112' title='bbox 86 1111 193 1140; x_wconf 87' lang='lat' dir='ltr'>Potuit</span> <span class='ocrx_word' id='word_1_113' title='bbox 209 1120 336 1150; x_wconf 87' lang='lat' dir='ltr'>quoque</span> <span class='ocrx_word' id='word_1_114' title='bbox 351 1111 385 1139; x_wconf 89' lang='lat' dir='ltr'>in</span> <span class='ocrx_word' id='word_1_115' title='bbox 400 1109 514 1140; x_wconf 81' lang='lat' dir='ltr'>habitu</span> <span class='ocrx_word' id='word_1_116' title='bbox 529 1110 581 1140; x_wconf 77' lang='lat' dir='ltr'>vel</span> <span class='ocrx_word' id='word_1_117' title='bbox 595 1121 660 1141; x_wconf 89' lang='lat' dir='ltr'>mo-</span> 
     </span>
     <span class='ocr_line' id='line_1_18' title="bbox 87 1156 661 1197; baseline 0.002 -12"><span class='ocrx_word' id='word_1_118' title='bbox 87 1162 123 1185; x_wconf 79' lang='lat' dir='ltr'>tu</span> <span class='ocrx_word' id='word_1_119' title='bbox 149 1157 292 1196; x_wconf 86' lang='lat' dir='ltr'>corporis</span> <span class='ocrx_word' id='word_1_120' title='bbox 319 1156 440 1196; x_wconf 82' lang='lat' dir='ltr'>aliquid</span> <span class='ocrx_word' id='word_1_121' title='bbox 463 1167 547 1194; x_wconf 83' lang='lat' dir='ltr'>esse,</span> <span class='ocrx_word' id='word_1_122' title='bbox 573 1156 661 1197; x_wconf 89' lang='lat' dir='ltr'>quod</span> 
     </span>
     <span class='ocr_line' id='line_1_19' title="bbox 88 1200 660 1242; baseline 0.007 -12"><span class='ocrx_word' id='word_1_123' title='bbox 88 1200 178 1231; x_wconf 85' lang='lat' dir='ltr'>deam</span> <span class='ocrx_word' id='word_1_124' title='bbox 203 1209 356 1242; x_wconf 81' lang='lat' dir='ltr'>argueret.</span> <span class='ocrx_word' id='word_1_125' title='bbox 386 1203 538 1234; x_wconf 77' lang='lat' dir='ltr'>Similiter</span> <span class='ocrx_word' id='word_1_126' title='bbox 559 1214 607 1233; x_wconf 86' lang='lat' dir='ltr'>res</span> <span class='ocrx_word' id='word_1_127' title='bbox 628 1215 660 1234; x_wconf 88' lang='lat' dir='ltr'>se</span> 
     </span>
     <span class='ocr_line' id='line_1_20' title="bbox 87 1247 659 1290; baseline 0.003 -13"><span class='ocrx_word' id='word_1_128' title='bbox 87 1247 183 1277; x_wconf 79' lang='lat' dir='ltr'>habet</span> <span class='ocrx_word' id='word_1_129' title='bbox 199 1249 234 1277; x_wconf 87' lang='lat' dir='ltr'>in</span> <span class='ocrx_word' id='word_1_130' title='bbox 254 1248 345 1284; x_wconf 91' lang='lat' dir='ltr'>Ioco,</span> <span class='ocrx_word' id='word_1_131' title='bbox 362 1259 455 1289; x_wconf 90' lang='lat' dir='ltr'>quem</span> <span class='ocrx_word' id='word_1_132' title='bbox 478 1260 659 1290; x_wconf 86' lang='lat' dir='ltr'>comparare</span> 
     </span>
     <span class='ocr_line' id='line_1_21' title="bbox 86 1293 657 1332; baseline 0.005 -9"><span class='ocrx_word' id='word_1_133' title='bbox 86 1293 208 1331; x_wconf 86' lang='lat' dir='ltr'>solent,</span> <span class='ocrx_word' id='word_1_134' title='bbox 233 1293 323 1324; x_wconf 83' lang='lat' dir='ltr'>Iliad.</span> <span class='ocrx_word' id='word_1_135' title='bbox 347 1305 378 1332; x_wconf 84' lang='grc' dir='ltr'>ε,</span> <span class='ocrx_word' id='word_1_136' title='bbox 406 1296 483 1326; x_wconf 87' lang='lat'>815.</span> <span class='ocrx_word' id='word_1_137' title='bbox 504 1313 551 1318; x_wconf 94' lang='lat'><strong>—</strong></span> <span class='ocrx_word' id='word_1_138' title='bbox 579 1296 657 1331; x_wconf 82' lang='grc'><strong>634.</strong></span> 
     </span>
     <span class='ocr_line' id='line_1_22' title="bbox 86 1338 658 1377; baseline 0.003 -7"><span class='ocrx_word' id='word_1_139' title='bbox 86 1339 204 1377; x_wconf 70' lang='lat' dir='ltr'>Funis,</span> <span class='ocrx_word' id='word_1_140' title='bbox 222 1338 394 1377; x_wconf 62' lang='grc' dir='ltr'>λανθάνεις,</span> <span class='ocrx_word' id='word_1_141' title='bbox 413 1341 509 1371; x_wconf 84' lang='lat' dir='ltr'>latere</span> <span class='ocrx_word' id='word_1_142' title='bbox 530 1342 588 1372; x_wconf 72' lang='lat' dir='ltr'>vis.</span> <span class='ocrx_word' id='word_1_143' title='bbox 611 1359 658 1365; x_wconf 90' lang='lat'>—-</span> 
     </span>
     <span class='ocr_line' id='line_1_23' title="bbox 88 1386 657 1429; baseline 0.005 -14"><span class='ocrx_word' id='word_1_144' title='bbox 88 1386 167 1424; x_wconf 79' lang='lat'><strong>637.</strong></span> <span class='ocrx_word' id='word_1_145' title='bbox 191 1387 277 1416; x_wconf 73' lang='lat' dir='ltr'>Nam</span> <span class='ocrx_word' id='word_1_146' title='bbox 296 1387 376 1428; x_wconf 81' lang='lat' dir='ltr'>qnid</span> <span class='ocrx_word' id='word_1_147' title='bbox 394 1397 453 1429; x_wconf 79' lang='lat' dir='ltr'>ego</span> <span class='ocrx_word' id='word_1_148' title='bbox 465 1391 482 1417; x_wconf 76' lang='lat'>,³</span> <span class='ocrx_word' id='word_1_149' title='bbox 499 1388 657 1420; x_wconf 81' lang='lat' dir='ltr'>Montalb.</span> 
     </span>
     <span class='ocr_line' id='line_1_24' title="bbox 85 1433 660 1474; baseline 0.003 -13"><span class='ocrx_word' id='word_1_150' title='bbox 85 1441 136 1471; x_wconf 78' lang='lat' dir='ltr'>pr.</span> <span class='ocrx_word' id='word_1_151' title='bbox 156 1433 273 1463; x_wconf 80' lang='lat' dir='ltr'>Hamh.</span> <span class='ocrx_word' id='word_1_152' title='bbox 297 1443 314 1462; x_wconf 84' lang='lat' dir='ltr'>a</span> <span class='ocrx_word' id='word_1_153' title='bbox 336 1443 420 1463; x_wconf 88' lang='lat' dir='ltr'>man.</span> <span class='ocrx_word' id='word_1_154' title='bbox 444 1443 527 1470; x_wconf 88' lang='lat' dir='ltr'>sec.,</span> <span class='ocrx_word' id='word_1_155' title='bbox 551 1435 660 1474; x_wconf 87' lang='lat' dir='ltr'>sicque</span> 
     </span>
     <span class='ocr_line' id='line_1_25' title="bbox 85 1477 660 1520; baseline 0.007 -14"><span class='ocrx_word' id='word_1_156' title='bbox 85 1477 134 1508; x_wconf 86' lang='lat' dir='ltr'>ed.</span> <span class='ocrx_word' id='word_1_157' title='bbox 155 1480 190 1508; x_wconf 92' lang='lat' dir='ltr'>P.</span> <span class='ocrx_word' id='word_1_158' title='bbox 216 1479 377 1516; x_wconf 74' lang='lat' dir='ltr'>Danielis;</span> <span class='ocrx_word' id='word_1_159' title='bbox 401 1486 432 1509; x_wconf 86' lang='lat' dir='ltr'>et</span> <span class='ocrx_word' id='word_1_160' title='bbox 453 1479 576 1520; x_wconf 80' lang='lat' dir='ltr'>placere</span> <span class='ocrx_word' id='word_1_161' title='bbox 601 1491 660 1520; x_wconf 86' lang='lat' dir='ltr'>po-</span> 
     </span>
     <span class='ocr_line' id='line_1_26' title="bbox 85 1525 662 1571; baseline 0.003 -17"><span class='ocrx_word' id='word_1_162' title='bbox 85 1528 155 1554; x_wconf 72' lang='lat' dir='ltr'>teet.</span> <span class='ocrx_word' id='word_1_163' title='bbox 177 1525 270 1556; x_wconf 82' lang='lat' dir='ltr'>Conf.</span> <span class='ocrx_word' id='word_1_164' title='bbox 294 1532 401 1556; x_wconf 79' lang='lat' dir='ltr'>tamen</span> <span class='ocrx_word' id='word_1_165' title='bbox 423 1528 474 1563; x_wconf 83' lang='lat' dir='ltr'>X,</span> <span class='ocrx_word' id='word_1_166' title='bbox 496 1526 575 1571; x_wconf 60' lang='grc'><strong>675,</strong></span> <span class='ocrx_word' id='word_1_167' title='bbox 593 1530 662 1557; x_wconf 80' lang='lat' dir='ltr'>Aut</span> 
     </span>
     <span class='ocr_line' id='line_1_27' title="bbox 85 1571 658 1612; baseline 0.01 -14"><span class='ocrx_word' id='word_1_168' title='bbox 85 1580 183 1609; x_wconf 81' lang='lat' dir='ltr'>quam</span> <span class='ocrx_word' id='word_1_169' title='bbox 200 1571 274 1612; x_wconf 82' lang='lat' dir='ltr'>jam</span> <span class='ocrx_word' id='word_1_170' title='bbox 299 1572 430 1603; x_wconf 87' lang='lat' dir='ltr'>Mentel.</span> <span class='ocrx_word' id='word_1_171' title='bbox 453 1581 469 1601; x_wconf 86' lang='lat' dir='ltr'>a</span> <span class='ocrx_word' id='word_1_172' title='bbox 487 1583 570 1603; x_wconf 88' lang='lat' dir='ltr'>man.</span> <span class='ocrx_word' id='word_1_173' title='bbox 596 1583 658 1604; x_wconf 88' lang='lat' dir='ltr'>sec.</span> 
     </span>
     <span class='ocr_line' id='line_1_28' title="bbox 87 1616 661 1659; baseline 0.01 -16"><span class='ocrx_word' id='word_1_174' title='bbox 87 1616 225 1654; x_wconf 82' lang='lat' dir='ltr'>Spondit</span> <span class='ocrx_word' id='word_1_175' title='bbox 240 1618 327 1648; x_wconf 89' lang='lat' dir='ltr'>Gud.</span> <span class='ocrx_word' id='word_1_176' title='bbox 343 1618 479 1658; x_wconf 82' lang='lat' dir='ltr'>spondet</span> <span class='ocrx_word' id='word_1_177' title='bbox 491 1618 564 1659; x_wconf 84' lang='lat' dir='ltr'>jam</span> <span class='ocrx_word' id='word_1_178' title='bbox 579 1620 661 1649; x_wconf 90' lang='lat' dir='ltr'>Dor-</span> 
     </span>
     <span class='ocr_line' id='line_1_29' title="bbox 86 1660 660 1704; baseline 0.01 -15"><span class='ocrx_word' id='word_1_179' title='bbox 86 1660 154 1691; x_wconf 80' lang='lat' dir='ltr'>vill.</span> <span class='ocrx_word' id='word_1_180' title='bbox 175 1668 207 1691; x_wconf 89' lang='lat' dir='ltr'>et</span> <span class='ocrx_word' id='word_1_181' title='bbox 227 1663 325 1694; x_wconf 74' lang='lat' dir='ltr'>Goth.</span> <span class='ocrx_word' id='word_1_182' title='bbox 351 1675 400 1704; x_wconf 85' lang='lat' dir='ltr'>pr.</span> <span class='ocrx_word' id='word_1_183' title='bbox 425 1666 525 1695; x_wconf 81' lang='lat' dir='ltr'>Totus</span> <span class='ocrx_word' id='word_1_184' title='bbox 549 1675 660 1695; x_wconf 75' lang='lat' dir='ltr'>versus</span> 
     </span>
     <span class='ocr_line' id='line_1_30' title="bbox 86 1705 319 1748; baseline 0.013 -13"><span class='ocrx_word' id='word_1_185' title='bbox 86 1705 193 1736; x_wconf 82' lang='lat' dir='ltr'>deerat</span> <span class='ocrx_word' id='word_1_186' title='bbox 208 1709 319 1748; x_wconf 81' lang='lat' dir='ltr'>Regio.</span> 
     </span>
    </p>

    <p class='ocr_par' dir='ltr' id='par_1_3' title="bbox 82 1753 659 2211">
     <span class='ocr_line' id='line_1_31' title="bbox 142 1753 659 1794; baseline 0.006 -11"><span class='ocrx_word' id='word_1_187' title='bbox 142 1753 220 1784; x_wconf 86' lang='lat'><strong>638.</strong></span> <span class='ocrx_word' id='word_1_188' title='bbox 252 1755 326 1785; x_wconf 85' lang='lat' dir='ltr'>Non</span> <span class='ocrx_word' id='word_1_189' title='bbox 360 1754 659 1794; x_wconf 84' lang='lat' dir='ltr'>reprehendendum</span> 
     </span>
     <span class='ocr_line' id='line_1_32' title="bbox 84 1800 659 1841; baseline 0.003 -12"><span class='ocrx_word' id='word_1_190' title='bbox 84 1806 151 1829; x_wconf 81' lang='lat' dir='ltr'>erat</span> <span class='ocrx_word' id='word_1_191' title='bbox 186 1811 202 1829; x_wconf 86' lang='lat' dir='ltr'>a</span> <span class='ocrx_word' id='word_1_192' title='bbox 233 1800 475 1836; x_wconf 74' lang='lat' dir='ltr'>Grammaticis,</span> <span class='ocrx_word' id='word_1_193' title='bbox 503 1801 538 1830; x_wconf 85' lang='lat' dir='ltr'>in</span> <span class='ocrx_word' id='word_1_194' title='bbox 565 1811 659 1841; x_wconf 87' lang='lat' dir='ltr'>supe-</span> 
     </span>
     <span class='ocr_line' id='line_1_33' title="bbox 83 1846 658 1887; baseline 0.002 -11"><span class='ocrx_word' id='word_1_195' title='bbox 83 1846 241 1885; x_wconf 78' lang='lat' dir='ltr'>rioribus,</span> <span class='ocrx_word' id='word_1_196' title='bbox 267 1847 412 1876; x_wconf 71' lang='lat' dir='ltr'>versibus</span> <span class='ocrx_word' id='word_1_197' title='bbox 432 1847 497 1886; x_wconf 81' lang='lat'>5²9</span> <span class='ocrx_word' id='word_1_198' title='bbox 522 1853 553 1876; x_wconf 84' lang='lat' dir='ltr'>et</span> <span class='ocrx_word' id='word_1_199' title='bbox 570 1856 658 1887; x_wconf 79' lang='lat' dir='ltr'>seqq.</span> 
     </span>
     <span class='ocr_line' id='line_1_34' title="bbox 83 1892 658 1923; baseline 0 -1"><span class='ocrx_word' id='word_1_200' title='bbox 83 1892 232 1923; x_wconf 88' lang='lat' dir='ltr'>Murrani</span> <span class='ocrx_word' id='word_1_201' title='bbox 253 1893 339 1923; x_wconf 81' lang='lat' dir='ltr'>caede</span> <span class='ocrx_word' id='word_1_202' title='bbox 363 1900 487 1922; x_wconf 82' lang='lat' dir='ltr'>narrata</span> <span class='ocrx_word' id='word_1_203' title='bbox 513 1903 580 1922; x_wconf 89' lang='lat' dir='ltr'>non</span> <span class='ocrx_word' id='word_1_204' title='bbox 603 1893 658 1922; x_wconf 87' lang='lat' dir='ltr'>ad-</span> 
     </span>
     <span class='ocr_line' id='line_1_35' title="bbox 82 1937 658 1980; baseline 0.002 -13"><span class='ocrx_word' id='word_1_205' title='bbox 82 1937 203 1976; x_wconf 78' lang='lat' dir='ltr'>jectum</span> <span class='ocrx_word' id='word_1_206' title='bbox 236 1951 301 1970; x_wconf 88' lang='lat' dir='ltr'>esse</span> <span class='ocrx_word' id='word_1_207' title='bbox 327 1939 410 1976; x_wconf 84' lang='lat' dir='ltr'>hoc,</span> <span class='ocrx_word' id='word_1_208' title='bbox 439 1939 529 1980; x_wconf 89' lang='lat' dir='ltr'>quod</span> <span class='ocrx_word' id='word_1_209' title='bbox 555 1941 658 1969; x_wconf 86' lang='lat' dir='ltr'>Turni</span> 
     </span>
     <span class='ocr_line' id='line_1_36' title="bbox 85 1986 657 2027; baseline 0.002 -13"><span class='ocrx_word' id='word_1_210' title='bbox 85 1990 157 2014; x_wconf 82' lang='lat' dir='ltr'>ame</span> <span class='ocrx_word' id='word_1_211' title='bbox 178 1986 289 2017; x_wconf 86' lang='lat' dir='ltr'>oculos</span> <span class='ocrx_word' id='word_1_212' title='bbox 311 1987 442 2027; x_wconf 84' lang='lat' dir='ltr'>ejusque</span> <span class='ocrx_word' id='word_1_213' title='bbox 458 1986 587 2015; x_wconf 82' lang='lat' dir='ltr'>nomine</span> <span class='ocrx_word' id='word_1_214' title='bbox 608 1987 657 2015; x_wconf 87' lang='lat' dir='ltr'>in-</span> 
     </span>
     <span class='ocr_line' id='line_1_37' title="bbox 85 2033 657 2063; baseline 0.007 -6"><span class='ocrx_word' id='word_1_215' title='bbox 85 2038 198 2062; x_wconf 79' lang='lat' dir='ltr'>vocato</span> <span class='ocrx_word' id='word_1_216' title='bbox 221 2043 256 2062; x_wconf 89' lang='lat' dir='ltr'>ea</span> <span class='ocrx_word' id='word_1_217' title='bbox 275 2033 356 2063; x_wconf 86' lang='lat' dir='ltr'>facta</span> <span class='ocrx_word' id='word_1_218' title='bbox 384 2040 439 2063; x_wconf 89' lang='lat' dir='ltr'>est.</span> <span class='ocrx_word' id='word_1_219' title='bbox 462 2034 567 2062; x_wconf 88' lang='lat' dir='ltr'>Potest</span> <span class='ocrx_word' id='word_1_220' title='bbox 594 2033 657 2061; x_wconf 85' lang='lat' dir='ltr'>uti-</span> 
     </span>
     <span class='ocr_line' id='line_1_38' title="bbox 85 2076 658 2117; baseline -0.003 -8"><span class='ocrx_word' id='word_1_221' title='bbox 85 2085 149 2114; x_wconf 78' lang='lat' dir='ltr'>que</span> <span class='ocrx_word' id='word_1_222' title='bbox 163 2085 254 2117; x_wconf 79' lang='lat' dir='ltr'>poeta</span> <span class='ocrx_word' id='word_1_223' title='bbox 269 2089 357 2109; x_wconf 89' lang='lat' dir='ltr'>nunc</span> <span class='ocrx_word' id='word_1_224' title='bbox 369 2078 451 2109; x_wconf 92' lang='lat' dir='ltr'>illud</span> <span class='ocrx_word' id='word_1_225' title='bbox 463 2079 581 2109; x_wconf 82' lang='lat' dir='ltr'>factum</span> <span class='ocrx_word' id='word_1_226' title='bbox 597 2076 658 2108; x_wconf 87' lang='lat' dir='ltr'>fin-</span> 
     </span>
     <span class='ocr_line' id='line_1_39' title="bbox 85 2124 657 2166; baseline 0.01 -17"><span class='ocrx_word' id='word_1_227' title='bbox 85 2130 177 2160; x_wconf 83' lang='lat' dir='ltr'>gere,</span> <span class='ocrx_word' id='word_1_228' title='bbox 201 2131 232 2154; x_wconf 84' lang='lat' dir='ltr'>et</span> <span class='ocrx_word' id='word_1_229' title='bbox 255 2125 438 2166; x_wconf 83' lang='lat' dir='ltr'>phantasma</span> <span class='ocrx_word' id='word_1_230' title='bbox 461 2131 508 2155; x_wconf 84' lang='lat' dir='ltr'>est</span> <span class='ocrx_word' id='word_1_231' title='bbox 530 2124 657 2166; x_wconf 83' lang='lat' dir='ltr'>praecla-</span> 
     </span>
     <span class='ocr_line' id='line_1_40' title="bbox 85 2171 656 2211; baseline 0.002 -10"><span class='ocrx_word' id='word_1_232' title='bbox 85 2176 157 2197; x_wconf 78' lang='lat' dir='ltr'>rum</span> <span class='ocrx_word' id='word_1_233' title='bbox 168 2191 177 2207; x_wconf 91' lang='lat'>,</span> <span class='ocrx_word' id='word_1_234' title='bbox 196 2171 286 2211; x_wconf 84' lang='lat' dir='ltr'>quod</span> <span class='ocrx_word' id='word_1_235' title='bbox 299 2173 406 2203; x_wconf 87' lang='lat' dir='ltr'>animo</span> <span class='ocrx_word' id='word_1_236' title='bbox 421 2173 526 2204; x_wconf 88' lang='lat' dir='ltr'>Turni</span> <span class='ocrx_word' id='word_1_237' title='bbox 540 2171 656 2202; x_wconf 71' lang='lat' dir='ltr'>obver-</span> 
     </span>
    </p>
   </div>
   <div class='ocr_carea' id='block_1_3' title="bbox 710 1111 1288 2208">
    <p class='ocr_par' dir='ltr' id='par_1_4' title="bbox 710 1111 1288 2208">
     <span class='ocr_line' id='line_1_41' title="bbox 715 1111 1286 1151; baseline 0.002 -11"><span class='ocrx_word' id='word_1_238' title='bbox 715 1117 818 1141; x_wconf 85' lang='lat' dir='ltr'>satum</span> <span class='ocrx_word' id='word_1_239' title='bbox 837 1111 901 1141; x_wconf 84' lang='lat' dir='ltr'>dici</span> <span class='ocrx_word' id='word_1_240' title='bbox 917 1117 1052 1151; x_wconf 82' lang='lat' dir='ltr'>poterat.</span> <span class='ocrx_word' id='word_1_241' title='bbox 1069 1111 1119 1140; x_wconf 90' lang='lat' dir='ltr'>Sic</span> <span class='ocrx_word' id='word_1_242' title='bbox 1136 1120 1208 1151; x_wconf 84' lang='lat' dir='ltr'>sup.</span> <span class='ocrx_word' id='word_1_243' title='bbox 1229 1112 1286 1149; x_wconf 75' lang='lat' dir='ltr'>lv,</span> 
     </span>
     <span class='ocr_line' id='line_1_42' title="bbox 716 1157 1287 1198; baseline 0 -11"><span class='ocrx_word' id='word_1_244' title='bbox 716 1158 802 1194; x_wconf 79' lang='lat'>460,</span> <span class='ocrx_word' id='word_1_245' title='bbox 831 1158 895 1193; x_wconf 81' lang='lat'>461</span> <span class='ocrx_word' id='word_1_246' title='bbox 923 1157 962 1187; x_wconf 92' lang='lat' dir='ltr'>de</span> <span class='ocrx_word' id='word_1_247' title='bbox 985 1157 1128 1194; x_wconf 80' lang='lat' dir='ltr'>Didone3</span> <span class='ocrx_word' id='word_1_248' title='bbox 1154 1164 1185 1187; x_wconf 86' lang='lat' dir='ltr'>et</span> <span class='ocrx_word' id='word_1_249' title='bbox 1206 1168 1287 1198; x_wconf 81' lang='lat' dir='ltr'>saepe</span> 
     </span>
     <span class='ocr_line' id='line_1_43' title="bbox 713 1204 1288 1244; baseline 0 -11"><span class='ocrx_word' id='word_1_250' title='bbox 713 1204 767 1234; x_wconf 88' lang='lat' dir='ltr'>alii</span> <span class='ocrx_word' id='word_1_251' title='bbox 782 1211 895 1244; x_wconf 75' lang='lat' dir='ltr'>poetae.</span> <span class='ocrx_word' id='word_1_252' title='bbox 909 1205 1061 1234; x_wconf 83' lang='lat' dir='ltr'>Ornatius</span> <span class='ocrx_word' id='word_1_253' title='bbox 1076 1210 1181 1233; x_wconf 79' lang='lat' dir='ltr'>autem</span> <span class='ocrx_word' id='word_1_254' title='bbox 1197 1211 1288 1233; x_wconf 72' lang='lat' dir='ltr'>extu-</span> 
     </span>
     <span class='ocr_line' id='line_1_44' title="bbox 712 1249 1286 1290; baseline -0.002 -11"><span class='ocrx_word' id='word_1_255' title='bbox 712 1250 749 1280; x_wconf 90' lang='lat' dir='ltr'>lit</span> <span class='ocrx_word' id='word_1_256' title='bbox 763 1252 870 1286; x_wconf 83' lang='lat' dir='ltr'>Maro,</span> <span class='ocrx_word' id='word_1_257' title='bbox 891 1249 978 1290; x_wconf 88' lang='lat' dir='ltr'>quod</span> <span class='ocrx_word' id='word_1_258' title='bbox 993 1250 1178 1289; x_wconf 83' lang='lat' dir='ltr'>simpliciter</span> <span class='ocrx_word' id='word_1_259' title='bbox 1196 1249 1286 1279; x_wconf 81' lang='lat' dir='ltr'>Iliad.</span> 
     </span>
     <span class='ocr_line' id='line_1_45' title="bbox 715 1293 1284 1337; baseline -0.004 -11"><span class='ocrx_word' id='word_1_260' title='bbox 715 1306 727 1325; x_wconf 90' lang='grc' dir='ltr'>ε</span> <span class='ocrx_word' id='word_1_261' title='bbox 739 1318 747 1332; x_wconf 84' lang='grc'><strong>,</strong></span> <span class='ocrx_word' id='word_1_262' title='bbox 770 1297 832 1333; x_wconf 82' lang='grc'>467</span> <span class='ocrx_word' id='word_1_263' title='bbox 856 1295 957 1325; x_wconf 73' lang='grc' dir='ltr'>κεῖται</span> <span class='ocrx_word' id='word_1_264' title='bbox 974 1293 1048 1337; x_wconf 65' lang='grc' dir='ltr'>ἀνὴρ</span> <span class='ocrx_word' id='word_1_265' title='bbox 1070 1302 1129 1325; x_wconf 88' lang='lat' dir='ltr'>etc.</span> <span class='ocrx_word' id='word_1_266' title='bbox 1143 1311 1189 1317; x_wconf 88' lang='lat'>—-</span> <span class='ocrx_word' id='word_1_267' title='bbox 1205 1296 1284 1330; x_wconf 73' lang='lat'>641.</span> 
     </span>
     <span class='ocr_line' id='line_1_46' title="bbox 717 1341 1285 1382; baseline 0 -11"><span class='ocrx_word' id='word_1_268' title='bbox 717 1341 830 1382; x_wconf 66' lang='lat' dir='ltr'>Ufens,</span> <span class='ocrx_word' id='word_1_269' title='bbox 857 1352 887 1371; x_wconf 68' lang='lat' dir='ltr'>v.</span> <span class='ocrx_word' id='word_1_270' title='bbox 913 1351 983 1381; x_wconf 90' lang='lat' dir='ltr'>sup.</span> <span class='ocrx_word' id='word_1_271' title='bbox 1012 1341 1089 1376; x_wconf 85' lang='grc'><strong>460.</strong></span> <span class='ocrx_word' id='word_1_272' title='bbox 1106 1342 1154 1370; x_wconf 85' lang='lat' dir='ltr'>De</span> <span class='ocrx_word' id='word_1_273' title='bbox 1172 1351 1209 1370; x_wconf 88' lang='lat' dir='ltr'>eo</span> <span class='ocrx_word' id='word_1_274' title='bbox 1222 1341 1285 1371; x_wconf 78' lang='lat' dir='ltr'>lib.</span> 
     </span>
     <span class='ocr_line' id='line_1_47' title="bbox 714 1387 1287 1427; baseline -0.003 -10"><span class='ocrx_word' id='word_1_275' title='bbox 714 1389 796 1425; x_wconf 74' lang='lat' dir='ltr'>VII,</span> <span class='ocrx_word' id='word_1_276' title='bbox 813 1393 886 1426; x_wconf 75' lang='grc'><strong>-744</strong></span> <span class='ocrx_word' id='word_1_277' title='bbox 912 1397 998 1427; x_wconf 85' lang='lat' dir='ltr'>seqq.</span> <span class='ocrx_word' id='word_1_278' title='bbox 1017 1404 1064 1409; x_wconf 91' lang='lat'>—-</span> <span class='ocrx_word' id='word_1_279' title='bbox 1087 1387 1165 1422; x_wconf 88' lang='grc'><strong>646.</strong></span> <span class='ocrx_word' id='word_1_280' title='bbox 1183 1388 1287 1427; x_wconf 78' lang='lat' dir='ltr'>Usque</span> 
     </span>
     <span class='ocr_line' id='line_1_48' title="bbox 713 1433 1288 1464; baseline 0 -2"><span class='ocrx_word' id='word_1_281' title='bbox 713 1433 839 1464; x_wconf 78' lang='lat' dir='ltr'>adeone</span> <span class='ocrx_word' id='word_1_282' title='bbox 857 1433 948 1463; x_wconf 84' lang='lat' dir='ltr'>mori.</span> <span class='ocrx_word' id='word_1_283' title='bbox 963 1433 1099 1464; x_wconf 70' lang='lat' dir='ltr'>Neronis</span> <span class='ocrx_word' id='word_1_284' title='bbox 1115 1443 1195 1462; x_wconf 81' lang='lat' dir='ltr'>voce</span> <span class='ocrx_word' id='word_1_285' title='bbox 1209 1433 1288 1463; x_wconf 81' lang='lat' dir='ltr'>cele-</span> 
     </span>
     <span class='ocr_line' id='line_1_49' title="bbox 713 1479 1285 1519; baseline 0 -10"><span class='ocrx_word' id='word_1_286' title='bbox 713 1479 843 1510; x_wconf 83' lang='lat' dir='ltr'>bratum</span> <span class='ocrx_word' id='word_1_287' title='bbox 871 1479 1108 1510; x_wconf 81' lang='lat' dir='ltr'>hemistichium</span> <span class='ocrx_word' id='word_1_288' title='bbox 1134 1489 1183 1519; x_wconf 84' lang='lat' dir='ltr'>ap.</span> <span class='ocrx_word' id='word_1_289' title='bbox 1209 1481 1285 1510; x_wconf 88' lang='lat' dir='ltr'>Sue-</span> 
     </span>
     <span class='ocr_line' id='line_1_50' title="bbox 715 1524 1286 1564; baseline -0.002 -9"><span class='ocrx_word' id='word_1_290' title='bbox 715 1532 782 1557; x_wconf 85' lang='lat' dir='ltr'>ton.</span> <span class='ocrx_word' id='word_1_291' title='bbox 810 1528 885 1557; x_wconf 83' lang='lat' dir='ltr'>Ner.</span> <span class='ocrx_word' id='word_1_292' title='bbox 911 1532 966 1564; x_wconf 86' lang='grc'><strong>47.</strong></span> <span class='ocrx_word' id='word_1_293' title='bbox 992 1527 1108 1555; x_wconf 81' lang='lat' dir='ltr'>Manes</span> <span class='ocrx_word' id='word_1_294' title='bbox 1131 1524 1184 1554; x_wconf 84' lang='lat' dir='ltr'>hic</span> <span class='ocrx_word' id='word_1_295' title='bbox 1211 1532 1286 1554; x_wconf 88' lang='lat' dir='ltr'>sunt</span> 
     </span>
     <span class='ocr_line' id='line_1_51' title="bbox 714 1571 1286 1612; baseline -0.003 -11"><span class='ocrx_word' id='word_1_296' title='bbox 714 1571 758 1601; x_wconf 89' lang='lat' dir='ltr'>dii</span> <span class='ocrx_word' id='word_1_297' title='bbox 775 1573 888 1609; x_wconf 85' lang='lat' dir='ltr'>inferi,</span> <span class='ocrx_word' id='word_1_298' title='bbox 913 1579 949 1601; x_wconf 86' lang='lat' dir='ltr'>nt</span> <span class='ocrx_word' id='word_1_299' title='bbox 971 1571 1047 1600; x_wconf 83' lang='lat' dir='ltr'>alibi</span> <span class='ocrx_word' id='word_1_300' title='bbox 1069 1581 1216 1612; x_wconf 82' lang='lat' dir='ltr'>quoque3</span> <span class='ocrx_word' id='word_1_301' title='bbox 1235 1571 1286 1600; x_wconf 80' lang='lat' dir='ltr'>bo-</span> 
     </span>
     <span class='ocr_line' id='line_1_52' title="bbox 714 1617 1286 1659; baseline -0.002 -12"><span class='ocrx_word' id='word_1_302' title='bbox 714 1617 766 1654; x_wconf 82' lang='lat' dir='ltr'>ni,</span> <span class='ocrx_word' id='word_1_303' title='bbox 785 1619 930 1659; x_wconf 82' lang='lat' dir='ltr'>propitii,</span> <span class='ocrx_word' id='word_1_304' title='bbox 950 1624 987 1647; x_wconf 90' lang='lat' dir='ltr'>ut</span> <span class='ocrx_word' id='word_1_305' title='bbox 1002 1617 1069 1648; x_wconf 86' lang='lat' dir='ltr'>Ecl.</span> <span class='ocrx_word' id='word_1_306' title='bbox 1083 1619 1125 1654; x_wconf 79' lang='lat' dir='ltr'>V,</span> <span class='ocrx_word' id='word_1_307' title='bbox 1140 1617 1194 1647; x_wconf 85' lang='lat'>65.</span> <span class='ocrx_word' id='word_1_308' title='bbox 1210 1619 1286 1648; x_wconf 86' lang='lat' dir='ltr'>Sen-</span> 
     </span>
     <span class='ocr_line' id='line_1_53' title="bbox 714 1663 1285 1702; baseline -0.004 -8"><span class='ocrx_word' id='word_1_309' title='bbox 714 1665 812 1694; x_wconf 77' lang='lat' dir='ltr'>tentia</span> <span class='ocrx_word' id='word_1_310' title='bbox 829 1675 938 1694; x_wconf 75' lang='lat' dir='ltr'>versus</span> <span class='ocrx_word' id='word_1_311' title='bbox 955 1664 1022 1700; x_wconf 92' lang='grc'>646</span> <span class='ocrx_word' id='word_1_312' title='bbox 1033 1687 1041 1702; x_wconf 90' lang='grc'><em>,</em></span> <span class='ocrx_word' id='word_1_313' title='bbox 1059 1664 1139 1701; x_wconf 81' lang='grc'><strong>647,</strong></span> <span class='ocrx_word' id='word_1_314' title='bbox 1157 1663 1221 1693; x_wconf 81' lang='lat' dir='ltr'>fere</span> <span class='ocrx_word' id='word_1_315' title='bbox 1237 1673 1285 1693; x_wconf 86' lang='lat' dir='ltr'>ea-</span> 
     </span>
     <span class='ocr_line' id='line_1_54' title="bbox 713 1709 1286 1750; baseline -0.005 -10"><span class='ocrx_word' id='word_1_316' title='bbox 713 1709 785 1740; x_wconf 86' lang='lat' dir='ltr'>dem</span> <span class='ocrx_word' id='word_1_317' title='bbox 798 1721 870 1750; x_wconf 87' lang='lat' dir='ltr'>quae</span> <span class='ocrx_word' id='word_1_318' title='bbox 885 1721 955 1750; x_wconf 89' lang='lat' dir='ltr'>sup.</span> <span class='ocrx_word' id='word_1_319' title='bbox 966 1712 1034 1746; x_wconf 80' lang='lat' dir='ltr'>xl,</span> <span class='ocrx_word' id='word_1_320' title='bbox 1051 1710 1090 1739; x_wconf 81' lang='lat'>51</span> <span class='ocrx_word' id='word_1_321' title='bbox 1105 1732 1114 1746; x_wconf 89' lang='lat'>‚</span> <span class='ocrx_word' id='word_1_322' title='bbox 1132 1710 1172 1738; x_wconf 84' lang='lat'>52</span> <span class='ocrx_word' id='word_1_323' title='bbox 1185 1731 1193 1745; x_wconf 93' lang='lat'>,</span> <span class='ocrx_word' id='word_1_324' title='bbox 1209 1719 1286 1747; x_wconf 87' lang='lat' dir='ltr'>quo·</span> 
     </span>
     <span class='ocr_line' id='line_1_55' title="bbox 712 1754 1285 1795; baseline -0.005 -10"><span class='ocrx_word' id='word_1_325' title='bbox 712 1757 797 1785; x_wconf 85' lang='lat' dir='ltr'>niam</span> <span class='ocrx_word' id='word_1_326' title='bbox 818 1756 951 1785; x_wconf 84' lang='lat' dir='ltr'>deorum</span> <span class='ocrx_word' id='word_1_327' title='bbox 969 1765 1160 1795; x_wconf 87' lang='lat' dir='ltr'>superorum</span> <span class='ocrx_word' id='word_1_328' title='bbox 1173 1754 1285 1783; x_wconf 60' lang='lat' dir='ltr'>volun-</span> 
     </span>
     <span class='ocr_line' id='line_1_56' title="bbox 712 1806 1283 1837; baseline -0.004 -7"><span class='ocrx_word' id='word_1_329' title='bbox 712 1808 758 1830; x_wconf 83' lang='lat' dir='ltr'>tas</span> <span class='ocrx_word' id='word_1_330' title='bbox 769 1823 777 1837; x_wconf 98' lang='lat'>,</span> <span class='ocrx_word' id='word_1_331' title='bbox 792 1812 910 1831; x_wconf 85' lang='lat' dir='ltr'>numen</span> <span class='ocrx_word' id='word_1_332' title='bbox 921 1822 929 1836; x_wconf 93' lang='lat'>‚</span> <span class='ocrx_word' id='word_1_333' title='bbox 945 1810 1089 1830; x_wconf 81' lang='lat' dir='ltr'>aversum</span> <span class='ocrx_word' id='word_1_334' title='bbox 1106 1806 1151 1829; x_wconf 83' lang='lat' dir='ltr'>est</span> <span class='ocrx_word' id='word_1_335' title='bbox 1165 1808 1252 1836; x_wconf 76' lang='lat' dir='ltr'>:vo5‚</span> <span class='ocrx_word' id='word_1_336' title='bbox 1263 1811 1283 1829; x_wconf 84' lang='lat'>0</span> 
     </span>
     <span class='ocr_line' id='line_1_57' title="bbox 712 1845 1282 1885; baseline -0.002 -10"><span class='ocrx_word' id='word_1_337' title='bbox 712 1846 755 1875; x_wconf 85' lang='lat' dir='ltr'>dii</span> <span class='ocrx_word' id='word_1_338' title='bbox 770 1846 864 1875; x_wconf 88' lang='lat' dir='ltr'>inferi</span> <span class='ocrx_word' id='word_1_339' title='bbox 875 1868 884 1883; x_wconf 88' lang='lat'>,</span> <span class='ocrx_word' id='word_1_340' title='bbox 903 1847 970 1875; x_wconf 87' lang='lat' dir='ltr'>sitis</span> <span class='ocrx_word' id='word_1_341' title='bbox 984 1846 1062 1875; x_wconf 87' lang='lat' dir='ltr'>mihi</span> <span class='ocrx_word' id='word_1_342' title='bbox 1079 1845 1219 1885; x_wconf 85' lang='lat' dir='ltr'>propitii.</span> <span class='ocrx_word' id='word_1_343' title='bbox 1237 1862 1282 1868; x_wconf 93' lang='lat'>—</span> 
     </span>
     <span class='ocr_line' id='line_1_58' title="bbox 713 1891 1282 1931; baseline -0.004 -9"><span class='ocrx_word' id='word_1_344' title='bbox 713 1892 791 1931; x_wconf 77' lang='grc'><strong>647.</strong></span> <span class='ocrx_word' id='word_1_345' title='bbox 802 1892 946 1922; x_wconf 79' lang='lat' dir='ltr'>Adversa</span> <span class='ocrx_word' id='word_1_346' title='bbox 963 1891 1082 1921; x_wconf 85' lang='lat' dir='ltr'>Medic.</span> <span class='ocrx_word' id='word_1_347' title='bbox 1098 1891 1185 1921; x_wconf 87' lang='lat' dir='ltr'>Gud.</span> <span class='ocrx_word' id='word_1_348' title='bbox 1200 1892 1282 1921; x_wconf 85' lang='lat' dir='ltr'>mul-</span> 
     </span>
     <span class='ocr_line' id='line_1_59' title="bbox 712 1936 1282 1978; baseline -0.002 -10"><span class='ocrx_word' id='word_1_349' title='bbox 712 1939 799 1978; x_wconf 87' lang='lat' dir='ltr'>tique</span> <span class='ocrx_word' id='word_1_350' title='bbox 809 1938 861 1967; x_wconf 90' lang='lat' dir='ltr'>alii</span> <span class='ocrx_word' id='word_1_351' title='bbox 872 1936 957 1977; x_wconf 83' lang='lat' dir='ltr'>apud</span> <span class='ocrx_word' id='word_1_352' title='bbox 966 1938 1075 1967; x_wconf 83' lang='lat' dir='ltr'>Burm.</span> <span class='ocrx_word' id='word_1_353' title='bbox 1092 1947 1165 1966; x_wconf 90' lang='lat' dir='ltr'>cum</span> <span class='ocrx_word' id='word_1_354' title='bbox 1179 1937 1282 1967; x_wconf 83' lang='lat' dir='ltr'>tribus</span> 
     </span>
     <span class='ocr_line' id='line_1_60' title="bbox 712 1982 1281 2024; baseline -0.002 -9"><span class='ocrx_word' id='word_1_355' title='bbox 712 1984 810 2015; x_wconf 83' lang='lat' dir='ltr'>Goth.</span> <span class='ocrx_word' id='word_1_356' title='bbox 828 1991 858 2014; x_wconf 90' lang='lat' dir='ltr'>et</span> <span class='ocrx_word' id='word_1_357' title='bbox 881 1983 930 2014; x_wconf 90' lang='lat' dir='ltr'>ed.</span> <span class='ocrx_word' id='word_1_358' title='bbox 945 1994 995 2024; x_wconf 88' lang='lat' dir='ltr'>pr.</span> <span class='ocrx_word' id='word_1_359' title='bbox 1010 1991 1040 2013; x_wconf 86' lang='lat' dir='ltr'>et</span> <span class='ocrx_word' id='word_1_360' title='bbox 1053 1982 1200 2021; x_wconf 67' lang='lat' dir='ltr'>Mediol„</span> <span class='ocrx_word' id='word_1_361' title='bbox 1213 1994 1281 2024; x_wconf 86' lang='lat' dir='ltr'>per-</span> 
     </span>
     <span class='ocr_line' id='line_1_61' title="bbox 711 2030 1280 2071; baseline 0.002 -11"><span class='ocrx_word' id='word_1_362' title='bbox 711 2041 830 2071; x_wconf 87' lang='lat' dir='ltr'>peram.</span> <span class='ocrx_word' id='word_1_363' title='bbox 847 2033 968 2060; x_wconf 78' lang='lat' dir='ltr'>Aversa</span> <span class='ocrx_word' id='word_1_364' title='bbox 990 2037 1075 2060; x_wconf 84' lang='lat' dir='ltr'>recte</span> <span class='ocrx_word' id='word_1_365' title='bbox 1089 2031 1155 2069; x_wconf 81' lang='lat' dir='ltr'>jam</span> <span class='ocrx_word' id='word_1_366' title='bbox 1175 2031 1210 2060; x_wconf 89' lang='lat' dir='ltr'>in</span> <span class='ocrx_word' id='word_1_367' title='bbox 1230 2030 1280 2061; x_wconf 90' lang='lat' dir='ltr'>ed.</span> 
     </span>
     <span class='ocr_line' id='line_1_62' title="bbox 711 2075 1281 2117; baseline 0.002 -11"><span class='ocrx_word' id='word_1_368' title='bbox 711 2078 852 2107; x_wconf 79' lang='lat' dir='ltr'>Venetis.</span> <span class='ocrx_word' id='word_1_369' title='bbox 870 2078 984 2107; x_wconf 84' lang='lat' dir='ltr'>Sensus</span> <span class='ocrx_word' id='word_1_370' title='bbox 1001 2086 1009 2108; x_wconf 72' lang='grc' dir='ltr'><strong><em>ι</em></strong></span> <span class='ocrx_word' id='word_1_371' title='bbox 1030 2077 1181 2117; x_wconf 83' lang='lat' dir='ltr'>quoniam</span> <span class='ocrx_word' id='word_1_372' title='bbox 1208 2075 1281 2107; x_wconf 90' lang='lat' dir='ltr'>deo-</span> 
     </span>
     <span class='ocr_line' id='line_1_63' title="bbox 710 2122 1279 2164; baseline -0.002 -11"><span class='ocrx_word' id='word_1_373' title='bbox 710 2134 783 2153; x_wconf 88' lang='lat' dir='ltr'>rum</span> <span class='ocrx_word' id='word_1_374' title='bbox 805 2133 994 2164; x_wconf 85' lang='lat' dir='ltr'>superorum</span> <span class='ocrx_word' id='word_1_375' title='bbox 1025 2122 1190 2160; x_wconf 77' lang='lat' dir='ltr'>voluntas,</span> <span class='ocrx_word' id='word_1_376' title='bbox 1218 2133 1279 2152; x_wconf 90' lang='lat' dir='ltr'>nu-</span> 
     </span>
     <span class='ocr_line' id='line_1_64' title="bbox 710 2168 1282 2208; baseline -0.002 -8"><span class='ocrx_word' id='word_1_377' title='bbox 710 2180 785 2200; x_wconf 89' lang='lat' dir='ltr'>men</span> <span class='ocrx_word' id='word_1_378' title='bbox 803 2179 946 2201; x_wconf 77' lang='lat' dir='ltr'>aversum</span> <span class='ocrx_word' id='word_1_379' title='bbox 963 2176 1018 2206; x_wconf 87' lang='lat' dir='ltr'>est,</span> <span class='ocrx_word' id='word_1_380' title='bbox 1032 2180 1102 2208; x_wconf 90' lang='lat' dir='ltr'>vos,</span> <span class='ocrx_word' id='word_1_381' title='bbox 1113 2179 1132 2200; x_wconf 93' lang='grc' dir='ltr'>ο</span> <span class='ocrx_word' id='word_1_382' title='bbox 1146 2168 1190 2200; x_wconf 86' lang='lat' dir='ltr'>dii</span> <span class='ocrx_word' id='word_1_383' title='bbox 1205 2169 1282 2200; x_wconf 86' lang='lat' dir='ltr'>infe—</span> 
     </span>
    </p>
   </div>
  </div>
 </body>
</html>
