1414 2435
109 45 130 77 4
607 31 800 66 'AENEmos

161 99 320 144 Jamque
338 90 459 130 omnis
477 90 618 141 campis
641 90 828 128 exercitus
846 88 928 127 ibat
946 90 1102 140 apertis,
1262 99 1294 123 ιε

108 156 224 194 Dives
244 166 400 204 equum,
419 152 523 189 dives
542 150 658 201 pictai
675 150 807 196 vestis,
827 158 864 187 et
883 150 978 186 auri.

107 216 304 263 Messapus
321 212 460 262 primas
476 210 591 255 acies,
608 217 798 259 postrema
815 217 990 246 coercent

110 273 311 323 Tyrrhidae
326 272 484 322 juvenes
501 285 509 307 ε
524 269 649 307 medio
670 269 747 306 dux
767 268 913 318 agmine
931 271 1082 305 Turnus

112 332 332 377 *Vertitur‚
354 342 458 366 arma
476 337 625 374 tenens,
639 337 676 365 et
696 336 776 365 toto
795 327 936 364 vertice
952 339 1068 376 supra
1084 327 1169 364 est*

111 392 191 429 Ceu
209 397 352 438 septem
369 400 525 436 surgens
543 387 681 424 sedatis
700 385 873 423 amnibus
892 386 988 423 altus
1271 393 1302 417 30

161 527 203 557 25
213 543 260 550 —
271 527 325 557 32.
349 523 499 556 Fundam
517 533 679 565 compara-

113 573 209 604 tionis
229 572 367 602 declarat
381 571 508 602 Servius
527 580 535 601 ε
557 570 680 599 exerci-

113 625 185 649 tum
207 619 310 658 primo
340 615 471 645 confuse
497 616 532 644 in
555 625 681 654 campos

111 665 228 700 ruisse,
243 668 316 703 post
334 661 489 702 digestum
506 661 541 689 in
556 660 682 690 ordines

113 708 155 739 ad
180 708 322 738 fluminis
347 716 468 736 morem
494 707 529 735 in
557 705 682 735 alveum

113 764 208 784 suum
234 753 361 783 reversi.
395 751 432 782 Id
457 762 534 782 vero
557 751 683 792 longius

112 800 249 841 petitum
273 808 280 828 ε
299 798 402 827 multo
425 798 530 827 minus
556 807 684 837 compa-

111 845 195 876 ratio
208 850 327 885 spectat
340 843 379 873 ad
392 845 548 873 Turnum.
560 844 683 883 Agmen

113 890 245 927 ordine,
264 889 352 919 lento
375 887 474 930 gradu
497 896 529 918 et
552 898 682 928 compo-

114 937 174 967 site
191 935 358 971 incedens,
366 933 518 976 fluminis
543 934 610 964 lato
634 934 684 963 al-

115 992 172 1011 veo
195 981 279 1011 incer
296 979 382 1020 ripas
396 978 534 1009 devoluti
549 980 685 1020 speciem

114 1036 182 1068 prae
205 1037 237 1056 se
263 1026 344 1056 ferre
367 1025 448 1055 hene
475 1025 539 1055 dici
570 1031 683 1065 potest.

116 1071 216 1112 Quod
245 1072 280 1101 in
310 1071 418 1112 Gange
445 1070 534 1100 alveo
561 1081 620 1100 suo
652 1081 684 1100 se

115 1118 300 1147 continente
310 1116 532 1153 declaraverat,
546 1126 622 1146 mox
636 1126 685 1145 va-

114 1164 177 1193 riat
201 1164 235 1193 iu
261 1163 352 1199 Nilo,
379 1163 462 1191 intra
489 1162 613 1191 alveum
635 1172 684 1191 re-

116 1215 221 1249 cepto.
232 1225 279 1231 —-
294 1208 347 1237 26.
363 1207 595 1242 Ρίσιαίνεςιῐς,
613 1208 684 1247 qui,

115 1261 155 1284 ut
170 1255 393 1289 Etruscorum,
415 1253 458 1282 ita
477 1252 610 1281 aliorum
624 1254 685 1281 Ita-

115 1300 224 1330 lorum
240 1309 307 1329 mos
323 1308 387 1328 esse
401 1297 529 1334 debuit,
543 1304 580 1327 ut
594 1298 687 1327 vesti-

114 1345 178 1375 bus
196 1345 359 1386 variegatis
382 1344 487 1374 colore
511 1349 542 1372 et
558 1350 683 1372 textura

116 1397 295 1420 uterentur.
311 1406 357 1412 —-
381 1390 436 1419 28.
456 1387 632 1427 ΊζγντΙιίᾱιε,
652 1399 682 1419 v.

116 1446 188 1476 sup.
205 1437 284 1471 vn,
301 1435 385 1471 484,
402 1435 527 1464 532.—
537 1444 590 1473 29·
605 1436 686 1463 Ver-

114 1490 170 1510 sus
184 1480 269 1510 haud
283 1480 380 1510 dubie
396 1490 436 1509 ex
450 1480 506 1509 lib.
522 1481 600 1514 VII,
620 1479 684 1516 784

116 1525 182 1555 huc
210 1525 387 1555 translatus.
420 1524 543 1555 Turbat
571 1524 624 1553 ille
655 1531 686 1553 et

115 1571 359 1612 comparationis
374 1580 507 1600 nervum
520 1568 642 1606 incidit,
657 1576 687 1599 et

115 1616 204 1647 deest
217 1617 378 1657 plerisque
395 1615 484 1645 libris
502 1615 561 1645 Ge.
579 1615 686 1645 Fabri-

115 1663 176 1699 cii,
190 1663 282 1692 Pierii
295 1661 412 1701 (quein
426 1659 490 1691 vid.
506 1661 545 1691 ad
561 1671 590 1690 v.
610 1661 646 1690 31
661 1661 684 1701 ),

114 1714 147 1738 et
173 1707 296 1737 Heinsii
321 1716 357 1735 ac
384 1707 578 1742 Burmanni;
605 1705 684 1736 adde

114 1753 208 1783 binos
228 1752 325 1783 Goth.
349 1762 424 1781 cum
450 1752 515 1782 Erf.
542 1751 684 1782 Omissus

115 1808 244 1838 quoque
267 1807 353 1827 nunc
368 1798 403 1826 in
421 1796 495 1828 edit.
514 1799 682 1828 Parmensi.

115 1845 220 1873 Arma
232 1853 348 1885 gerens
364 1842 467 1873 Schol.
491 1844 567 1873 stat.
592 1849 623 1872 et
639 1851 686 1873 ese

116 1888 203 1918 abest
219 1898 234 1916 a
260 1887 394 1917 norvill.
410 1905 455 1911 —-
480 1889 534 1918 30.
559 1889 683 1927 Septem

115 1943 247 1973 surgens
265 1933 410 1962 amnibus
427 1943 438 1961 .·
457 1933 498 1962 ad
512 1933 591 1963 ostia
605 1933 683 1963 solet

115 1980 241 2015 referri,
264 1985 299 2007 ut
324 1984 443 2018 septem
471 1979 549 2008 ostia
571 1978 683 2008 habeat

115 2025 256 2063 Ganges,
283 2023 336 2052 sed
363 2030 516 2064 repugnat
540 2030 682 2053 veterum

113 2067 193 2099 fides
215 2075 245 2097 et
270 2069 394 2107 opinio,
412 2079 474 2108 qua
491 2079 592 2099 unum
614 2076 681 2099 tan-

114 2120 183 2145 tum
212 2113 351 2144 fluminis
379 2123 413 2143 os
438 2124 503 2144 csse
528 2113 682 2145 creditum

733 529 797 560 est3
820 529 974 564 repugnat
992 532 1120 563 quoque
1146 534 1213 554 vox
1233 533 1300 553 sur-

730 579 822 610 gens,
856 570 912 600 Sin
941 568 981 598 ad
1015 569 1118 598 fontes
1153 579 1282 599 revoces
1293 591 1301 606 ‚

735 615 885 644 convenit
906 625 977 644 voc.
1000 624 1129 655 surgens
1146 614 1184 644 de
1200 621 1304 644 scatu-

735 661 835 699 rigine
859 661 987 700 proprie
1010 659 1075 689 dici
1096 660 1235 691 solitum.
1260 661 1304 690 At

735 705 804 734 talis
819 705 954 734 fontium
970 715 1122 735 numerus
1142 705 1218 735 alibi
1237 716 1304 735 nou

735 757 936 780 memoratur.
956 752 1118 790 Superest,
1135 757 1172 780 ut
1191 761 1304 780 amnes

734 796 798 826 sint
811 796 903 833 alvei,
915 796 1030 835 quibus
1045 797 1179 837 Ganges,
1188 807 1204 826 e
1217 806 1304 825 mon-

736 841 820 871 tibus
841 841 970 871 Emodis
984 852 1182 882 progressus,
1202 848 1232 872 et
1249 852 1304 882 per

734 886 898 927 planitiem
926 887 1071 917 locorum
1097 887 1219 917 delatus
1242 887 1303 916 fer-

737 938 789 961 tur
819 941 827 962 :
856 932 943 972 quod
970 941 1043 962 cum
1073 931 1137 962 fide
1161 940 1305 962 veterum

737 980 904 1015 convenit;
922 978 979 1007 etsi
997 977 1036 1008 de
1051 988 1185 1008 numero
1201 978 1304 1008 alveo-

737 1034 810 1052 rum
833 1023 921 1053 haud
957 1024 1132 1061 convenit,
1161 1034 1220 1053 nec
1245 1034 1305 1064 pro

738 1079 849 1098 cursus
883 1068 1083 1110 longitudine
1116 1076 1148 1099 et
1177 1071 1305 1099 sinuosa

737 1116 884 1144 varietate
897 1116 1067 1144 convenire
1081 1116 1195 1155 potuit.
1213 1117 1257 1145 At
1271 1116 1307 1145 in

737 1160 838 1200 planis
867 1160 946 1190 locis
973 1159 1071 1190 fertur
1094 1161 1158 1199 jam
1187 1161 1306 1191 sedatis

739 1205 903 1241 amnibus,
921 1205 1024 1235 sedate
1037 1216 1073 1235 ac
1088 1207 1195 1243 tacite3
1212 1207 1305 1236 etiam

739 1258 833 1281 aucto
848 1251 949 1281 solitis
966 1252 1042 1280 anui
1058 1252 1180 1282 vicibus
1193 1251 1282 1281 alveo
1298 1262 1306 1282 ;

739 1307 804 1336 quo
819 1297 934 1326 ducere
947 1296 1071 1326 videtur
1080 1307 1152 1327 voc.
1166 1307 1306 1338 surgens,

737 1342 915 1372 increscens
941 1352 1095 1382 aquarum
1123 1350 1220 1372 auctu
1236 1365 1245 1379 ,
1275 1350 1306 1373 et

739 1387 842 1417 eluvie
869 1388 952 1417 ultra
978 1389 1061 1427 ripas
1086 1387 1178 1418 facta.
1201 1390 1306 1418 Potest

738 1439 844 1462 tamen
857 1443 922 1462 esse
936 1433 1119 1472 simpliciter
1131 1443 1206 1472 pro,
1222 1434 1306 1463 ince-

738 1477 835 1515 dens;
859 1479 916 1507 etsi
936 1479 1100 1507 notionem
1123 1484 1233 1507 auctus
1252 1478 1305 1508 ad-

736 1524 878 1561 junctam
891 1533 956 1552 esse
970 1523 1101 1553 videam.
1114 1524 1214 1563 Igitur
1224 1523 1306 1554 Gan·

738 1579 790 1610 ges
814 1568 888 1598 iude
911 1569 950 1598 ab
977 1576 1052 1598 ortu
1074 1575 1193 1608 septem
1211 1568 1306 1599 alveis

737 1614 856 1644 incedit
869 1614 973 1644 sedate
987 1625 1022 1644 ac
1037 1615 1137 1644 tacite.
1148 1615 1232 1644 Bene
1241 1617 1307 1646 Ser-

737 1660 808 1689 vius
824 1670 832 1691 :
850 1660 980 1701 Ganges
1000 1677 1046 1683 --
1066 1660 1235 1690 secundum
1250 1661 1305 1690 Se-

738 1716 850 1735 necam
868 1706 900 1735 ιίι
919 1705 978 1735 situ
995 1705 1113 1741 Indice,
1132 1716 1241 1735 novem
1261 1706 1306 1736 al-

736 1751 903 1794 νεὼ-βαίη
925 1751 1096 1781 secundnm
1114 1751 1233 1786 illelom
1249 1751 1304 1792 (in

737 1807 802 1837 quo
826 1804 929 1827 tamen
953 1797 1041 1826 locus
1055 1795 1149 1826 hodie
1168 1806 1233 1826 non
1249 1807 1304 1827 ex—

736 1841 818 1881 stat)
842 1850 970 1882 septem.
998 1844 1132 1872 Potuere
1155 1851 1303 1882 quoque,

736 1897 836 1927 quum
869 1888 977 1927 plures
1002 1887 1108 1927 magui
1137 1896 1243 1917 amnes
1270 1888 1303 1917 in

738 1933 879 1972 Gangem
903 1932 1100 1967 deferantur,
1117 1931 1228 1968 iidem,
1248 1943 1303 1963 seu

735 1977 883 2007 nonnulli
901 1988 942 2007 ex
963 1978 1016 2013 iis,
1031 1987 1090 2017 pro
1105 1977 1200 2007 alveis
1216 1977 1302 2008 Gan-

735 2023 782 2063 gis
798 2022 907 2052 haberi
924 2031 932 2052 2
946 2022 1047 2052 multo
1063 2023 1175 2064 magis,
1188 2023 1213 2052 si
1230 2023 1304 2053 suis-

735 2078 767 2098 se
791 2069 949 2098 neminem
972 2069 1108 2109 cogites,
1125 2069 1182 2109 qui
1201 2075 1302 2099 totuin

735 2114 853 2156 Gangis
882 2124 1010 2145 cursum
1040 2124 1182 2145 emensus
1212 2120 1302 2146 esset.
