1414 2435
582 72 705 101 LIBER
729 71 788 101 XI.

1224 81 1287 109 217

90 131 250 180 Jamque
266 132 360 168 vale.
379 148 394 164 >2
415 130 535 168 Simul
555 130 613 168 his
635 131 745 167 dictis
763 129 958 179 linquebat
979 129 1164 178 habenas,

91 191 151 228 Ad
172 201 311 229 terram
327 205 403 229 non
419 201 554 242 sponte
571 191 691 228 fluens
710 206 718 227 τ
739 200 820 228 tum
840 191 976 241 frigida
995 200 1075 229 toto

92 254 288 291 Paullatim
307 253 469 291 exsolvit
489 266 528 291 se
545 266 728 303 corpore,
748 252 925 302 lentaque
945 252 1039 289 colla

92 314 138 350 Et
157 321 308 363 captum
327 315 404 351 leto
424 313 552 364 posuit
571 321 703 363 caput,
722 325 826 350 arma
845 313 1079 362 relinquens;

1243 321 1291 345 830

90 374 254 423 Vitaque
275 388 361 412 cum
382 374 524 425 gemitu
545 374 642 423 fugit
661 372 856 422 indignata
876 372 946 410 sub
967 372 1132 409 umbras.

89 435 186 470 Tum
203 447 296 472 vero
315 436 507 472 inmensus
525 447 681 484 surgens
700 433 788 469 ferit
804 445 919 468 aurea
940 433 1083 469 clamor

91 493 244 541 Sidera3
265 495 410 545 dejecta
428 493 617 531 crudescit
636 506 763 543 pugna
783 493 956 538 Camilla3

92 555 299 591 Incurrunt
319 555 425 591 densi
445 554 555 591 simul
576 553 697 591 omnis
717 554 827 603 copia
846 555 1054 597 Teucrum,

90 616 360 665 Tyrrhenique
381 615 514 661 duces,
535 614 779 664 Evandrique
798 614 965 651 Arcades
985 615 1065 652 alae.

1243 623 1292 647 835

144 678 195 711 At
211 676 350 712 Triviae
371 685 497 713 custos
514 675 590 725 Jam
614 674 758 712 dudum
776 674 814 710 in
834 674 1027 711 montibus
1042 674 1136 723 Opis

91 736 179 772 Alta
198 735 302 772 sedet
320 735 495 780 summis,
515 742 736 784 spectatque
754 733 929 770 interrita
948 745 1105 782 pugnas.

91 798 221 847 thue
241 797 376 847 procul
396 795 522 832 medio
537 795 722 845 juvenum
739 793 780 830 in
799 793 963 830 clamore
983 793 1173 831 furentum

93 953 186 983 Maro
211 951 345 982 alterum
360 961 443 992 saepe
459 961 593 981 numero
616 948 668 980 ad-

93 998 201 1028 hibuit
219 1008 226 1028 :
242 999 396 1038 Ignavum
412 997 511 1039 fitcos
526 1007 627 1038 pecus
646 1008 667 1026 a

90 1044 284 1085 prcesepibus
325 1052 447 1074 arcent.
487 1043 668 1074 Brunckius

93 1098 267 1131 utrumque
288 1091 453 1130 amplexus
470 1097 537 1120 est:
557 1089 668 1130 Troja-

92 1147 151 1166 ηας
166 1144 278 1166 arceat
290 1135 368 1165 urbi.
382 1153 428 1158 —
446 1136 524 1172 827.
544 1136 594 1164 Ex
609 1137 668 1165 Fu-

94 1184 133 1212 rii
158 1182 273 1212 Annal.
293 1183 308 1210 I
332 1181 441 1211 laudat
464 1191 573 1210 versus
596 1183 666 1211 Ma-

95 1228 184 1259 crob.
201 1230 248 1258 VI
260 1251 268 1265 ‚
283 1238 310 1258 c.
328 1233 346 1263 4
362 1237 369 1257 :
391 1227 452 1257 Ille
464 1227 666 1268 gravisubz‘to

94 1275 256 1305 devt'nctus
269 1275 408 1304 vulnere
422 1273 562 1303 habenas
580 1274 669 1304 Misit

94 1321 184 1363 equi,
207 1322 376 1362 lapsusque
400 1320 432 1349 ιή
460 1319 587 1350 humum
610 1321 666 1350 de-

93 1368 208 1406 fluxit,
231 1376 261 1398 ετ
276 1367 374 1397 armis
394 1366 548 1397 Reddidit
561 1366 668 1397 oeratis

95 1415 243 1445 sonitum.
269 1432 315 1437 —-
343 1414 419 1453 829.
450 1413 599 1442 Exsolvit
624 1424 667 1444 se.

95 1463 227 1502 Proprie
255 1462 357 1491 anima
385 1469 519 1500 corpore
547 1460 670 1490 exsolvi

94 1507 222 1538 dicitur.
243 1510 366 1538 Tamen
385 1513 416 1536 et
431 1517 500 1546 sup.
521 1507 580 1543 IV,
603 1507 667 1544 703

93 1562 187 1596 teque
203 1554 261 1585 isto
277 1563 408 1594 corpore
424 1553 509 1582 solvo
517 1564 529 1588 ;
550 1553 609 1582 Iris
624 1553 668 1582 al-

92 1600 201 1631 locuta
235 1600 396 1631 Didonem
428 1598 665 1629 moribundam.

94 1663 141 1671 --
158 1647 236 1678 830.
259 1648 394 1687 Captum
412 1646 474 1675 leco
495 1652 610 1686 caput,
632 1645 664 1675 h.

94 1694 236 1727 victum,
261 1693 404 1732 adeoque
433 1691 596 1732 languens.
619 1709 666 1714 —

96 1740 175 1769 831.
191 1739 314 1769 Notum
333 1737 414 1767 illud
437 1738 665 1774 Homericum;

95 1783 186 1825 unffi
203 1780 232 1814 δ’
244 1783 278 1814 ἐν.
295 1782 403 1826 ’ρεθέων
417 1781 560 1824 πταμένη
575 1774 667 1817 Ᾰϊδός

93 1841 129 1862 τε
154 1827 302 1870 Bag-tinea,
326 1822 369 1860 ὃν
396 1826 516 1869 πότμον
541 1825 668 1870 γοόωσα

95 1878 135 1908 Il.
153 1888 199 1915 π,
224 1877 312 1914 855,
339 1875 416 1904 856.
435 1891 481 1897 -—-
500 1873 576 1909 834.
595 1875 670 1903 Om-

99 1923 148 1954 nis
165 1923 257 1965 copia
275 1923 308 1952 h.
333 1922 453 1962 copiae,
477 1927 563 1950 totus
581 1931 670 1949 exer·

101 1971 201 2007 citus,
215 1976 252 2000 ut
276 1969 358 1999 bene
380 1968 527 2003 Servius,
547 1968 596 1996 uti
617 1977 670 1996 sn-

101 2026 160 2057 pra
173 2018 246 2047 AEn.
261 2015 319 2046 lib.
336 2017 385 2051 ΙΙ,
402 2014 467 2050 564
490 2020 522 2042 et
541 2023 613 2053 quae
631 2012 672 2041 sit

104 2073 155 2092 me
182 2062 297 2092 circum
333 2060 427 2102 copia
440 2083 449 2097 ,
482 2059 590 2089 lustro.
625 2075 671 2081 —-

106 2107 183 2138 835.
197 2108 457 2148 Tyrrhenumque
472 2106 567 2136 duces
576 2117 616 2136 ex
625 2116 670 2135 so-

102 2154 136 2184 lo
149 2153 267 2185 Medic.
285 2155 426 2196 reposuit
442 2153 552 2183 Heius.
562 2175 571 2190 ‚
585 2151 670 2194 quod

104 2201 165 2241 ipsi
192 2202 358 2230 nervosius
385 2199 562 2230 videbatur.
590 2198 649 2229 Sed
664 2221 671 2236 ,

267 2264 330 2298 IV.

722 960 821 991 quum
843 951 993 980 Teucrum
1011 949 1105 991 copia
1120 954 1295 991 praecessis-

721 1005 786 1033 set,
818 997 924 1036 potuit
953 1004 1047 1037 poeta
1074 997 1220 1029 maluisse
1244 1010 1296 1029 va-

721 1044 804 1072 riare
822 1051 829 1072 ε
853 1043 1069 1083 Tyrrhenique
1091 1044 1186 1074 duces
1207 1046 1295 1086 quod

721 1088 820 1128 vulgo
846 1088 972 1129 legitur.
997 1090 1205 1131 Evandrique
1233 1094 1296 1121 Ar-

721 1134 810 1164 cadis
834 1134 906 1165 edd.
929 1137 1012 1166 Ven.
1034 1142 1066 1165 et
1086 1137 1219 1169 Mediol.
1243 1149 1293 1179 ap.

720 1182 843 1218 Burm.‚
858 1188 888 1210 et
903 1192 1013 1211 omnes
1036 1182 1104 1212 aliae
1126 1191 1245 1215 veteres
1265 1192 1295 1215 et

720 1228 923 1258 recentiores.

768 1274 845 1304 836.
872 1275 1068 1314 Exsequitur
1098 1285 1185 1307 nunc
1216 1278 1294 1318 Opis

721 1319 808 1360 quod
837 1319 1022 1350 mandatum
1053 1328 1118 1350 erat
1146 1332 1162 1351 a
1192 1324 1293 1353 Diana

723 1376 819 1406 supra
854 1377 935 1397 vers.
963 1367 1039 1405 587.
1070 1368 1195 1404 Custos,
1219 1370 1294 1399 Dia-

723 1421 773 1441 nae
800 1423 923 1450 comes,
954 1412 1089 1451 famula,
1120 1421 1156 1444 ut
1178 1415 1234 1445 lib.
1251 1418 1292 1453 V,

726 1458 792 1494 546
814 1459 966 1499 Epitydes
995 1466 1098 1490 custos
1126 1471 1294 1502 comesque

724 1505 804 1542 Iuli3
822 1507 920 1543 VIII,
938 1516 1003 1543 270
1017 1505 1129 1535 domus
1143 1507 1297 1538 Herculei

721 1559 824 1581 custos
832 1551 967 1592 pinaria
983 1552 1070 1582 sacri
1089 1552 1128 1583 de
1148 1554 1293 1586 sacerdo-

721 1604 762 1628 te.
783 1599 885 1628 Etiam
900 1598 1046 1629 Macrob.
1063 1601 1112 1629 III
1123 1623 1131 1637 ‚
1150 1600 1170 1630 6
1186 1602 1293 1631 minis-

720 1650 778 1674 tra.
794 1646 839 1675 Ut
856 1656 930 1674 vero
946 1645 1140 1686 speculatrix
1162 1647 1219 1684 sit,
1236 1649 1294 1677 vix

719 1691 770 1720 vir
782 1690 895 1721 doctus
912 1690 1008 1721 fidem
1029 1691 1131 1722 faciet.
1149 1710 1195 1716 —
1213 1693 1291 1731 837.

720 1737 883 1767 Interrito.
902 1739 973 1767 Hoc
992 1738 1151 1767 vocabulo
1170 1738 1292 1776 adjecto

720 1793 771 1812 me
787 1793 853 1812 non
869 1793 1059 1823 magnopere
1078 1783 1225 1813 delectari
1242 1784 1292 1814 ln-

720 1828 835 1857 hemer
860 1829 971 1858 fateor.
1002 1830 1069 1858 Aut
1101 1830 1185 1858 enim
1219 1830 1292 1860 alie-

722 1883 818 1910 num,
844 1881 897 1903 aut
922 1875 1061 1904 otiosum
1088 1881 1144 1905 est.
1169 1877 1213 1906 Ut
1233 1876 1292 1906 sal-

722 1925 785 1948 tem
810 1919 940 1958 adjuves
957 1920 1193 1960 quodammodo
1209 1944 1217 1958 ‚
1246 1922 1293 1953 di-

723 1964 861 1994 cendum
898 1973 943 1996 est
962 1989 971 2003 ‚
1001 1968 1137 2007 exprimi
1171 1974 1293 1999 tantum

723 2011 805 2048 hoc,
835 2012 923 2052 quod
951 2018 1037 2049 tuta,
1062 2024 1078 2043 e
1104 2020 1173 2044 tuto
1199 2014 1291 2052 loco,

724 2068 863 2099 pugnam
899 2059 1053 2099 prospicit
1087 2061 1185 2101 Opis;
1219 2068 1292 2098 aut,

725 2115 824 2144 quum
853 2104 926 2134 ahas
953 2105 1003 2135 vel
1030 2105 1098 2136 solo
1131 2116 1291 2137 armorum

724 2152 858 2192 strepitu
868 2173 876 2188 ,
890 2158 921 2181 et
936 2162 1052 2193 pugnae
1066 2151 1218 2193 adspectu
1237 2160 1296 2183 ter-

725 2199 787 2227 reri
805 2197 925 2228 soleant
943 2197 1096 2239 puellares
1118 2199 1225 2229 animi.
1250 2215 1295 2222 --

1088 2275 1133 2310 19
