1414 2435
598 38 721 68 LIBER
744 38 802 67 XI.

1235 39 1298 69 215

104 102 296 138 Sterneret
314 106 355 134 ut·
371 96 496 134 subita
515 94 706 132 turbatam
726 104 847 131 morte
866 96 1059 134 Camillam

102 158 249 195 Adnuit
268 156 390 194 oranti
411 171 419 192 :
438 154 617 192 reducem
636 164 678 192 ut
698 154 821 205 patria
841 156 915 191 alta
933 156 1080 194 videret

102 221 189 255 Non
207 217 326 263 dedit;
344 217 459 266 inque
475 223 585 252 notos
604 228 738 252 vocem
758 224 907 252 vertere
928 217 1113 265 procellae.

102 279 221 326 Ergo,
242 284 283 313 ut
302 276 413 313 missa
433 289 547 312 manu
563 275 729 312 sonitum
747 274 851 311 dedit
870 275 978 312 hasta
998 290 1066 326 per
1083 290 1210 324 auras,

102 339 330 373 Convertere
351 337 496 373 animos
514 335 629 380 acris,
648 336 854 385 oculosque
874 337 994 373 tulere

1246 347 1296 370 800

101 396 236 433 Cuncti
253 395 300 432 ad
321 395 489 445 reginam
505 395 633 431 Volsci
653 410 661 430 :
679 395 775 431 nihil
795 395 876 444 ipsa
893 409 1017 445 neque
1039 410 1158 442 aurae,

101 457 180 492 Nec
196 456 339 493 sonitus
360 467 522 500 memor,
545 462 610 491 aut
625 454 812 491 venientis
833 454 880 491 ab
902 455 1042 492 aethere
1061 456 1123 492 teli
1131 471 1141 501 ;

102 517 220 551 Hasta
238 515 308 552 sub
326 523 513 555 exsertam
533 513 654 550 donec
670 515 816 563 perlata
835 515 1014 563 papillam

101 576 239 621 Haesit,
255 576 545 625 virgineumque
565 575 639 611 alte
655 574 756 611 bibit
777 583 859 611 acta
877 587 1063 611 cruorem.

102 637 341 672 Concurrunt
362 635 518 685 trepidae
539 635 712 681 comites,
734 634 1001 684 dominamque
1021 642 1194 671 ruentem
1248 643 1296 668 80⁵

103 696 321 745 Suscipiunt
343 711 350 732 :
372 696 467 746 fugit
487 705 572 732 ante
593 696 713 732 omnis
734 695 937 732 exterritus
957 697 1122 740 Arruns,

102 756 250 793 Laetitia
267 756 462 805 mixtoque
482 764 585 791 metu
592 770 602 800 3
620 768 690 791 nec
703 755 781 804 jam
800 754 960 804 amplius
981 754 1098 791 hastae

102 815 284 861 Credere,
307 828 376 853 nec
396 815 479 852 telis
500 827 702 851 occurrere
718 815 876 864 virginis
897 814 1022 852 audet.

99 877 156 910 Ac
170 875 272 911 velut
290 874 370 920 ille,
391 875 498 925 prius
517 887 632 923 quam
651 874 724 910 tela
743 873 896 910 inimica
915 881 1140 922 sequantur,

101 934 290 970 Continuo
309 934 348 969 in
365 933 503 970 montis
524 945 604 969 sese
625 931 731 969 avius
750 931 897 968 abdidit
917 933 1031 979 altos,
1250 943 1298 966 810

101 993 238 1030 Occiso
256 1001 427 1042 pastore,
445 992 576 1041 lupus,
593 1004 778 1041 magnove
794 992 960 1041 juvenco
973 1019 982 1036 ,

150 1148 227 1177 797.
240 1136 354 1167 Patria
368 1136 448 1166 alta.
467 1138 592 1167 Ornans
606 1138 671 1177 epi-

101 1183 211 1213 theton
236 1184 309 1212 satis
332 1182 500 1222 frequens,
521 1182 584 1213 hoc
604 1190 669 1221 est,

102 1229 203 1266 clara,
228 1229 356 1259 nobiliS.
378 1228 544 1259 Interdum
566 1229 606 1259 ad
629 1231 670 1259 si-

100 1283 168 1306 tum
195 1275 348 1312 refertur,
375 1276 468 1304 etiam
496 1275 536 1305 ad
560 1286 669 1306 muro—

100 1332 171 1352 rum
184 1332 219 1352 ac
233 1323 370 1351 turrium
385 1321 595 1353 altitudinem.
610 1321 670 1353 Sed

99 1370 133 1398 in
151 1368 267 1398 talibus
280 1367 427 1408 epithetis
439 1369 512 1397 satis
526 1375 591 1405 est,
607 1369 671 1398 ani-

99 1425 152 1444 mo
176 1415 337 1445 obversari
368 1414 536 1444 obscuram
563 1415 670 1445 notio-

98 1471 172 1490 nem
195 1471 317 1502 magnae
332 1460 463 1498 alicujus
490 1467 522 1490 et
543 1461 671 1501 praecla-

98 1517 140 1536 1·ae
154 1517 210 1537 rei.

145 1563 221 1593 799.
238 1553 370 1594 Egregie
387 1553 510 1582 animus
529 1553 669 1583 Camillae

96 1599 329 1639 imperterritus
341 1598 534 1628 describitur
549 1609 558 1630 :
574 1600 670 1640 inpri-

97 1645 156 1673 mis
175 1655 236 1674 vss.
251 1644 315 1674 801
329 1667 338 1681 ,
357 1644 434 1675 802.
450 1662 498 1668 —
513 1645 590 1676 803.
608 1647 669 1675 Ar-

97 1695 248 1730 gutantur
278 1691 386 1729 Intpp.
411 1690 490 1720 dum
511 1690 550 1720 de
572 1701 670 1721 mam-

96 1746 146 1767 ma
162 1736 363 1766 Amazonum
377 1742 487 1765 exusta
503 1737 643 1776 cogitant
659 1747 667 1767 :

97 1788 144 1811 est
173 1791 316 1811 mamma
349 1787 471 1810 exserta
488 1803 497 1818 ,
531 1781 667 1812 humero

98 1827 213 1858 dextro
243 1827 384 1864 nudato;
416 1834 451 1856 ut
479 1827 544 1865 jam
572 1838 668 1868 supra

96 1874 235 1904 vidimus
251 1873 290 1903 ad
303 1884 430 1904 versum
446 1873 667 1913 649.-8ο4.

98 1921 193 1950 Hasta
216 1920 283 1951 alte
310 1927 384 1950 acta
409 1919 486 1949 bibit
505 1930 666 1950 cruorem.

97 1966 304 1997 Homericum
350 1965 528 2008 λιλαιεμένη
577 1963 668 2008 χροὸς

99 2005 174 2042 ἆσαι
194 2014 330 2053 exprimi
353 2013 417 2051 jam
436 2011 578 2043 Maerob.
599 2014 664 2050 VI,

100 2057 120 2086 6
146 2061 295 2098 putavit:
317 2059 406 2099 quod
431 2066 536 2089 tamen
556 2059 667 2099 paullo

99 2102 260 2135 diversum
276 2112 332 2136 est.
349 2122 395 2128 —-
415 2105 495 2136 806.
515 2107 668 2135 Arruntis

98 2150 248 2181 miserum
278 2161 428 2192 pavorem
456 2162 497 2183 ex
527 2153 668 2183 Homero

725 1137 834 1176 duxit,
854 1137 945 1168 Iliad.
965 1148 1009 1175 π,
1029 1138 1093 1168 813
1107 1161 1115 1175 ‚
1138 1137 1214 1174 ubi,
1237 1140 1294 1168 Pa-

724 1185 826 1215 troclo
846 1195 945 1221 caeso,
969 1184 1162 1225 Euphorbus
1187 1184 1296 1214 simih'-

723 1237 772 1260 ter
795 1231 857 1260 sibi
878 1233 944 1271 ipse
966 1241 1033 1260 non
1051 1232 1124 1260 satis
1149 1229 1295 1261 confidit.

723 1277 925 1317 Comparatio
947 1283 1050 1306 autem
1073 1288 1103 1307 v.
1129 1275 1194 1315 809
1218 1276 1294 1305 sub-

720 1323 822 1361 jecta,
850 1324 908 1353 etsi
935 1329 966 1352 et
993 1323 1059 1362 ipss
1086 1322 1126 1351 ab
1154 1323 1295 1352 Homero

722 1375 865 1398 mutuata
896 1367 985 1399 Iliad.
1006 1378 1019 1397 ο
1032 1390 1041 1405 ,
1069 1369 1134 1398 586
1148 1384 1195 1390 —-
1210 1369 1275 1408 589
1286 1390 1295 1405 ,

722 1421 788 1444 tam
810 1416 932 1456 egregie
948 1421 1058 1445 ornata
1069 1437 1077 1452 ,
1097 1422 1128 1444 et
1147 1413 1187 1444 ad
1205 1421 1297 1444 uatu-

722 1471 791 1490 ram
810 1462 977 1491 animantis
1001 1461 1133 1501 propius
1161 1459 1295 1490 adducta

725 1505 894 1548 (inprimis
910 1518 955 1538 vs,
972 1508 1058 1544 812,
1074 1506 1162 1548 813)
1179 1513 1244 1543 est,
1259 1513 1296 1537 ut

721 1553 804 1583 iuter
833 1554 1068 1593 praestantiores
1098 1551 1294 1583 numeranda

721 1599 771 1630 sit.
797 1600 887 1630 Statii
907 1600 1119 1630 imitationem
1142 1598 1294 1629 indicavit

721 1646 831 1675 Burm.
853 1646 1013 1676 IVTheb.
1041 1646 1105 1676 363
1129 1656 1217 1686 sqq.,
1239 1644 1294 1675 sed

722 1702 757 1721 ca
771 1692 863 1732 friget
879 1690 918 1720 ad
930 1693 1075 1722 Maronis
1086 1692 1193 1722 locum
1211 1701 1295 1721 com-

722 1745 828 1777 parata
839 1760 847 1773 ,
867 1748 934 1766 sese
952 1736 1091 1772 abdidit,
1115 1736 1230 1766 abdere
1242 1746 1293 1765 so-

721 1783 784 1819 let,
799 1782 902 1819 abdit,
919 1783 1018 1822 fugit,
1038 1793 1078 1812 ex
1092 1793 1182 1822 graec.
1199 1782 1294 1811 aoris-

721 1834 766 1858 t0.
781 1827 928 1858 Conscius
941 1827 1181 1869 audacisfacti,
1197 1837 1292 1868 quem

721 1873 800 1915 θῆρα
843 1871 939 1903 κακὸν
978 1871 1110 1915 ῥέξαντα
1157 1873 1292 1905 dixerat.

724 1919 868 1949 caudam
889 1919 1109 1959 pavitantem,
1143 1930 1214 1960 quae
1247 1926 1294 1950 est

721 1965 796 1995 ferae
817 1967 1006 2006 pavitantis,
1027 1966 1220 2002 remulcens,
1244 1976 1293 1996 re-

722 2011 869 2049 flectens,
900 2009 1064 2054 ὂῤῥωδῶν;
1094 2011 1149 2042 sed
1179 2013 1292 2053 exqui-

721 2059 803 2089 site:
828 2065 865 2088 ut
889 2059 1026 2089 mulcere
1053 2059 1096 2089 sit
1122 2057 1292 2089 mulcendo

721 2104 904 2142 inflectere,
932 2106 981 2135 uti
1004 2116 1036 2136 v,
1063 2116 1092 2136 c.
1119 2107 1156 2135 in
1179 2104 1293 2135 felibus

721 2149 790 2182 fieri
803 2151 959 2183 videmus.
973 2151 1105 2183 Hesiod.
1120 2144 1198 2195 Εργ.
1211 2152 1290 2189 510,
