1414 2435
587 86 711 117 LIBER
736 86 811 117 XII.
1241 86 1281 114 ’,εὸ
1295 96 1304 114 1

105 149 192 185 Uno
213 148 251 184 in
268 147 384 184 corde
402 145 546 196 pudor,
566 144 762 192 mixtoque
781 143 925 180 insania
943 145 1068 191 luctu,

104 209 151 244 Et
172 207 280 244 furiis
299 206 461 256 agitatus
481 216 606 251 amor,
626 212 664 240 et
687 202 838 240 conscia
856 203 988 240 virtus.

104 271 157 306 Ut
175 269 340 319 primum
359 266 535 304 discussae
555 263 720 311 umbrae,
741 271 778 301 et
796 263 863 300 lux
881 263 1031 301 reddita
1050 266 1182 313 menti,

104 327 282 364 Ardentis
301 327 500 364 oculorum
519 324 624 362 orbis
644 325 691 362 ad
711 323 849 361 moenia
867 324 977 361 torsit
1255 335 1304 367 67⁰

102 387 314 436 Turbidus,
334 400 431 437 eque
451 387 545 424 rotis
564 398 739 434 magnam
758 385 925 434 respexit
942 384 990 422 ad
1010 385 1155 423 urbem.

100 450 198 485 Ecce
216 457 360 495 autem,
377 447 538 485 flammis
556 447 656 484 inter
674 444 844 482 tabulata
861 445 1014 483 volutus

100 509 161 546 Ad
181 510 319 547 coelum
338 508 509 546 undabat
524 515 681 553 vortex,
700 506 912 555 turrimque
933 505 1102 553 tenebat3

100 570 271 616 Turrim,
289 570 482 620 conpactis
502 567 676 606 trabibus
695 580 809 617 quam
829 566 1012 604 eduxerat
1033 567 1132 618 ipse,

104 631 414 680 Subdideratque
433 638 556 677 rotas,
572 629 775 680 pontisque
793 628 1019 665 instraverat
1040 629 1145 667 altos.
1255 639 1305 670 ⁶75

103 709 117 725 «
139 695 223 729 Jam
238 692 316 742 jam
337 692 431 739 fata,
451 703 578 738 soror,
597 698 779 740 superant
787 703 798 735 ;
818 688 957 726 absiste
977 689 1138 735 morari3

103 752 191 796 Quo
211 750 320 798 deus,
344 759 380 787 et
396 763 473 799 quo
497 750 592 786 dura
612 758 724 786 vocat
743 748 915 793 fortuna,
935 761 1150 797 sequamur.

102 812 184 845 Stat
204 810 378 847 conferre
398 822 551 846 manum
569 811 715 854 AEneae3
738 815 828 852 stat,
850 806 1038 856 quidquid
1058 807 1186 845 acerbi
1204 819 1278 846 est.

104 977 174 1006 sup.
202 977 234 996 V.
261 967 339 1002 614.
365 982 412 991 --
437 967 516 1004 667.
546 968 616 994 Uno
647 966 679 994 ιή

107 1012 201 1042 corde
223 1013 343 1052 recepit
364 1012 475 1043 Heius.
500 1022 517 1041 e
541 1011 681 1040 meliori—

105 1058 167 1088 bus
182 1059 276 1088 etiam
289 1058 321 1088 h.
339 1058 374 1095 l.‚
389 1065 426 1087 ut
439 1069 510 1098 sup.
529 1059 561 1086 X
572 1079 580 1093 ‚
603 1056 642 1093 87
653 1066 681 1093 1,

107 1104 165 1134 nbi
200 1104 297 1133 iidem
338 1114 448 1133 veisus
482 1102 681 1143 legebantur.

107 1149 217 1190 Vulgo
229 1172 238 1186 ,
254 1149 326 1179 Jmo
343 1148 376 1178 in
399 1159 426 1179 c.
438 1171 447 1185 ,
471 1148 560 1189 quod
586 1149 683 1187 majo-

108 1206 174 1225 rem
191 1197 255 1225 vim
274 1196 390 1226 habere
408 1196 443 1225 in
464 1195 519 1225 tali
540 1195 613 1226 loco
630 1205 681 1224 ne-

108 1253 162 1272 mo
178 1242 323 1280 dubitet‚
345 1243 403 1272 etsi
418 1241 551 1272 alterum
568 1242 680 1282 exqui-

107 1289 197 1318 sitius
224 1288 346 1318 dictum
372 1288 542 1319 concedam
559 1311 568 1326 ‚
600 1298 660 1329 pro
671 1310 680 1324 ‚

107 1346 170 1365 una
187 1335 220 1364 in
240 1335 351 1365 eodem
374 1335 481 1366 corde.
505 1337 680 1375 Quumque

108 1392 143 1412 ea
155 1382 251 1412 lectio
265 1393 344 1412 unus
358 1389 389 1412 et
404 1381 485 1411 imus
499 1391 622 1421 semper
634 1381 682 1410 iu-

107 1435 193 1458 certa
207 1428 364 1459 fluctuare
377 1428 493 1460 soleat:
510 1427 599 1457 alteri
613 1437 681 1457 non

106 1481 232 1505 tantum
247 1474 454 1504 tribuendum
471 1474 625 1511 arbitror,
644 1480 682 1502 ut

107 1523 178 1551 Imo
192 1521 379 1562 expellatur.
390 1521 491 1552 Nolui
504 1528 609 1550 tamen
622 1521 679 1550 ite-

106 1577 179 1597 rum
196 1568 406 1598 mutationem
420 1567 537 1597 inferre
547 1589 555 1605 ‚
572 1563 603 1597 fit
615 1567 680 1597 lec-

109 1619 211 1643 torem
226 1614 366 1645 turbare.
375 1631 421 1637 —
434 1614 499 1644 668
505 1613 633 1644 ,Furias
642 1613 681 1643 ad

108 1658 284 1699 desperatas
293 1661 430 1690 Laviniae
444 1661 572 1701 nuptias
587 1660 678 1690 refer.

157 1706 236 1745 669.
257 1705 399 1743 Umbrae,
417 1707 490 1747 quia
505 1708 541 1736 in
556 1707 681 1747 vulgari

108 1761 253 1781 sermone
278 1751 384 1793 caligo
410 1751 523 1781 mentis
551 1752 678 1783 dicitur.

109 1797 244 1836 —672.
260 1797 383 1827 Volucis
399 1797 487 1828 Leid.
505 1804 535 1827 et
550 1799 677 1837 Hugen.

108 1843 148 1874 ad
176 1845 339 1885 vulgarem
376 1844 521 1874 formam.
553 1843 678 1874 Wakef.

108 1891 334 1931 interpungit:
354 1892 439 1920 Ecce
462 1897 568 1919 autem
579 1889 680 1932 flam-

108 1936 184 1973 mis,
204 1937 288 1967 inter
298 1937 444 1966 tabulata
457 1936 587 1966 volutus
597 1959 605 1972 ,
625 1936 684 1966 Ad

108 1983 222 2013 coelum
235 1983 382 2013 undabat
391 1991 510 2013 vortex
519 1994 532 2019 ;
546 1993 604 2012 nec
617 1982 680 2013 hoc

108 2029 199 2061 male.
226 2031 354 2060 Turrim
364 2053 374 2067 ,
410 2030 527 2060 diversi
557 2031 680 2071 generis

108 2073 148 2104 ab
173 2085 208 2105 ea
230 2086 300 2116 quae
316 2087 385 2118 sup.
402 2078 460 2114 IX,
479 2077 543 2106 530
560 2087 606 2116 sq.
618 2077 679 2106 fuit

107 2128 252 2159 narrata,
277 2130 350 2153 ante
374 2133 483 2153 muros
505 2130 537 2153 et
559 2123 678 2153 vallum

108 2168 281 2198 constituta
301 2169 341 2199 ad
360 2169 585 2210 excipiendum
604 2169 677 2200 hos-

107 2212 187 2242 tium
208 2224 317 2245 muros
341 2218 595 2257 oppugnantium
618 2217 677 2247 im-

734 972 861 1004 petum,
878 976 919 994 ex
939 967 1057 996 seriore
1081 976 1149 996 :evo
1171 966 1308 997 heroica·

735 1011 809 1038 vitae
822 1010 931 1039 intulit
945 1019 1049 1051 poeta.
1066 1011 1309 1044 Admovebatur

735 1055 787 1085 illa
804 1057 903 1085 muris
917 1056 956 1086 ab
970 1057 1155 1097 oppidanis,
1172 1066 1210 1088 111
1233 1060 1309 1090 inde

737 1101 873 1141 desuper
892 1110 923 1132 et
945 1114 985 1132 ex
1008 1104 1071 1134 alto
1089 1103 1188 1134 hostis
1207 1108 1307 1136 missi-

735 1147 819 1178 libus
843 1149 909 1189 peti
929 1157 1044 1190 posset.
1065 1150 1206 1181 Subnata
1227 1152 1308 1183 fort(-

734 1194 787 1224 illa
807 1202 853 1224 est
868 1202 970 1236 poetae
987 1197 1092 1226 animo
1109 1208 1149 1227 ex
1165 1207 1245 1229 nave
1262 1200 1308 1229 in-

735 1251 828 1270 censa
841 1241 878 1273 11.
895 1252 909 1271 0
922 1264 930 1279 ‚
950 1250 1031 1273 extr.
1050 1250 1081 1272 et
1094 1254 1118 1273 π
1131 1266 1139 1280 ,
1160 1254 1221 1274 122
1243 1256 1307 1285 seq.

734 1289 897 1318 Hactenus
908 1311 916 1325 ‚
931 1289 957 1318 si
973 1296 1057 1318 recte
1074 1289 1190 1331 colligo
1202 1313 1210 1327 ‚
1225 1293 1308 1321 trina

734 1341 910 1364 occurrunt
934 1336 1072 1364 turrium
1094 1347 1226 1376 genera;
1243 1340 1307 1378 pri-

734 1391 788 1410 mo
802 1380 945 1410 sollenne
955 1381 1035 1411 illud
1047 1383 1182 1412 turrium
1196 1393 1307 1423 genus,

735 1437 799 1467 quo
824 1437 935 1456 murus
957 1428 1178 1469 intercipitur,
1199 1436 1235 1459 ut
1253 1431 1305 1467 ΙΙ,

736 1474 814 1510 460,
830 1480 861 1503 et
880 1473 931 1511 al.;
947 1474 1078 1504 alterum
1093 1475 1212 1505 mobile
1228 1479 1306 1507 rotis

734 1519 923 1550 subvectum
939 1522 1022 1551 intra
1041 1532 1150 1552 muros
1164 1532 1223 1562 pro
1246 1533 1307 1553 usu

734 1572 764 1595 et
785 1568 987 1604 necessitate3
1001 1567 1034 1597 h.
1050 1568 1072 1598 1,
1087 1569 1216 1598 tertium
1236 1577 1308 1599 ante

734 1623 873 1650 murum,
886 1623 959 1643 cum
968 1624 1033 1654 qno
1043 1614 1306 1656 pontejungitur.

734 1665 772 1688 ut
801 1670 861 1700 pro
885 1661 1130 1701 propugnaculo
1154 1662 1216 1692 sit:
1240 1664 1305 1698 lx,

737 1705 802 1736 530
828 1716 892 1746 seq.
925 1706 1085 1736 Tabulata
1111 1714 1187 1736 sunt
1209 1711 1307 1737 turris

734 1752 1006 1792 contignationes,
1027 1763 1058 1783 τ.
1081 1762 1152 1792 sup.
1172 1751 1228 1782 lib.
1253 1755 1302 1784 11.

735 1798 821 1834 463,
844 1797 921 1833 464.
947 1800 1067 1827 Vortex
1077 1798 1228 1840 flammis
1249 1810 1306 1829 ‘vo-

734 1843 816 1873 Imus
856 1843 1028 1884 elegantius
1065 1854 1162 1884 quam
1194 1853 1305 1876 vertex

734 1888 943 1919 flammarum.
970 1906 1016 1912 -—
1047 1890 1125 1928 674.
1154 1890 1307 1931 Compac-

733 1941 800 1964 tam
815 1935 892 1964 alter
905 1935 1020 1966 Hamb.
1038 1943 1069 1966 et
1085 1937 1220 1967 Dorvill.
1240 1949 1305 1979 qua

735 1981 831 2012 Goth.
859 1991 920 2012 sec.
944 1982 1085 2012 duxerat
1104 1983 1246 2014 Parrhas.
1273 1991 1304 2014 et

733 2027 891 2058 Montalb.
904 2051 912 2066 ‚
940 2039 1115 2069 perperam.
1134 2029 1208 2060 Vid.
1231 2041 1303 2072 sup.

734 2075 781 2104 VI
793 2097 801 2111 ‚
833 2074 911 2105 630.
937 2092 983 2097 —
1015 2075 1092 2114 675.
1122 2078 1303 2117 Pontesque

731 2121 850 2161 quibus
866 2121 1026 2151 discursus
1045 2121 1137 2152 fieret
1156 2124 1213 2163 per
1234 2130 1301 2153 tur-

731 2178 780 2198 res
796 2175 827 2198 et
847 2178 966 2198 muros,
989 2168 1053 2199 vid.
1068 2179 1137 2209 sup.
1152 2170 1200 2200 lx
1211 2192 1219 2206 ‚
1239 2180 1301 2207 17⁰

733 2220 763 2244 et
790 2216 866 2246 530.
893 2232 939 2239 —
966 2215 1044 2253 678.
1073 2215 1231 2246 Acerbum
1258 2224 1304 2246 esc

1107 2291 1125 2313 2
1134 2277 1173 2321 sy*
