1414 2435
542 61 665 91 LIBER
689 62 748 91 lx.
1210 64 1248 91 15

51 117 297 163 Discurrunt,
316 116 538 166 variantque
558 117 675 164 vices;
693 117 842 166 fusique
861 130 929 166 per
947 117 1105 155 herbam

8 184 16 191 '
53 179 255 228 Indulgent
272 178 380 223 vino,
400 185 438 214 et
455 187 610 215 vertunt
629 187 793 216 crateras
811 179 962 216 ahenos.

1203 188 1250 212 165

55 240 262 276 Conlucent
280 238 385 287 ignes
400 251 408 272 :
424 246 576 274 noctem
595 236 767 274 custodia
782 237 887 274 ducit

55 301 267 336 Insomnem
282 296 386 334 ludo.

106 360 197 395 Haec
215 369 330 406 super
347 369 367 392 e
386 356 486 393 vallo
506 364 749 406 prospectant
767 359 904 402 Troes,
922 365 959 393 et
974 358 1086 394 armis

54 417 142 454 Alta
160 424 288 453 tenent
295 431 305 463 3
325 428 472 452 necnon
490 415 629 465 trepidi
648 415 849 452 formidine
868 425 996 464 portas

55 477 282 526 Explorant‚
301 477 502 526 pontisque
519 485 555 513 et
570 476 855 526 propugnacula
867 478 1054 526 jungunt3
1206 493 1254 516 170

55 537 147 573 Tela
167 545 303 586 gerunt
319 551 327 571 :
345 536 485 573 instant
504 536 725 574 Mnestheus
743 549 905 585 acerque
926 538 1096 573 Serestus
1112 552 1122 583 3

55 598 161 641 Quos
178 605 286 644 pater
304 597 458 641 AEneas,
474 596 505 633 si
524 595 678 645 quando
696 596 853 632 adversa
871 605 1070 639 vocarent,

56 656 237 692 Rectores
253 654 454 704 juvenum,
471 663 508 692 et
527 668 656 692 rei-tun
675 654 780 692 dedit
796 667 876 691 esse
893 654 1102 703 magistros.

56 787 118 818 fuit
131 788 352 818 constitutum.
372 804 419 810 —-
435 787 510 823 164.
525 787 631 819 Alter-

55 835 106 864 nis
125 833 276 864 excubias
292 840 324 864 et
342 833 399 864 alia
423 834 530 863 munia
551 834 632 864 mili-

57 881 134 910 taria
157 880 280 910 obeunt
303 890 311 911 ε
337 891 368 910 v.
391 881 565 910 Burmann.
585 899 632 904 —

61 936 75 956 1
82 926 136 956 65.
147 927 192 956 Ec
202 933 336 956 vertunt
343 934 485 956 crateras
494 926 629 964 ahenos,

56 972 212 1002 inclinant
225 973 338 1003 vinnm
351 974 386 1002 in
400 973 514 1013 pocula
526 973 633 1003 infun-

59 1017 188 1049 dendo:
211 1029 276 1048 esse
305 1019 540 1048 hemistichium
570 1021 633 1049 En-

56 1065 207 1101 nianum,
226 1066 353 1095 Servius
371 1065 475 1095 docet.
490 1082 538 1088 ——-
556 1066 631 1096 166.

61 1109 214 1140 Custodia
257 1111 379 1140 ducunt
419 1110 516 1141 Goth.
560 1118 632 1142 tert.

59 1157 165 1195 Quam
207 1156 323 1196 cupide
357 1156 419 1186 hoc
454 1157 636 1198 arripuisset

60 1203 184 1238 Heius„
203 1203 229 1232 si
245 1202 364 1232 alicubi
378 1204 554 1243 reperisset.

114 1248 189 1279 168.
205 1248 315 1278 Armis
336 1249 406 1278 alca
428 1256 541 1279 tenent
557 1249 590 1279 h.
607 1260 634 1279 e.

62 1293 182 1323 vallum
199 1293 315 1334 (poeta
332 1305 390 1334 per
404 1305 513 1324 muros
534 1295 637 1324 decla-

62 1338 130 1380 rat)
156 1346 188 1369 et
208 1346 310 1368 turres
333 1341 442 1369 armati
467 1340 636 1381 occupant.

63 1402 109 1408 —-
129 1395 201 1423 170.
218 1387 337 1414 Pontes
349 1392 382 1415 ee
390 1387 639 1428 propugnacula

61 1431 208 1472 jungunt.
230 1432 274 1461 Ut
289 1431 395 1461 amnis
414 1440 515 1472 ponte
531 1431 637 1473 jungi-

63 1484 124 1513 tur,
140 1478 217 1518 ripis
230 1484 328 1517 ponte
340 1478 474 1516 junctis,
490 1485 526 1508 ut
541 1485 639 1508 trans-

63 1524 128 1553 itus
159 1529 263 1563 pateat
281 1546 290 1560 ,
323 1525 368 1553 sic
389 1524 640 1566 propugnacula

58 1569 239 1611 junguntur
244 1569 414 1608 pontibus,
430 1577 467 1600 ut
482 1570 523 1600 ad
539 1581 574 1600 ea
587 1581 640 1611 pa-

66 1622 129 1645 teat
148 1615 259 1645 aditus.
276 1617 483 1656 Accipiebam
500 1627 641 1658 propug-

66 1661 178 1690 nacula
203 1661 242 1690 de
265 1662 408 1692 turribus
424 1664 461 1692 in
478 1673 570 1693 muro
591 1663 641 1693 vel

14 1725 18 1726 ν
67 1707 165 1743 vallo,
185 1716 258 1747 quae
271 1717 372 1746 quum
387 1708 512 1738 altiores
525 1715 639 1746 essent,

66 1754 126 1782 viae
146 1753 225 1783 forte
240 1752 278 1782 ad
294 1763 344 1782 eas
360 1760 449 1782 erant
470 1753 620 1783 faciendae
631 1777 639 1790 ,

67 1809 145 1839 quas
163 1799 299 1838 appellat
312 1805 444 1838 pontes;
463 1805 500 1828 ut
520 1798 642 1828 discur-

68 1855 121 1875 sus
148 1844 288 1874 militum
315 1855 371 1884 per
401 1855 530 1874 murum
563 1851 642 1874 esset

68 1890 161 1921 liber.
173 1891 235 1921 Ins.
247 1893 305 1928 lx,
317 1891 384 1926 664
396 1892 428 1919 Ic
439 1891 562 1920 clamor
569 1889 642 1919 cocis

64 1948 126 1977 per
142 1937 389 1978 propugnacula
418 1936 524 1966 muris.
548 1938 642 1967 Nunc

72 1983 185 2013 dubito
209 1993 249 2012 an
269 1989 353 2013 recte
373 1984 546 2013 statuerim.
566 1985 643 2012 Pro·

68 2029 286 2071 pugnaculum
310 2036 356 2059 est
375 2029 464 2059 locus
481 2030 624 2058 munitus
636 2052 644 2066 ‚

73 2076 328 2113 munimentum,
356 2075 442 2105 unde
466 2085 646 2116 propugna-

75 2127 150 2152 tur:
166 2128 271 2162 potest
292 2121 369 2152 adeo
391 2121 454 2151 dici
474 2121 513 2151 de
532 2131 625 2151 muro
637 2143 646 2158 ,

75 2168 168 2198 turri.
181 2169 202 2199 J
204 2177 253 2198 am
271 2178 370 2209 genus
391 2174 437 2198 est
457 2167 649 2198 munimenti

684 786 925 818 semicircularis
949 793 1020 817 ante
1041 786 1179 824 vallum,
1202 798 1258 818 seu

684 845 814 864 murum
834 840 1027 870 castrorum,
1049 833 1138 873 quod
1160 841 1258 874 ponte

682 881 774 922 jungi
792 891 864 910 cum
880 879 964 909 vallo
985 890 1111 909 necesse
1131 887 1195 917 est3
1211 880 1258 910 di-

685 937 812 956 versum
827 926 866 956 ab
885 926 983 955 altero
1001 925 1111 955 similis
1128 926 1238 956 formae
1249 949 1257 963 ‚

685 973 771 1013 quod
786 975 821 1003 in
838 974 908 1012 ipso
927 972 1011 1002 vallo
1033 970 1260 1002 inaedificatum

685 1026 742 1049 est.
771 1020 887 1050 Similis
910 1019 1005 1048 turris
1029 1025 1127 1058 ponte
1149 1019 1260 1056 juncta

685 1065 770 1094 vallo
792 1070 985 1094 memoratur
1006 1063 1062 1093 inf.
1093 1065 1159 1094 530
1190 1075 1259 1104 sqq.

686 1127 733 1134 -—-
746 1121 758 1140 1
767 1121 781 1149 7
792 1121 820 1141 1.
839 1110 918 1140 Tela
926 1118 1045 1150 gerunt
1056 1119 1068 1138 .·
1083 1117 1261 1150 congerunt

688 1163 720 1186 et
743 1163 912 1197 apportant
942 1156 1088 1192 missilia,
1122 1166 1262 1195 quorum

689 1213 762 1232 usus
780 1213 845 1232 esse
863 1209 997 1242 poterat.
1014 1219 1059 1224 ——
1081 1203 1155 1238 173.
1171 1203 1263 1243 Juve-

690 1248 725 1278 ni
743 1250 852 1278 Burm.
869 1249 988 1288 recepit
1009 1247 1178 1277 lectionem
1202 1248 1261 1279 Ge.

690 1294 834 1324 Fabricio
859 1293 936 1322 olim
955 1304 972 1322 e
991 1295 1119 1322 Donato
1145 1292 1261 1332 proba-

692 1347 765 1370 tam.
795 1339 891 1370 Nulla
927 1339 1096 1368 auctoritas
1132 1338 1263 1368 affertur

691 1392 804 1426 praeter
825 1396 873 1425 pr.
900 1385 1034 1421 Hamb.,
1051 1385 1106 1424 ‘lui
1119 1394 1178 1424 pro
1198 1394 1263 1415 var.

690 1432 763 1461 lect.
793 1431 940 1461 habebat.
975 1431 1129 1471 Agnoscit
1160 1437 1264 1460 tamen

693 1479 786 1507 etiam
801 1478 928 1507 Servius
943 1477 1090 1506 lectionis
1104 1475 1266 1506 diversita-

692 1530 772 1560 tem,
786 1523 872 1552 unde
884 1545 892 1559 ‚
909 1529 988 1563 puto
1000 1545 1007 1559 ‚
1028 1523 1063 1551 in
1075 1521 1124 1551 ed.
1141 1523 1268 1561 Stepha-

693 1571 778 1600 nian.
795 1570 890 1598 venit.
907 1569 1039 1608 Recepit
1053 1577 1182 1607 quoque
1203 1569 1265 1599 Cu-

693 1615 854 1657 ningha-m.
887 1614 1121 1654 Accipiendum
1154 1613 1197 1642 ita
1229 1613 1267 1643 de

694 1662 968 1692 Ascanio.Verum
978 1661 1062 1690 huuc
1073 1661 1107 1690 in
1119 1659 1249 1689 modum
1257 1683 1266 1696 ,

694 1715 773 1748 puto
785 1730 793 1743 ,
809 1714 903 1747 poeta
925 1707 1068 1736 dicturus
1085 1712 1151 1734 erat
1167 1714 1175 1734 :
1188 1716 1267 1744 pue·

695 1764 740 1782 ro.
770 1754 854 1792 Quos
877 1760 966 1791 pater
994 1752 1175 1780 AEneas—
1194 1752 1269 1780 Bec-

695 1806 777 1828 tores
792 1807 913 1837 puero3
929 1803 966 1826 ut
980 1797 1071 1825 toties
1085 1796 1153 1825 aliis
1170 1796 1249 1826 locis
1261 1819 1269 1833 ‚

696 1843 784 1873 Iulus
803 1853 902 1882 puer,
929 1841 1088 1871 Ascanius
1108 1852 1209 1882 puer,
1239 1849 1271 1872 et

689 1899 773 1930 puer
795 1888 958 1924 absolute,
982 1894 1019 1917 nt
1044 1890 1096 1925 X,
1128 1898 1188 1926 703
1209 1898 1268 1917 nec

695 1945 798 1965 unum
813 1935 919 1964 locum
938 1944 1106 1964 occurrere
1121 1935 1268 1970 memini,

698 1992 764 2022 quo
793 1981 948 2011 Ascanius
976 1981 1103 2018 juvenis
1128 1979 1270 2016 dicatur3

698 2026 786 2068 quod
805 2034 914 2057 contra
935 2026 974 2055 de
993 2028 1105 2056 Turno
1127 2025 1271 2055 sollenne

699 2080 755 2103 est.
778 2073 895 2103 Melius
914 2072 992 2102 adeo
1017 2078 1101 2109 erat,
1126 2078 1272 2101 constan-

701 2126 764 2149 tem
789 2119 946 2148 librorum
970 2118 1139 2148 lectionem
1160 2119 1273 2147 retine-

700 2176 736 2196 re
750 2174 758 2197 :
776 2167 922 2196 Rectores
927 2164 1080 2206 juvenum
1095 2164 1127 2195 h.
1138 2166 1273 2195 Teucro-
