1414 2435
125 40 189 79 398
488 39 521 67 P.
549 36 733 67 vmmm
758 36 956 69 MARONIS

122 96 239 145 Regia
258 107 333 131 non
351 93 515 138 Semele,
534 105 612 129 non
629 93 780 130 Inachis
799 94 1014 140 Acrisione‚

176 154 320 191 Inmitti
337 161 556 203 exspectant
575 152 730 189 fulmine
751 161 788 190 et
806 152 949 200 imbre,
970 156 1104 191 Jovem
1122 168 1129 188 :

125 216 238 265 Cujus
256 224 292 251 et
309 214 358 252 ob
377 223 528 264 raptum
548 213 647 262 pulsi
664 213 810 263 liquere
830 217 986 251 Penates
1287 225 1319 249 35

174 275 371 325 Tarquinii
390 273 551 325 patrios,
571 273 668 310 filius
689 283 802 324 atque
821 283 949 324 pater;

123 336 211 383 Illo,
231 348 307 385 quo
327 335 494 386 primum
513 334 727 371 dominatus
747 336 870 372 Roma
888 334 1075 386 superbos

176 394 341 431 Mutavit
357 393 513 444 placidis
531 401 702 444 tempore
721 393 942 432 consulibus
963 409 971 430 :

123 456 263 502 Multa,
283 469 408 506 neque
427 455 630 502 inmeritis,
651 455 807 491 donavit
826 456 983 505 praemia
1002 455 1182 502 alumnis;

174 517 332 553 Praemia
350 517 521 553 Messalis
540 516 704 553 maxima
725 516 937 566 Poplicolis.
1291 526 1322 553 4ο

123 581 219 614 Nam
238 576 331 626 quid
351 589 420 626 ego
440 577 600 614 inmensi
618 590 825 614 memorem
843 577 969 615 studia
988 577 1060 614 ista
1079 576 1244 615 laboris?

176 637 342 674 Horrida
360 637 451 687 quid
472 638 577 674 durae
597 647 771 686 tempora
790 639 956 675 militiae?

125 703 255 738 Castra
274 700 357 735 foro
377 699 526 743 solitos,
546 697 634 734 urbi
651 711 876 748 praeponere
897 708 1037 743 castra,

178 763 271 796 Tam
290 759 423 808 procul
441 759 515 794 hoc
535 766 643 803 nam,
664 767 740 795 tam
760 760 895 807 procul
914 758 985 795 hac
1003 758 1151 808 patria?

126 819 367 855 Inmoderata
388 817 467 867 pati
486 830 586 853 nunc
607 817 769 866 frigora,
789 830 966 866 nuncque
986 818 1153 855 calores?
1293 826 1326 854 ⁴¹3

180 881 346 915 Stertere
365 878 425 913 vel
446 877 542 914 dura
562 888 672 927 posse
693 890 807 927 super
829 877 956 913 silice?

128 941 235 988 Saepe
253 948 398 974 trucem
418 937 577 973 adverso
597 936 745 986 perlabi
763 936 887 973 sidere
907 939 1092 974 Pontum?

179 999 287 1046 Saepe
306 1008 410 1032 mare
428 994 603 1031 audendo
618 995 790 1040 vincere,
810 1007 909 1044 saepe
928 995 1116 1032 hiemem?

129 1060 236 1106 Saepe
257 1055 369 1092 etiam
391 1054 525 1091 densos
544 1054 735 1091 inmittere
755 1067 893 1104 corpus
912 1055 952 1091 in
971 1054 1117 1100 hostes;

180 1119 426 1153 Communem
446 1114 536 1151 bclli
556 1127 625 1151 nec
644 1115 814 1152 timuisse
832 1114 969 1151 deum?
1297 1123 1328 1146 ⁵0

127 1177 238 1211 Nunc
256 1174 394 1211 celeres
413 1173 545 1219 Afros,
565 1174 812 1223 perituraque
832 1174 948 1210 millia
966 1174 1105 1224 gentis,

180 1240 307 1272 Aurea
328 1248 427 1271 nunc
446 1234 570 1284 rapidi
589 1235 746 1271 flumina
765 1235 869 1272 adire
888 1236 1005 1285 Tagi?

129 1300 238 1334 Nunc
259 1297 367 1332 aliam
386 1309 431 1332 ex
451 1295 523 1331 alia
542 1294 719 1331 bellando
739 1307 910 1345 quaerere
931 1298 1105 1345 gentem?
1145 1326 1149 1329 .

180 1357 342 1392 Vincere
362 1364 398 1391 et
419 1354 562 1391 Oceani
582 1354 720 1392 finibus
738 1355 918 1391 ulterius?

129 1421 215 1455 Non
235 1425 404 1453 nostrum
424 1424 496 1460 est,
517 1416 688 1465 inquam,
711 1424 832 1452 tantas
850 1414 1045 1465 adtingere
1066 1414 1214 1461 laudes;
1297 1424 1327 1448 55

183 1479 283 1523 Quin
303 1477 422 1513 ausim
439 1477 512 1512 hoc
529 1476 642 1513 etiam
662 1475 807 1521 dicere,
829 1476 893 1512 vix
914 1475 1111 1513 hominum
1129 1486 1196 1514 est.

132 1541 234 1587 Ipsa,
255 1537 333 1573 haec
354 1537 434 1586 ipsa
457 1537 577 1573 ferent
597 1549 724 1572 rerum
746 1545 990 1573 monumenta
1007 1549 1077 1586 per
1096 1536 1247 1581 orbem;

182 1600 267 1646 Ipsa
287 1596 358 1632 sibi
378 1596 571 1645 egregium
593 1596 690 1632 sacta
707 1595 821 1633 decus
840 1596 1000 1645 parient.

133 1661 209 1695 Nos
230 1670 292 1702 ea,
313 1668 396 1706 quae
418 1665 541 1692 tecum
563 1655 752 1693 finxerunt
773 1657 940 1694 carmina
960 1657 1056 1703 divi,

184 1716 388 1766 Cynthius,
409 1724 445 1751 et
465 1717 604 1761 Musae,
626 1716 810 1762 Bacchus,
832 1727 869 1754 et
886 1718 1028 1767 Aglaie.
1295 1727 1328 1750 60

135 1777 173 1814 si
196 1776 322 1813 laudes
342 1775 549 1825 adspirem,
570 1774 704 1813 humili
724 1776 789 1812 sed
808 1777 913 1813 adire
933 1780 1112 1822 Camena;

186 1837 226 1873 Si
246 1836 368 1886 patrio
389 1835 524 1873 Graios
544 1836 709 1873 carmine
730 1836 834 1873 adire
854 1837 947 1874 sales

135 1902 336 1935 Possumus
357 1913 363 1933 :
383 1897 520 1946 optatis
542 1897 624 1947 plus
639 1898 714 1947 Jam
735 1898 973 1947 procedimus
994 1898 1095 1947 ipsis.

186 1963 266 1997 Hoc
288 1959 374 1996 satis
396 1967 471 1995 est:
498 1958 626 2008 pingui
649 1959 699 1995 nil
719 1959 810 1996 mihi
831 1972 915 1996 cum
938 1959 1090 2008 populo.
