1414 2435
157 111 221 141 308
628 110 849 141 EXCURSUS
873 110 888 139 1

155 178 231 208 test,
247 178 277 200 et
296 171 374 201 mihi
394 170 578 209 videbatur,
596 172 630 201 in
653 170 873 211 superioribus
891 168 963 199 edd.
985 176 1080 210 atque
1102 170 1197 198 etiam
1212 177 1308 208 supra
1325 162 1363 196 ad

156 225 211 255 lib.
233 227 313 264 VII,
330 232 423 266 poeta
445 227 489 255 ita
507 236 575 256 rem
590 236 737 263 narrare,
756 226 846 266 quasi
860 224 914 255 ille
928 224 1013 254 inter
1027 225 1156 254 Latinos
1177 221 1364 252 accedentes

157 285 298 308 versetur
313 288 320 309 2
336 286 372 309 ut
387 280 449 320 ipsi
470 289 487 309 a
510 279 623 309 dextra
640 279 681 308 sit
701 277 844 314 Tiberis,
861 287 878 306 a
900 277 1027 306 sinistra
1042 287 1146 313 mare;
1161 275 1364 305 mirationem

157 332 255 362 facere
274 332 352 371 h0c3
367 333 458 364 aliter
475 340 582 364 tamen
600 340 703 374 poetae
716 332 813 362 verba
835 330 937 373 accipi
958 342 1027 361 non
1041 342 1143 372 posse.
1161 331 1289 361 Mireris
1305 340 1365 359 nec

156 386 276 422 mium,
297 397 312 415 a
332 387 477 424 nemine,
496 393 654 428 quantum
676 385 762 423 vidi,
789 392 937 416 notatum
955 385 1018 416 hoc
1041 395 1125 422 esse3
1142 395 1182 414 ne
1207 394 1224 413 a
1240 383 1364 424 Vulpio

156 439 283 482 quidem
305 442 341 471 in
357 443 446 472 Latio
466 442 530 473 vol.
548 443 614 479 VI,
629 452 658 472 e.
676 452 693 470 2
705 463 714 478 ,
731 440 788 470 ubi
807 440 847 471 de
863 440 959 479 Troja
974 450 1060 470 nova
1076 439 1151 479 agit.
1165 440 1239 469 Jam
1250 444 1344 479 porta
1355 460 1362 473 ,

155 506 227 536 quae
235 495 391 536 proxima
404 505 508 537 ponto
517 519 526 533 ,
542 496 591 526 illi
607 496 738 537 egressi,
753 495 882 526 Rutulis
895 494 1048 532 excubias
1061 493 1259 534 negligenter
1271 502 1366 533 agen-

155 549 240 579 tibus
262 550 300 579 ad
325 551 486 581 tumulum
504 549 634 580 tendere
660 549 833 587 volebant,
852 548 913 578 sub
938 558 1003 589 quo
1022 548 1107 577 viam
1132 546 1172 576 ad
1193 545 1363 579 Patauium,

154 613 208 632 seu
226 603 434 634 Pallanteum
445 627 453 640 ,
472 604 586 634 urbem
599 602 740 634 Evandri
756 602 840 644 (sup.
860 604 958 639 VIII,
977 602 1018 632 53
1031 624 1040 639 ‚
1059 602 1101 637 54
1114 600 1138 642 ),
1152 599 1286 641 reperiri
1298 609 1365 629 non

157 656 348 687 dubitabant
365 657 428 689 ref.
449 669 480 689 v,
512 658 592 698 195,
624 658 699 698 196.
719 659 917 687 successerat
934 655 1067 685 audacia
1091 655 1126 684 in
1150 654 1285 692 trajectu
1307 662 1367 692 per

155 710 293 740 Rutulos
309 711 412 749 facto,
430 719 461 742 et
475 711 552 742 laeva
572 723 603 743 v.
623 713 688 750 372
709 711 794 741 viam
816 710 987 747 tenebant,
1003 719 1121 750 quum,
1138 718 1230 745 ecce,
1245 707 1367 748 equites

161 773 176 792 a
191 775 263 805 rege
279 767 392 795 Latino
404 767 491 796 missi
508 777 618 796 versus
635 774 735 796 castra
757 765 894 795 tendunt
911 775 918 795 :
933 765 1021 794 missi
1042 766 1202 794 Laurento
1219 762 1361 802 equites:

158 819 295 859 Jamque
313 819 580 859 propinquabant
601 819 714 848 castris
736 829 904 859 murosque
926 817 1087 853 subibant,
1124 818 1229 856 Quum
1253 814 1370 856 procul

158 871 214 901 hos
238 872 316 902 Iaevo
324 873 497 915 flectentes
518 872 621 902 limite
639 879 785 903 cernunt.
805 871 931 902 Turbat
948 871 1095 911 superius
1117 869 1222 905 dicta,
1249 875 1280 898 et
1294 878 1368 908 pro-

158 924 308 955 babiliter
326 933 445 963 sumta,
470 926 560 956 locus
582 926 635 956 hic
655 936 663 956 ;
683 937 770 956 nunc
797 926 903 956 Latini
925 924 1037 954 vident
1058 933 1074 952 a
1096 923 1192 959 laeva,
1217 921 1306 962 quod
1328 922 1368 951 ab

157 989 268 1009 eorum
288 980 402 1011 dextra
423 982 551 1011 evenire
567 981 690 1012 debuit.
707 982 737 1011 A
750 983 911 1011 Laurento
928 979 1010 1010 urbe
1028 979 1079 1008 via
1096 976 1274 1008 secundum
1294 977 1370 1006 litus

158 1033 197 1063 ad
216 1034 269 1063 illa
284 1034 353 1064 loca
366 1034 514 1066 ducebat.
530 1036 730 1076 Deprehensi
744 1035 843 1076 igitur
858 1035 954 1065 Nisus
971 1040 1003 1063 et
1018 1032 1177 1073 Euryalus
1191 1031 1320 1072 fugiunt
1334 1032 1369 1060 in

158 1089 267 1118 silvam
278 1112 286 1125 ,
304 1100 350 1119 vs.
377 1090 441 1127 378
453 1113 460 1127 ‚
487 1091 714 1120 Laurentinum
733 1089 870 1125 scilicet,
896 1088 982 1119 unde
999 1089 1096 1118 Nisus
1113 1085 1244 1126 quidem
1258 1095 1369 1115 versus

158 1144 261 1174 lacum
280 1144 445 1174 Albanum
461 1145 599 1174 elabitur
619 1156 664 1175 vs.
685 1144 747 1182 387
765 1155 846 1185 sqq„
867 1143 922 1173 sed
938 1142 1118 1184 Euryalum
1134 1151 1166 1171 se
1181 1150 1251 1170 non
1263 1139 1371 1170 subse-

158 1206 295 1239 quutum
311 1199 439 1237 videns,
453 1201 569 1229 iterum
585 1199 623 1229 ad
637 1200 748 1229 silvam
763 1210 909 1229 reversus
923 1209 998 1228 cum
1017 1198 1122 1227 amico
1141 1206 1201 1226 suo
1213 1195 1370 1225 interimi-

159 1259 221 1281 tur.
238 1254 350 1283 Fateor
363 1265 413 1283 me
426 1253 494 1283 haec
513 1265 579 1283 non
594 1254 635 1283 ita
650 1253 802 1294 expedire
817 1263 925 1294 posse,
941 1259 977 1282 ut
991 1252 1069 1282 mihi
1083 1251 1145 1292 ipsi
1158 1249 1347 1280 satisfaciam
1360 1257 1367 1278 ε

159 1308 264 1347 itaque
290 1318 325 1337 ea
351 1319 392 1338 ex
418 1309 492 1350 ipsis
513 1309 758 1339 Commentariis
783 1309 818 1338 in
838 1314 964 1348 poetam
992 1313 1116 1336 exemta
1134 1306 1169 1335 in
1187 1306 1369 1335 Excursum

158 1363 311 1401 rejecisse.
327 1365 409 1393 Sunt
424 1370 531 1394 tamen
549 1363 630 1400 duo,
645 1373 718 1404 quae
734 1362 837 1393 adhuc
851 1362 944 1392 dictis
957 1362 1116 1400 subjicere
1133 1359 1225 1390 lic‘eat
1242 1368 1249 1389 :
1265 1359 1369 1400 primo

159 1418 190 1447 in
206 1429 266 1448 vss.
284 1419 346 1456 237
368 1430 437 1459 sqq.
457 1419 561 1448 locum
586 1417 709 1448 inst'dit's
725 1417 954 1458 conspeximus
968 1416 1047 1458 ipsi,
1073 1417 1144 1456 Qua
1154 1421 1251 1456 patet
1271 1413 1304 1443 in
1323 1413 1369 1442 bi-

159 1470 206 1499 vio
215 1480 338 1511 portet»,
356 1483 429 1513 quae
439 1471 704 1513 p1·o.ri1napouto
720 1479 780 1508 cst,
798 1481 929 1512 possum
946 1469 1047 1499 rideri
1062 1478 1229 1510 perperam
1244 1467 1278 1498 in
1292 1467 1370 1498 laevo

158 1532 333 1555 castrorum
350 1526 447 1556 latere
461 1534 591 1568 portam
618 1527 819 1556 constituisse
838 1535 844 1554 :
871 1531 964 1565 poeta
983 1524 1069 1553 enim
1089 1523 1157 1562 ipse
1179 1531 1247 1551 non
1270 1518 1369 1561 profi·

159 1586 243 1608 tetur
259 1579 369 1609 laevam
385 1588 512 1620 portam
528 1581 640 1616 fuisse;
657 1580 712 1609 sed
730 1586 854 1608 tantum
874 1578 936 1608 hoc
959 1576 1165 1618 pronuntiat,
1184 1575 1278 1604 fuisse
1294 1584 1366 1614 por-

160 1640 239 1668 tam,
258 1644 330 1674 qua*
347 1634 494 1663 admare
518 1634 656 1663 ducebat
677 1645 687 1663 .·
704 1634 730 1662 si
749 1631 863 1662 bivium
890 1631 934 1661 ibi
958 1631 1032 1667 fuit,
1055 1639 1184 1659 necesse
1203 1635 1250 1658 est
1275 1628 1370 1658 fuisse

159 1688 271 1719 eodem
287 1688 360 1718 1000
378 1689 459 1717 viam
476 1688 606 1718 alteram
625 1698 697 1730 qnae
715 1686 926 1717 sinistrorsum
947 1687 978 1715 in
998 1685 1151 1715 interiora
1167 1684 1236 1713 loca
1255 1689 1371 1724 praeter

161 1750 273 1779 castra,
295 1753 350 1772 scu
368 1749 545 1772 castrorum
565 1744 731 1772 sinistrum
750 1742 831 1771 latus
845 1740 999 1776 ducebam
1017 1740 1058 1768 ita
1077 1737 1234 1768 sublatam
1253 1736 1373 1767 dixeris

159 1797 241 1826 hane
261 1795 492 1827 difficultatem.
512 1800 619 1828 Restat
649 1797 745 1827 altera
774 1806 834 1825 VSS.
865 1795 949 1833 372,
975 1793 1031 1823 ubi
1049 1794 1208 1823 Laurento
1235 1791 1369 1833 profecti

161 1852 283 1891 equites
301 1851 413 1881 Nisum
429 1858 459 1880 ct
473 1851 649 1893 Euryalum
665 1862 681 1881 e
697 1857 789 1892 porta
806 1849 903 1880 tuodo
920 1853 1094 1879 memorata
1107 1856 1247 1888 egressos
1261 1844 1372 1875 vident

163 1905 416 1948 loevostcctcnces
437 1905 550 1936 limite.
567 1907 626 1936 Hic
645 1916 720 1935 vero
742 1912 828 1935 recte
844 1910 926 1947 puto
949 1900 1103 1933 contendi
1125 1910 1233 1941 posse,
1250 1900 1371 1941 equites

163 1960 293 2001 quidem
316 1971 330 1990 a
351 1959 464 1990 dextra
489 1972 545 1991 sna
569 1972 622 1992 eos
645 1961 861 2003 pt·0spexisse;
883 1966 913 1990 at
937 1957 1004 1988 duo
1027 1955 1184 1994 'trojanos
1205 1954 1286 1984 Iaeva
1308 1955 1370 1985 ista

172 2016 240 2053 via,
264 2028 279 2046 a
304 2023 390 2058 parte
417 2016 495 2046 laeva
521 2023 697 2046 castrorum
722 2015 760 2046 nd
780 2014 931 2045 interiora
949 2009 1134 2045 tetendisse,
1152 2007 1238 2038 uude
1263 2009 1372 2050 paullo

166 2078 235 2110 post
251 2071 290 2100 :ul
306 2071 449 2102 Tiberini
469 2079 498 2102 et
521 2071 661 2101 Evandri
685 2070 773 2101 sedes
795 2081 827 2099 se
851 2072 1074 2100 converterent
1090 2075 1187 2095 cursu
1206 2065 1368 2106 petendas.

167 2125 231 2153 Nisi
254 2125 360 2160 fallor,
384 2126 441 2156 hnc
466 2127 728 2168 interpretatione
752 2136 768 2155 e
788 2123 918 2155 salebris
932 2122 1079 2153 locorum
1102 2119 1193 2151 evadi
1217 2120 1370 2162 quodam—

167 2178 261 2208 modo
275 2191 375 2219 posse.
