1414 2435
397 98 618 128 EXCURSUS
643 96 704 126 AD
727 98 894 128 LIBRUM
918 100 960 128 X.
1211 99 1274 128 315

79 160 165 190 eoin
181 169 315 190 numero
335 169 400 189 esse
418 159 525 194 Caere,
542 157 670 195 pisam,
689 157 870 188 Saturniam
894 167 925 189 et
947 158 1030 203 alias
1050 159 1208 200 quasdam
1225 171 1278 189 ιιι-4

80 214 151 251 bes,
178 224 259 255 quas
280 213 372 255 ipsis,
396 212 546 254 temporis
562 223 752 255 progressu,
777 214 905 243 Etrusci
926 215 1116 255 eripuerunt.
1142 216 1277 245 Potuere

81 280 156 310 ergo
174 270 258 299 inter
271 261 325 298 'eas
342 268 439 298 urbes
450 291 458 306 ,
477 279 555 309 quas
571 268 693 310 Pelasgi
707 276 838 298 tenuere
849 291 857 306 ‚
874 275 905 298 et
919 269 981 299 ilice
995 281 1060 299 esse
1070 292 1079 307 ‚
1095 280 1172 310 quas
1183 276 1277 310 poeta

81 324 249 353 recensuit.
267 323 346 352 Nam
366 324 462 352 Veios
473 345 481 360 ,
498 323 652 360 Falerios,
662 323 853 363 Tarquinios
866 334 932 353 non
946 323 1028 353 bene
1044 324 1151 364 potuit
1166 323 1278 362 adjun-

80 387 171 418 gere,
186 378 305 417 quippe
323 377 494 418 aliquando
514 379 665 408 Romanis
686 377 816 407 infestos
834 377 969 408 futuros.
989 379 1101 417 Neque
1116 377 1223 418 potuit
1241 376 1279 406 ad

79 432 175 461 urbes
190 439 326 462 remotas
337 455 345 470 ‚
362 433 499 462 maxime
519 443 560 462 ex
580 433 788 462 interioribus
801 433 890 462 terris
900 455 909 470 ‚
928 431 1078 472 progredi
1094 441 1102 462 ε
1117 430 1279 471 quomodo

79 486 163 514 enim
183 486 217 514 in
236 493 298 516 tam
316 487 408 516 brevi
424 493 567 527 tempore
582 488 682 527 copiae
695 485 770 516 inde
782 486 860 516 duci
875 486 1074 526 potuissent?
1086 486 1130 515 At
1144 484 1279 514 navibus

79 549 95 568 e
114 540 279 570 maritimis
296 542 479 571 civitatibus
494 543 606 571 arcessi
619 547 777 582 poterant.

129 593 284 631 Clusium,
307 596 433 626 Camers
455 596 507 625 vel
529 597 655 627 Camars
671 596 749 625 olim
768 595 907 631 dictum,
930 594 1014 624 inter
1033 595 1140 624 AEneae
1163 593 1281 622 auxilia

79 647 161 677 bene
186 650 297 679 referri
321 651 446 690 potuit,
475 650 738 690 quandoquidem
762 651 796 679 in
820 650 1003 679 societatem
1024 655 1054 678 et
1077 648 1247 678 amicitiam
1265 658 1282 677 a

81 705 233 734 Romanis
261 711 422 745 receptum
447 705 614 734 Gallorum
642 714 727 733 arma
753 705 788 734 in
809 706 970 734 Romanos
994 704 1129 733 avertit:
1147 703 1213 732 Liv.
1230 703 1279 738 V,

84 758 126 788 36
150 769 196 799 sq.
221 761 295 789 Erat
324 759 402 789 urbs
434 760 670 800 antiquissima,
694 769 756 800 qua
784 759 910 788 Etrusci
938 757 1078 787 Umbros
1105 757 1285 795 ejecerant3

83 811 122 842 de
137 823 199 853 qua
215 820 246 844 et
261 814 329 844 aliis
341 837 349 851 ‚
367 824 438 854 quae
452 821 633 853 sequuntur
643 836 651 850 ‚
667 813 730 854 egit
744 823 832 842 nunc
850 811 977 842 doctiss,
988 810 1102 851 Lanzi(
1115 810 1234 852 Saggio
1249 809 1283 839 di

81 866 193 908 lingua
203 869 338 897 Etrusca
350 874 426 897 tom.
439 867 483 909 11)
501 866 598 904 Cosae,
613 867 665 896 vel
679 868 759 897 Cosa
769 890 777 904 ‚
788 866 826 896 ad
839 877 923 896 mare
934 875 1028 906 supra
1042 865 1188 895 Herculis
1202 874 1280 904 por-

83 927 151 950 tum
167 922 253 960 sitae‚
279 922 361 953 Cosa
385 921 595 952 Vola-femiam
616 922 720 952 Plinio
737 921 829 950 dictae
847 920 904 950 lib.
923 921 971 948 111
983 942 991 956 ‚
1012 919 1031 948 5
1043 942 1051 956 ,
1076 918 1093 947 8
1106 941 1114 955 ,
1139 928 1154 947 a
1175 917 1283 947 Volcis

83 973 234 1006 videntur
267 987 332 1006 esse
368 976 534 1014 deductae3
566 977 733 1016 antiquum
766 974 799 1004 id
829 975 965 1004 Etruriae
997 971 1171 1012 oppidum,
1200 971 1281 1001 forte

84 1029 125 1058 ad
160 1031 267 1070 ipsum
297 1031 445 1062 Clusium
477 1032 633 1071 originem
657 1030 784 1065 retulit,
809 1035 863 1057 aut
895 1027 955 1056 sub
990 1027 1196 1056 Clusinorum
1227 1035 1283 1065 po-

86 1088 228 1111 testatem
255 1084 333 1111 olim
361 1085 434 1111 fuit.
470 1085 562 1110 Certe
585 1094 626 1109 ex
651 1082 700 1109 his
727 1092 830 1109 unum
862 1091 974 1120 agmen
1003 1078 1175 1108 conflatum
1198 1077 1281 1108 vide-

85 1146 156 1165 mus
185 1136 220 1165 in
247 1135 394 1176 Virgilio.
427 1136 528 1164 Ducit
558 1133 640 1164 illud
668 1135 824 1164 Massicus
839 1143 847 1164 ε
878 1133 940 1162 sub
976 1143 1040 1173 quo
1075 1132 1281 1163 Clusinorum

84 1191 142 1219 Lar
169 1200 235 1219 esse
261 1188 372 1218 debuit
397 1187 540 1225 Osinius,
569 1189 625 1228 qui
646 1187 729 1217 infra
757 1197 839 1217 vers.
864 1187 930 1216 655
961 1193 1165 1216 memoratur.
1194 1183 1283 1214 Alte-

82 1253 155 1272 rum
175 1254 286 1284 agmen
300 1250 346 1272 est
361 1254 401 1272 ex
415 1242 615 1283 Populonia,
637 1252 694 1271 seu
708 1241 888 1282 Populonio
899 1264 907 1278 ,
925 1247 955 1270 et
971 1251 1010 1270 ex
1024 1239 1127 1270 insula
1143 1239 1213 1269 Ilva
1227 1249 1283 1268 scu

82 1298 216 1328 AEthalia
227 1321 236 1336 ,
251 1308 338 1328 nunc
357 1298 460 1333 Elba,
480 1299 508 1327 ei
523 1297 663 1336 objecta,
680 1303 838 1326 coactum.
855 1295 1028 1336 Populonii
1050 1296 1139 1335 origo
1160 1295 1283 1323 incerta

83 1359 139 1383 est.
153 1352 218 1383 vid.
232 1354 319 1383 SerV.
335 1352 374 1382 ad
397 1352 429 1382 h.
446 1353 468 1383 l.
485 1353 570 1389 Ilva,
594 1354 802 1382 Etruscorum
825 1351 950 1380 colonia
970 1349 1056 1390 (vid.
1082 1348 1230 1389 Stephan.
1248 1349 1282 1378 in

85 1403 199 1438 Αἰθάλη
211 1405 240 1446 ),
257 1402 340 1435 olim*
355 1407 442 1443 aeris,
465 1417 543 1435 mox
561 1405 636 1435 ferri
660 1404 776 1435 fodinis
799 1404 1006 1434 nobilissima.
1023 1403 1087 1433 vid.
1102 1403 1215 1433 Strabo
1231 1404 1279 1438 V,

83 1470 153 1501 pag.
173 1461 237 1495 342
251 1471 259 1497 ;
279 1459 412 1490 Diodor.
427 1461 470 1497 V,
494 1461 532 1489 13
552 1466 583 1488 et
599 1459 637 1489 al.
654 1458 738 1499 apud
755 1459 882 1489 Cluver.
898 1458 967 1488 Ital.
982 1468 1052 1499 pag.
1072 1459 1136 1488 502
1151 1469 1236 1499 seqq.
1252 1465 1286 1488 et

83 1517 171 1546 Serv.
186 1514 224 1543 ad
242 1514 274 1544 h.
290 1513 313 1545 l.
330 1514 421 1544 Mille
437 1515 522 1544 viros
544 1513 621 1543 Pisa
638 1513 793 1543 adductos
814 1512 960 1542 videmus
972 1523 1004 1542 v.
1023 1512 1213 1549 175—180.
1233 1511 1283 1541 Pi-

85 1577 150 1598 sam
170 1574 274 1598 autem
289 1569 372 1598 inter
389 1567 484 1597 urbes
503 1578 519 1596 a
534 1567 685 1608 Pehsgis,
699 1567 738 1596 ab
753 1566 987 1607 Aboriginibus
1002 1565 1157 1595 habitatas
1175 1564 1282 1605 paullo

85 1629 157 1652 ante
179 1621 318 1652 vidimus
333 1632 341 1653 :
356 1629 392 1652 ut
415 1623 499 1652 inter
517 1623 749 1662 antiquissimas
769 1621 855 1651 illam
869 1621 963 1650 fuisse
976 1631 1103 1650 necesse
1118 1619 1168 1650 sit.
1183 1621 1282 1659 Lyco-

85 1675 190 1716 phron
205 1677 290 1716 ipsos
312 1676 418 1717 Lydos
434 1676 569 1707 advenas
584 1678 685 1708 Pisam
704 1687 875 1716 occupasse
896 1675 991 1706 tradit
1013 1687 1042 1705 v.
1072 1675 1158 1714 1359
1170 1697 1178 1711 ,
1195 1674 1283 1714 quod

87 1741 126 1760 ex
145 1731 297 1771 opinione
320 1737 464 1761 veterum
482 1731 521 1761 de
543 1733 753 1762 Etruscorum
774 1742 814 1761 ex
837 1730 936 1772 Lydia
962 1731 1084 1771 origiue
1105 1728 1283 1768 intelligen-

87 1785 175 1815 dum.
191 1786 277 1815 Fecit
295 1791 401 1814 tamen
414 1785 624 1825 scriptoribus
643 1786 784 1815 fraudem
804 1792 835 1815 et
854 1785 921 1814 haec
935 1785 1073 1813 nominis
1089 1782 1264 1813 similitudo
1276 1806 1284 1819 ‚

86 1846 123 1869 ut
141 1850 158 1869 a
181 1840 248 1870 Pisa
265 1838 364 1869 Elidis
382 1839 541 1879 profectos
557 1838 718 1875 dicerent,
733 1839 790 1878 qui
813 1840 915 1868 Pisarn
935 1839 1070 1867 Etruriae
1093 1835 1283 1875 conderent3

87 1894 151 1924 vid.
172 1893 286 1924 Strabo
300 1895 342 1931 V,
358 1903 429 1933 pag.
446 1894 510 1928 340
528 1894 570 1930 133
589 1892 669 1923 Plin.
687 1894 753 1929 111,
771 1892 807 1927 5;
827 1892 945 1921 Justin.
966 1892 1045 1926 XX,
1069 1900 1080 1919 1
1095 1901 1103 1927 ;
1121 1890 1220 1921 Solin.
1243 1891 1260 1920 8
1274 1913 1282 1928 ,

88 1953 120 1977 et
140 1959 157 1978 e
180 1954 290 1978 nostro
314 1947 414 1978 Rutil.
441 1948 514 1977 Itin.
531 1947 545 1975 1
559 1969 567 1984 ,
587 1946 652 1976 565
674 1957 721 1985 sq.
738 1944 838 1974 Addit
854 1943 967 1975 Strabo
988 1944 1082 1973 fuisse
1098 1954 1151 1973 eos
1167 1955 1207 1973 ex
1229 1944 1283 1981 iis,

89 2003 146 2043 qui
159 2004 325 2034 Nestorem
341 2003 380 2032 ad
396 2002 489 2032 Ilium
503 2001 629 2041 sequuti
645 2002 680 2030 in
694 1999 799 2029 reditu
812 1999 861 2028 via
875 1998 1109 2029 aberraverant.
1126 1997 1285 2029 Homerus

91 2062 194 2086 tamen
202 2058 319 2086 Pisatns
328 2067 394 2086 non
404 2061 629 2086 commemorat
645 2055 727 2084 inter
740 2064 792 2083 eos
802 2077 810 2091 ‚
821 2064 902 2093 quos
912 2054 1026 2083 Nestor
1036 2052 1180 2083 adduxit.
1192 2051 1283 2083 Adde

91 2109 238 2139 Sei-viana
251 2110 290 2140 ad
302 2121 333 2141 v,
353 2121 414 2150 179
429 2109 461 2140 h.
479 2110 519 2148 l.‚
533 2109 619 2139 unde
632 2115 717 2149 patet
731 2107 823 2148 plura
842 2107 936 2136 fuisse
954 2113 1118 2147 poetarum
1131 2129 1139 2143 ,
1152 2106 1203 2136 vel
1218 2105 1283 2136 his-

93 2161 264 2193 toricorum
285 2171 462 2194 commenta
478 2164 517 2194 de
537 2165 615 2194 Pisae
628 2164 760 2204 origine.
773 2161 845 2192 Alia
864 2168 968 2190 tamen
985 2161 1019 2190 in
1040 2161 1150 2191 Servio
1170 2160 1288 2202 legerat

92 2214 158 2246 Jul.
172 2215 276 2248 Sabin.
292 2219 442 2259 Sequitur
455 2229 486 2250 v.
508 2218 687 2254 180—184
708 2218 806 2247 Astur
822 2225 894 2246 cum
913 2215 1059 2245 trecentis
1079 2224 1118 2245 ex
1138 2213 1261 2256 Agylla
1271 2235 1289 2249 ,.
