1414 2435
128 82 189 111 162

626 78 817 109 AENEIDOS

121 136 329 184 Procubuit
348 146 481 183 super,
501 142 613 182 atque
631 133 750 171 haeret
769 132 1044 182 lacrimansque
1065 143 1291 181 gemensque
1304 158 1312 172 ,

125 201 173 234 Et
190 198 251 234 via
270 197 333 232 vix
354 194 504 230 tandem
521 193 608 231 voci
627 194 750 230 laxata
770 194 901 230 dolore
918 201 973 230 est
995 207 1003 228 :
1271 200 1314 223 151

127 274 142 289 a
162 259 247 293 Non
267 256 365 299 haec,
387 266 410 289 o
429 253 550 298 Palla,
571 252 728 290 dederas
744 253 929 302 promissa
949 252 1112 302 parenti,

124 315 278 351 Cautius
298 321 341 350 ut
359 325 458 349 saevo
477 312 591 349 velles
610 320 645 348 te
664 312 819 349 credere
838 312 971 349 Marti!

126 373 239 411 Haud
259 374 410 422 ignarus
430 385 549 418 eram,
569 381 751 421 quantum
770 384 869 408 nova
888 371 1007 420 gloria
1025 372 1064 408 in
1082 371 1212 416 armis,

123 437 172 470 Et
190 433 379 483 praedulce
396 432 509 469 decus
530 431 655 482 primo
674 432 878 468 certamine
897 439 1035 481 posset.
1273 438 1319 461 155

125 492 304 529 Primitiae
319 491 470 541 juvenis
489 491 652 527 miserae!
673 490 837 540 bellique
855 490 1060 539 propinqui

126 555 233 589 Dura
252 552 483 589 rudimenta!
504 559 541 587 et
559 551 652 587 nulli
671 550 848 600 exaudita
868 550 1026 586 deorum

126 615 227 649 Vota
246 624 452 661 precesque
472 613 581 647 meae!
602 619 736 659 tuque,
757 622 781 646 o
800 610 1032 646 sanctissima
1050 608 1205 657 conjux,

128 671 235 710 Felix
253 680 374 708 morte
394 680 475 717 tua,
495 684 618 720 neque
638 671 676 707 iu
694 669 796 706 hunc
815 678 962 706 servata
979 669 1165 705 dolorem!

129 733 271 768 Contra
289 742 358 780 ego
378 730 541 766 vivendo
560 730 636 766 vici
654 743 738 766 mea
757 731 850 774 fata,
871 737 1059 777 superstes

1276 735 1322 759 ³60

130 793 326 827 Restarem
345 796 386 824 ut
405 789 563 837 genitor.
585 791 729 824 Troum
747 788 848 824 socia
867 800 970 823 arma
987 795 1158 823 secutum

131 849 351 886 Obruerent
370 847 501 883 Rutuli
522 846 618 882 telis!
641 847 802 882 animam
821 846 900 896 ipse
920 846 1123 891 dedissem,

130 913 255 958 Atque
274 907 355 943 haec
374 919 512 956 pompa
531 905 684 942 domum
703 918 781 951 me,
801 918 876 942 non
894 906 1075 951 Pallanta,
1097 905 1270 941 referret!

131 972 211 1007 Nec
229 981 297 1005 vos
317 967 524 1017 arguerim,
545 966 700 1013 Teucri,
721 979 789 1002 nec
809 966 969 1012 soedcra,
988 979 1057 1002 nec
1076 979 1168 1015 quas

133 1027 334 1066 Junximus
352 1026 537 1075 hospitio,
558 1024 708 1062 dextras
729 1040 736 1060 :
758 1038 838 1061 sors
858 1025 927 1062 ista
947 1034 1105 1062 senectae

1278 1033 1324 1056 165

131 1087 270 1125 Debita
290 1094 369 1122 erat
388 1093 524 1121 nostrae
544 1099 552 1120 :
575 1084 677 1134 quod
696 1085 727 1121 si
748 1085 935 1121 inmatura
954 1084 1130 1121 manebat

134 1150 240 1185 Mors
260 1154 408 1193 natum,
429 1144 532 1182 caesis
550 1145 776 1182 Volscorum
793 1145 956 1182 millibus
978 1154 1081 1190 ante,

129 1308 184 1327 nes
199 1296 296 1327 Goth.
320 1304 351 1326 et
375 1297 439 1327 Erf.
457 1299 601 1338 Tumque
621 1304 700 1327 esset

131 1343 180 1373 vel
199 1353 207 1373 :
229 1353 322 1382 super
334 1343 504 1379 Pallante,
513 1343 636 1384 feretro
654 1355 700 1373 rc-

127 1388 253 1428 posito;
274 1388 323 1418 vel
339 1398 346 1419 :
364 1399 457 1428 saper
477 1390 629 1419 Pallante
650 1400 698 1419 re-

124 1434 230 1475 posico
260 1435 294 1463 in
315 1433 450 1474 feretro.
482 1435 637 1464 Pallanta
666 1437 699 1464 iu

129 1479 275 1511 Mediceo
312 1481 489 1520 Aproniani
520 1481 699 1510 emendatio

129 1533 185 1556 est.
196 1525 280 1555 conf.
295 1525 361 1556 Jul.
372 1525 442 1555 Sab.
458 1525 517 1555 Sed
527 1525 606 1556 foi-te
615 1526 698 1555 frau-

129 1571 202 1602 dem
218 1571 290 1600 fecit
309 1572 449 1610 ignorata
466 1572 552 1600 vocis
576 1579 698 1611 reposto

129 1615 318 1658 significatio
343 1616 374 1645 h.
401 1616 422 1646 l.
450 1627 507 1656 pro
531 1616 696 1656 deposito,

128 1663 233 1704 posito
261 1661 697 1701 si1npuciter.——152—15.3.

129 1708 269 1739 Turbata
289 1708 390 1737 oratio
406 1707 515 1737 dolore
529 1708 696 1748 loquentis.

130 1755 162 1784 Si
191 1764 264 1783 vera
292 1760 337 1783 est
355 1753 465 1790 lectio,
487 1754 546 1791 ita,
565 1761 599 1783 ut
626 1754 698 1783 seci-

130 1810 220 1836 mus,
242 1799 510 1840 interpungenda‚
524 1807 554 1829 et
576 1801 619 1829 sic
644 1811 698 1829 ex-

130 1845 246 1885 plenda
261 1852 306 1875 est
323 1855 330 1875 :
348 1847 420 1877 Nou
439 1845 499 1875 hoc
515 1847 699 1886 promiseras

132 1891 209 1921 mihi
225 1893 258 1921 in
280 1891 433 1921 discessu!
452 1899 485 1921 uc
501 1892 622 1928 velles,
641 1892 700 1922 uti-

133 1948 204 1967 nam
225 1937 374 1967 voluisses
388 1959 396 1973 ‚
421 1937 547 1967 credere
563 1945 593 1968 ce
614 1939 699 1967 Mur-

133 1983 174 2017 ιὶ,
203 1993 334 2024 pugnae,
365 1983 520 2023 periculo,
554 1983 699 2013 cautius!

133 2029 232 2057 Etiam
250 2030 283 2058 in
298 2039 365 2069 sqq.
381 2030 543 2058 sententia!
557 2030 699 2069 abrupta:

133 2073 274 2103 dolorem
291 2082 418 2105 acuunt.
430 2093 474 2098 —
486 2086 497 2104 1
507 2076 559 2105 56.
585 2075 699 2105 Primi-

134 2118 187 2148 tia·
213 2119 347 2157 juvenis.
376 2121 525 2157 juvenilis
557 2122 696 2158 virtutis,

135 2164 297 2195 factorum.
317 2165 399 2195 Rem
412 2167 601 2208 propinqui,
624 2165 695 2197 fini·

754 1299 838 1333 timi,
853 1309 888 1327 ac
902 1299 1035 1328 nimium
1050 1298 1164 1335 vicini,
1181 1308 1244 1338 quo
1259 1299 1323 1329 Pal-

752 1345 796 1373 las
807 1345 889 1373 mitti
905 1352 1028 1385 posset3
1043 1352 1079 1374 ut
1091 1347 1177 1375 δεῖν.
1190 1362 1234 1367 -—
1249 1354 1260 1373 1
1270 1345 1323 1374 58.

754 1391 964 1420 Sanctissima
989 1390 1124 1431 conjnx,
1155 1398 1237 1420 casta
1248 1413 1256 1427 ,
1288 1398 1324 1420 ut

753 1436 833 1466 bene
859 1437 1003 1467 Macrob.
1033 1438 1099 1473 111,
1117 1437 1133 1466 3
1147 1459 1155 1472 ‚
1177 1437 1251 1466 160.
1271 1436 1323 1465 Vi-

753 1482 853 1511 vendo
868 1482 940 1517 vici,
958 1493 1029 1511 mea
1033 1482 1112 1523 saca
1122 1493 1134 1517 ;
1153 1482 1256 1522 simpl.
1274 1492 1323 1511 ac-

752 1529 835 1567 cipio
860 1536 868 1556 :
900 1529 996 1556 vitam
1027 1529 1170 1566 protraxi
1197 1527 1323 1568 longius

752 1583 844 1612 quatu
876 1579 985 1601 natura
1023 1573 1102 1602 ferre
1137 1573 1321 1607 videbatur,

752 1618 892 1657 mihique
913 1612 990 1647 :ideo
1013 1619 1078 1658 ipse
1094 1620 1272 1659 supervixi,
1288 1626 1323 1649 ut

753 1670 840 1703 pater
855 1671 1010 1703 superstes
1023 1675 1122 1693 essem
1136 1666 1225 1694 nato!
1241 1667 1323 1695 Fata

752 1720 810 1749 pro
827 1717 943 1746 morte,
962 1721 1055 1749 quam
1070 1721 1110 1740 ex
1124 1718 1245 1740 naturae
1257 1711 1324 1752 lege

749 1756 812 1793 jam
824 1754 944 1785 dudum
955 1756 1059 1786 subire
1068 1756 1227 1786 debuisset
1237 1779 1245 1793 ‚
1255 1764 1324 1787 aeta-

754 1808 782 1830 te
803 1801 880 1831 adeo
899 1810 1059 1842 provecta.
1079 1804 1205 1832 Servius
1221 1809 1252 1832 et
1269 1803 1322 1832 alii

752 1847 937 1887 interpretes
952 1848 1013 1878 sibi
1028 1849 1086 1889 ipsi
1104 1849 1230 1888 laqueos
1246 1849 1324 1878 mira

752 1893 927 1923 subtilitate
943 1894 1094 1924 iuduunt.
1107 1911 1151 1917 —
1167 1893 1240 1924 162.
1260 1894 1320 1923 05-

752 1946 896 1973 ruerent,-
914 1940 1035 1969 utinam
1062 1950 1110 1969 me
1133 1940 1237 1979 ipsum
1262 1940 1319 1969 ob-

753 1985 887 2015 ruissent
899 1986 906 2014 !
918 2001 962 2007 —-
978 1985 1050 2014 [66.
1066 1985 1161 2025 Quod
1171 1985 1206 2015 si.
1227 1986 1257 2015 Si
1279 1993 1322 2015 ta-

753 2041 836 2060 men.
853 2030 950 2060 Solari
968 2041 999 2059 se
1017 2031 1120 2070 ipsum
1142 2032 1320 2071 incipit.—

758 2075 831 2112 167.
853 2076 1032 2105 Volscorum
1049 2087 1060 2105 .·
1080 2083 1114 2106 ut
1139 2084 1230 2117 poeta
1253 2088 1320 2108 om—

752 2121 828 2151 niuo
843 2131 900 2161 pro
910 2121 1053 2152 hostibus
1067 2122 1164 2152 dixit:
1176 2134 1248 2153 nam
1259 2125 1322 2154 Ru-

752 2166 824 2197 tulis
848 2174 877 2197 ct
904 2168 1019 2199 Latinis
1043 2167 1171 2199 aderaut
1188 2169 1320 2204 Volsci.
