1414 2435
78 63 141 93 104

573 55 767 87 AENEIDOS

72 118 144 151 Per
162 113 287 150 varios
306 111 438 149 sternit
458 124 576 150 casus.
593 112 776 150 Adcurrit
795 112 953 149 Halesus
965 140 974 158 ‚

72 179 336 222 Auruncaeque
354 184 505 219 manus3
527 171 629 210 subit
648 181 685 209 et
704 173 895 223 Neptunia
915 173 1057 222 proles,

72 233 231 283 Insignis
248 230 570 282 Messapus‘equis
591 246 599 267 :
619 233 809 281 expellere
827 232 985 269 tendunt

72 295 182 330 Nunc
201 292 258 338 hi,
276 305 377 328 nunc
393 291 464 339 illi3
485 299 653 328 certatur
673 291 801 328 limine
819 291 858 328 in
875 292 959 341 ipso
1226 297 1271 321 3⁵⁵

73 353 250 389 Ausoniae
268 367 276 388 :
295 364 431 402 magno
451 351 643 389 discordes
666 352 806 389 aethere
822 351 926 388 venti

73 412 205 448 Praelia
224 425 293 448 ceu
312 412 468 457 tollunt,
489 411 622 448 animis
643 419 680 447 et
699 411 846 447 viribus
864 411 981 460 aequis
1001 425 1009 445 ε

72 473 158 507 Non
178 471 250 521 ipsi
267 471 366 508 inter
382 484 440 516 se,
458 483 535 507 non
554 470 703 516 nubila,
722 482 800 506 non
818 482 922 506 mare
942 469 1099 516 cedunt3

73 532 221 579 Anceps
237 543 365 580 pugna
384 529 468 576 diu3
490 538 589 567 stant
609 529 758 577 obnixi5
780 529 907 565 omnia
923 537 1065 565 contra.

73 589 186 626 Haud
206 591 315 627 aliter
333 591 507 640 Trojanae
526 590 624 627 acies
643 591 817 640 aciesque
837 589 979 626 Latinae

73 751 124 778 se3
142 742 189 770 uti
212 741 274 770 fuit
294 742 352 771 Ge.
372 743 422 778 ΙΙ,
441 743 495 780 37.
513 741 573 773 Sed
586 753 644 782 po-

74 787 134 817 tuit
143 797 159 816 a
172 794 265 827 poeta
274 788 412 817 Ismarus
421 798 480 828 pro
491 787 645 817 Ismarius

73 833 156 869 dici,
171 840 207 862 ut
225 839 272 863 tot
291 834 361 864 alia.
385 836 525 863 Ismarus
541 840 646 864 autem

74 890 142 909 non
157 878 255 909 modo
269 879 346 909 urbs
364 881 520 911 Ciconum
532 903 540 918 ,
561 881 645 910 circa

75 927 279 962 Maroneam,
308 925 422 967 Odyss.
450 937 475 963 ι,
503 932 545 962 4ο
558 950 566 965 ,
591 927 646 957 sed

73 979 105 1001 et
128 972 194 1012 ipse
219 983 310 1002 mons
337 973 422 1013 apud
437 973 551 1014 virgil.
577 974 644 1004 Ecl.

73 1020 139 1055 VI,
159 1019 210 1048 30.
222 1020 408 1055 —Istnara,
430 1030 489 1059 pro
506 1021 643 1051 Ismaria.

74 1066 171 1095 Mons
192 1071 224 1094 et
237 1064 314 1095 urbs
333 1065 475 1096 Thraciae
496 1067 643 1097 Ismarus.

75 1110 212 1142 Putandi
225 1119 329 1141 autem
346 1119 422 1142 sunt
437 1112 483 1141 illi
502 1114 648 1151 Trojanis

75 1167 108 1187 se
122 1156 302 1195 adjunxisse
312 1181 321 1195 ,
335 1169 390 1188 seu
401 1165 469 1188 tum
484 1169 557 1188 cum
567 1161 646 1189 Tro-

73 1204 140 1241 jani
148 1204 215 1233 istis
224 1203 371 1234 litoribus
381 1204 645 1243 adhaerescebant,

77 1252 148 1280 AEn.
169 1250 226 1280 lib.
242 1251 290 1279 ΙΙΙ
301 1274 310 1288 ,
329 1262 358 1281 v.
380 1252 418 1280 13
431 1274 439 1287 ‚
456 1262 511 1280 seu
527 1253 646 1292 inipso

76 1295 159 1326 bello
170 1296 308 1334 Trojano
318 1298 468 1327 societate
483 1308 645 1328 armorum

70 1342 186 1379 juncti.
197 1360 243 1365 --
256 1343 332 1374 352,
349 1344 496 1379 Halesus,
516 1346 644 1374 Aurun-

75 1398 183 1429 coeque
211 1400 344 1426 manus,
371 1391 454 1420 inter
470 1392 572 1420 Turni
596 1402 645 1420 so-

74 1435 159 1472 cios,
184 1435 248 1466 vid.
267 1446 338 1477 sup.
358 1437 438 1473 VII,
467 1437 531 1474 723
556 1447 643 1477 seqq.

74 1482 257 1522 stlessapus',
283 1483 339 1522 qui
367 1484 516 1512 Etruscos
539 1485 645 1514 AEneae

73 1529 176 1557 socios
195 1528 234 1557 ab
256 1528 389 1569 Pelasgis
412 1528 565 1559 oriundos
587 1528 645 1559 du-

72 1573 165 1603 cebat
179 1583 186 1604 :
200 1573 278 1604 ibid.
294 1574 357 1613 691
375 1585 420 1614 sq.
432 1591 478 1596 —
490 1576 565 1610 354.
578 1576 645 1605 Ex-

67 1619 191 1658 pellere
201 1632 213 1656 ;
227 1621 298 1650 loco
312 1619 484 1660 depellere,
499 1631 642 1660 movere,

72 1665 216 1696 Laudant
228 1666 317 1697 Iliad.
333 1678 356 1709 μ
366 1689 375 1703 ,
398 1673 415 1702 4
425 1677 435 1696 1
445 1677 460 1704 7
479 1678 524 1707 sq.

121 1713 186 1742 356
209 1723 256 1753 sq.
274 1714 477 1753 Comparatio
497 1714 641 1754 prceliau—

71 1759 150 1788 tium
177 1770 252 1789 cum
281 1761 383 1789 ventis
414 1761 555 1791 Homero
582 1761 642 1791 fre-

71 1812 240 1844 quentata,
258 1817 287 1836 v.
308 1817 336 1836 c.
352 1805 441 1837 Iliad.
458 1817 501 1843 π,
523 1807 644 1845 765—

75 1861 112 1888 77
125 1862 136 1881 t
150 1875 158 1889 ,
184 1859 215 1882 et
241 1853 346 1883 Ennio
383 1852 466 1893 apud
496 1854 642 1885 Macrob.

72 1899 119 1927 VI
130 1921 138 1935 ‚
157 1909 174 1928 2
187 1921 195 1936 ‚
211 1909 296 1929 nunc
312 1909 328 1929 a
347 1900 481 1929 Marone
497 1901 538 1929 ita
555 1911 644 1930 orna-

73 1951 121 1981 ta,
142 1952 176 1974 ut
201 1945 280 1976 nihil
304 1956 399 1986 supra
425 1948 555 1987 cogitari
574 1958 643 1988 pos-

71 1991 265 2032 sin—359.
284 1992 407 2022 Obm'xi
426 2000 457 2022 ct
479 1993 555 2022 olim
575 1993 642 2024 edi-

71 2043 139 2066 tum
163 2037 237 2067 inde
262 2039 300 2068 ab
325 2038 422 2069 Aldd.
440 2039 565 2081 (donec
590 2039 639 2070 ed.

69 2084 256 2114 Conunelin.
273 2096 290 2115 e
307 2086 399 2116 l'nlat.
419 2085 539 2115 obnisa
558 2087 640 2117 intu-

68 2129 126 2169 lit)
141 2137 170 2159 et
187 2130 351 2161 reductum
360 2132 410 2170 ,fib
427 2133 558 2163 Heinsio
574 2139 640 2163 tan-

69 2186 160 2215 quam
172 2176 359 2219 elegantius,
375 2179 637 2219 pergrwcismum

1223 598 1271 621 360

697 748 785 771 scant
799 748 911 770 contra
924 742 1011 771 venti
1025 740 1159 783 obmiti(
1168 739 1272 781 κατὰ)

699 787 819 818 omnia.
834 789 888 817 Est
900 787 996 826 hujus
1008 788 1154 817 lectionis
1164 795 1271 817 aucto—

698 835 773 863 ritas
787 833 873 874 apud
892 834 1088 863 Arusianum
1107 834 1269 864 Messium.

699 882 818 911 Omnes
835 887 940 909 tamen
956 879 1076 920 ubique
1097 880 1161 909 fere
1176 880 1268 910 codd.

699 937 772 956 cum
782 929 927 957 Romano
935 932 965 955 et
974 926 1119 956 Mediceo
1130 926 1249 956 obnisa
1259 938 1270 960 ‚-

698 979 734 1002 ut
751 973 860 1002 omnia
881 973 945 1002 sint
963 972 1103 1008 obnixa,
1122 972 1270 1002 obnitun-

699 1026 753 1048 tur
776 1018 837 1049 sibi
864 1020 1019 1056 iuvicem,
1042 1029 1126 1048 mare
1150 1020 1270 1056 ventis,

700 1067 787 1096 venti
802 1066 879 1095 mari
895 1072 926 1095 et
943 1066 987 1094 sic
1003 1075 1110 1104 porro.
1131 1064 1229 1104 Quod
1245 1067 1272 1094 si

699 1119 774 1142 sunt
787 1111 878 1142 codd.
891 1134 900 1149 ,
919 1112 954 1140 in
967 1111 1083 1151 quibus
1102 1110 1213 1140 obnioei
1225 1110 1270 1141 le-

699 1158 785 1199 gitur
796 1181 804 1195 ,
821 1159 974 1198 scriplum
996 1156 1079 1186 illud
1099 1158 1133 1186 in
1148 1157 1243 1187 litura
1261 1167 1269 1187 :

701 1211 816 1244 praeter
831 1205 964 1234 alterum
982 1203 1098 1234 Hamb.
1111 1209 1141 1233 et
1151 1204 1268 1234 Morel.

700 1257 772 1281 tert.
789 1257 820 1280 et
837 1249 934 1281 Goth.
957 1260 1005 1290 pr.
1018 1272 1026 1285 ‚
1048 1248 1087 1280 de
1105 1249 1222 1290 quibus
1237 1249 1269 1279 id

699 1297 858 1327 monitum
893 1306 959 1326 uon
991 1295 1094 1326 video.
1120 1295 1270 1326 Obnoxia

698 1353 759 1374 sec.
795 1342 945 1374 Rottend.
975 1343 1121 1373 Retraxit
1148 1341 1270 1372 obniaea

699 1389 911 1431 Cuningham.
942 1395 974 1418 et
1000 1387 1139 1419 Brunck.
1167 1388 1271 1419 Habet

698 1446 772 1466 sane
786 1443 919 1476 utraque
932 1436 1027 1465 lectio
1039 1458 1046 1471 ‚
1062 1445 1127 1475 quo
1137 1445 1169 1464 se
1184 1445 1269 1465 com-

699 1482 827 1512 mendet
840 1490 870 1512 et
886 1492 952 1521 qno
966 1491 998 1510 se
1015 1482 1269 1511 meatum—Me-

700 1529 778 1558 liore
801 1527 1060 1567 interpunctione
1080 1526 1267 1561 lectionem,

699 1575 802 1614 prisca
850 1574 1037 1603 auctoritate
1076 1572 1248 1612 pollentem
1260 1597 1268 1610 ‚

698 1619 885 1649 vindicatam
899 1630 964 1649 csse
975 1626 1052 1659 puto
1064 1628 1071 1648 :
1089 1620 1184 1648 Stant
1191 1630 1271 1649 ven·

697 1666 724 1695 ti
749 1666 881 1702 οὐηι“.ι·ἰ;
908 1665 1015 1694 omnia
1037 1672 1119 1694 stant
1150 1665 1269 1695 obnixa

697 1719 820 1743 contra.
852 1715 980 1743 Praestat
1001 1711 1070 1742 haec
1096 1713 1175 1742 ratio
1202 1722 1269 1742 nou

697 1759 794 1789 modo
822 1759 1008 1795 Heinsiana,
1035 1768 1145 1788 verum
1175 1758 1267 1788 etiam

696 1816 730 1835 ea
753 1816 845 1846 quam
867 1812 956 1836 antea
971 1804 1156 1841 attuleram;
1174 1810 1210 1833 ut
1225 1814 1268 1833 es-

696 1859 742 1882 set
769 1861 778 1883 :
811 1853 906 1882 Stant
937 1850 1050 1881 obnixi
1071 1849 1166 1880 'venei
1192 1860 1265 1879 con-

697 1906 746 1928 tra
774 1899 882 1928 omm'a
902 1909 913 1928 .·
936 1904 971 1927 ut
987 1897 1067 1927 nihil
1093 1897 1151 1933 sit,
1179 1896 1266 1936 quod

697 1956 750 1975 eos
766 1946 800 1975 in
818 1945 1000 1974 alterutram
1023 1950 1142 1983 partem
1158 1943 1267 1983 impel-

696 1991 739 2021 lat
767 1998 797 2021 et
829 1991 982 2027 inclinem
1004 1989 1140 2025 scilicet.
1163 1988 1265 2019 donec

694 2036 864 2077 aliquando
881 2035 978 2066 turbo
988 2036 1264 2075 “immin—360.

694 2085 803 2114 Haeret
814 2083 896 2123 pede
913 2093 971 2123 pes
992 2093 1002 2111 .·
1020 2082 1175 2112 notissimi
1195 2093 1264 2112 ver-

692 2141 745 2160 sus
765 2129 853 2160 Iliad.
869 2141 903 2166 ν,
927 2130 988 2160 130
1012 2139 1079 2169 sqq.
1100 2139 1116 2158 a
1136 2131 1264 2170 Tyrum

692 2177 840 2218 expressi.
868 2176 952 2207 conf.
984 2175 1086 2207 Klotz.
1118 2174 1156 2205 ad
1182 2177 1263 2216 Tyr-
