1414 2435
552 67 674 97 LIBER
698 67 757 97 xt.

1195 71 1256 110 169

27 167 34 174 ,
59 127 262 174 Postquam
279 123 516 174 introgressi,
541 131 578 159 et
596 136 723 160 coram
745 124 831 160 data
851 125 958 174 copia
980 125 1107 162 fandi:

59 187 221 222 Munera
242 185 495 235 praeferimus,
514 195 652 224 nomen
672 184 909 233 patriamque
929 185 1124 232 docemus;

60 245 136 290 Qui
155 244 295 281 bellum
316 244 529 288 intulerint,
549 256 634 292 quae
653 256 783 280 caussa
804 244 1012 282 adtraxerit
1030 249 1165 295 Arpos.
1205 255 1252 279 250

57 303 208 340 Auditis
227 303 290 339 ille
308 302 390 339 haec
411 302 560 351 placido
580 303 633 339 sic
653 302 819 339 reddidit
838 316 904 340 ore
925 318 933 339 :

57 379 71 395 «
93 363 126 398 Ο
147 362 348 398 fortunatae
367 371 516 411 gentes,
539 362 715 398 Saturnia
734 375 868 411 regna,

53 420 212 469 Antiqui
230 421 408 467 Ausonii,
429 434 513 470 quae
532 433 599 458 vos
618 422 771 457 fortuna
790 421 938 470 quietos

53 479 255 525 Sollicitat,
276 480 484 528 suadetque
504 480 631 529 ignota
650 481 831 517 lacessere
849 480 970 516 bella?

53 539 297 590 Quicumque
318 540 452 577 Iliacos
470 540 571 577 ferro
588 540 812 577 violavimus
833 553 961 589 agros,

1200 551 1248 575 255

51 599 165 636 Mitto
184 613 247 644 ea,
265 613 349 648 quae
367 599 484 636 muris
503 598 679 636 bellando
699 600 882 637 exhausta
900 599 971 636 sub
991 600 1092 647 altis,

53 661 158 704 Quos
177 659 314 695 Simois
331 668 478 708 premat
493 659 554 695 ille
573 659 694 704 viros,
714 659 868 695 infanda
887 672 956 707 per
975 659 1109 695 orbem

51 719 265 768 Supplicia,
287 727 324 754 et
342 718 526 755 scelerum
545 731 672 767 poenas
691 718 939 766 expendimus
957 730 1103 762 omnes,

48 778 116 814 Vel
137 777 285 814 Priamo
303 776 516 814 miseranda
531 779 678 813 manus!
700 776 770 812 scit
788 775 892 813 triste
908 775 1091 813 Minervae

51 933 87 957 ut
101 933 150 958 tot
165 927 234 958 alia.
248 927 352 958 Etiam
365 926 400 956 in
414 925 532 958 Ovidio
543 949 551 964 ‚
568 928 625 967 qui

50 972 82 1003 h.
106 974 129 1004 l.
154 975 326 1014 expressit,
346 975 424 1004 Met.
444 976 535 1010 XIV,
556 974 619 1008 458

50 1020 185 1049 Daunus
208 1022 316 1059 Iapyx
340 1020 491 1050 occurrit.
514 1020 621 1049 Patuit

50 1072 155 1095 autem
171 1066 308 1106 Iapygiae
326 1075 444 1094 nomen
462 1065 571 1110 latius,
589 1071 620 1094 et

49 1110 88 1139 ad
99 1112 246 1151 Apuliam
259 1133 266 1147 ,
284 1110 476 1147 Calabriam,
491 1117 521 1140 et
537 1112 619 1140 Mes-

48 1158 166 1196 sapiam
188 1157 354 1195 pertinuit.
374 1155 466 1185 Awis
491 1157 617 1198 Garga-

48 1202 84 1230 ni
91 1214 105 1238 ,·
122 1201 231 1242 paullo
243 1201 348 1238 latius,
358 1202 391 1230 in
406 1208 509 1231 tractu
524 1209 619 1231 terra-

48 1258 119 1277 rum
129 1271 137 1284 ‚
148 1258 218 1287 quae
232 1247 270 1276 ad
280 1258 353 1277 eum
366 1254 507 1277 montem
517 1247 617 1288 (nunc

46 1295 157 1323 Monte
170 1293 205 1322 di
219 1293 383 1334 S.Angelo
393 1292 406 1333 )
418 1295 614 1334 pertingunt.

95 1340 137 1369 25
143 1349 159 1368 2
173 1361 181 1376 ‚
211 1340 289 1369 253.
316 1338 467 1368 Saturnia
493 1350 593 1380 regna
602 1351 615 1375 ;

45 1385 164 1424 quibus
179 1385 256 1414 olim
279 1385 422 1426 regnavit
442 1386 616 1422 Saturnus3

45 1437 76 1460 et
89 1431 150 1461 hoc
168 1437 311 1471 respectu
315 1430 508 1472 fortunatae.
524 1431 617 1460 Anci-

43 1476 101 1516 qui
139 1476 297 1512 Ausonii;
343 1476 382 1506 ab
428 1476 616 1506 Ausonibus

44 1523 128 1552 enim
145 1522 295 1558 oriundi,
320 1528 351 1551 et
367 1523 429 1561 ipsi
444 1523 614 1551 Ausonum

42 1579 114 1608 pars
125 1590 134 1605 ,
165 1568 279 1597 Latini.
317 1566 477 1596 Ausonios
509 1574 615 1596 autem

43 1613 221 1654 (populos,
238 1611 355 1652 viros)
376 1612 459 1640 dixit
480 1618 516 1640 ut
540 1623 614 1651 poe-

43 1665 74 1688 ta
84 1681 92 1695 ‚
109 1669 168 1698 pro
184 1657 382 1687 Ausonibus.
397 1673 445 1680 -·
458 1657 536 1692 254.
555 1658 613 1685 La-

43 1714 163 1733 cessere
186 1703 271 1732 bella
284 1713 295 1731 .·
318 1708 354 1731 ut
368 1724 377 1738 ,
402 1712 530 1732 movere
551 1702 614 1731 hel-

43 1750 109 1779 lum
121 1760 130 1787 ;
149 1749 308 1778 monitum
319 1748 382 1785 jam
398 1757 493 1786 supra
506 1747 544 1776 ad
562 1750 593 1777 X
604 1769 613 1784 ‚

47 1806 97 1826 10.
122 1797 260 1836 Ignota,
279 1802 338 1834 pro
363 1792 448 1821 bello
469 1792 559 1821 dubii
584 1799 615 1822 et

42 1842 155 1872 incerti
178 1840 292 1869 exitus.
303 1856 351 1861 -
367 1838 454 1874 256,
474 1838 551 1875 257.
567 1839 614 1867 Ne

41 1896 212 1917 memorem
223 1907 231 1921 ,
245 1892 281 1915 ut
295 1886 438 1914 omittam
450 1906 458 1920 ‚
474 1894 507 1913 ea
518 1906 527 1922 ,
545 1893 615 1923 quae

43 1933 123 1963 urbe
140 1930 349 1972 expugnanda
368 1930 408 1960 ab
425 1929 556 1960 Achivis
571 1935 616 1957 to-

42 1979 138 2009 lerata
148 1984 224 2008 sunt
236 1987 243 2007 :
260 1983 340 2018 quot
349 1977 410 2005 viri
422 1977 457 2005 in
465 1976 542 2005 locis
555 1975 617 2004 illis

44 2025 127 2054 circa
135 2025 325 2055 Simoentem
336 2021 555 2052 occubuerint.
572 2020 619 2050 Si-

44 2070 122 2100 mois
138 2069 203 2108 ille,
214 2080 287 2099 cum
300 2065 527 2099 exsecrafione.
543 2069 616 2096 Pre-

45 2122 114 2145 mat
128 2125 170 2145 sc.
187 2125 316 2146 mersos.
334 2114 483 2146 Similiter
499 2124 570 2154 sup.
587 2114 612 2149 1,

49 2171 123 2199 100,
145 2160 197 2190 ubi
210 2167 258 2191 tot
272 2160 386 2191 Simois
400 2166 545 2201 correpta
559 2158 612 2189 sub

169 2226 234 2260 IV.

90 2255 146 2272 -o-

678 926 772 956 undis
788 927 884 956 Scuta
900 924 1007 956 virum
1018 926 1196 968 galeasque
1215 935 1247 958 ee

665 973 774 1013 sortia
797 983 929 1013 cotpora
953 980 1098 1013 torquet;
1112 974 1168 1003 ubi
1180 975 1244 1012 jam

674 1019 819 1048 laudatus
849 1025 896 1048 est
931 1018 1039 1057 locus,
1066 1030 1160 1060 quem
1194 1031 1244 1049 re-

672 1066 777 1104 spexit
791 1072 900 1105 poeta,
921 1064 1009 1095 Iliad.
1025 1076 1068 1107 μ,
1089 1076 1119 1095 v.
1137 1076 1177 1095 22
1195 1076 1241 1105 sq.

671 1110 750 1140 adde
769 1111 882 1151 Odyss.
900 1121 942 1153 γ,
967 1121 1026 1149 107
1043 1128 1090 1134 -—
1109 1121 1244 1149 117.—

674 1157 750 1186 258.
776 1156 937 1196 Supplicia
955 1164 986 1186 et
997 1167 1136 1196 ραηιαες
1159 1164 1243 1187 atro-

671 1203 761 1231 cibus
781 1202 944 1232 vocabulis
965 1203 1085 1240 utitur,
1103 1213 1162 1242 pro
1178 1214 1242 1233 ma-

670 1248 708 1277 lis
735 1254 766 1277 et
790 1249 956 1284 aerumnis,
987 1249 1076 1288 quasi
1102 1248 1151 1277 hae
1180 1259 1241 1288 pro

668 1303 762 1333 poena
782 1294 880 1322 excisi
896 1293 946 1322 Ilii
967 1293 1085 1323 fuerint
1098 1305 1106 1330 ;
1121 1301 1152 1323 et
1169 1301 1240 1323 ame

667 1338 859 1368 violavimus
876 1338 1016 1376 dixerat,
1038 1346 1188 1379 tauquam
1205 1341 1241 1369 iu

669 1385 842 1425 sacrilegio.
865 1401 912 1407 —-
934 1386 1011 1424 259.
1030 1386 1156 1415 Servius
1172 1385 1239 1414 lau-

670 1430 723 1459 dat
751 1432 880 1460 Pacuvii
908 1429 1065 1460 illud:Si
1091 1431 1240 1460 Priamus

669 1476 812 1513 adesset,
840 1485 872 1506 ec
898 1476 964 1516 ipse
987 1476 1054 1518 ejus
1078 1476 1240 1506 commise-

667 1530 811 1552 rescerec.
844 1521 942 1552 Vides
953 1545 961 1558 ‚
996 1533 1056 1562 qua
1087 1522 1240 1552 brevitate

667 1568 853 1596 sententiam
873 1568 1059 1607 complexus
1078 1569 1172 1597 Maro
1198 1568 1241 1597 vi-

667 1611 824 1640 braverit!
856 1613 1095 1656 Color-alioqui
1120 1614 1238 1643 oratio-

666 1657 716 1685 nis
741 1656 851 1685 multis
875 1657 1102 1696 frequentatus.
1122 1661 1238 1689 Exem-

666 1702 719 1741 pla
740 1702 867 1742 collegit
884 1702 993 1733 Cerda.
1011 1703 1145 1733 Ovidius
1158 1706 1238 1734 XIV

667 1748 746 1777 Met.
763 1753 827 1785 474
840 1769 848 1783 ,
865 1748 921 1777 nbi
950 1755 1051 1777 totum
1077 1748 1163 1778 hunc
1191 1750 1237 1778 lo-

668 1802 740 1821 cum
755 1799 827 1821 ame
846 1793 956 1822 oculos
974 1793 1091 1823 habet:
1112 1794 1237 1824 Graecia

668 1845 732 1866 tum
743 1837 849 1876 potuit
868 1838 996 1867 Priamo
1015 1849 1140 1878 quoque
1149 1839 1237 1882 flen-

668 1883 712 1911 da
726 1882 842 1912 videri.
858 1884 898 1912 Et
916 1884 982 1923 ipse
998 1885 1089 1913 Maro
1108 1894 1177 1925 sup.
1193 1887 1237 1922 11,

670 1928 690 1957 6
702 1951 710 1965 ‚
730 1939 745 1966 7
769 1938 776 1958 :
796 1928 871 1968 Quis
890 1929 971 1958 talia
977 1928 1088 1969 fando
1107 1931 1136 1959 T
1133 1941 1237 1970 empe-

670 1981 718 2003 ret
735 1984 755 2002 a
775 1973 937 2004 lacrimis!
960 1974 1060 2004 Triste
1084 1975 1236 2006 Illinewoe

669 2019 765 2049 sidus.
794 2021 911 2061 Ineptit
929 2021 1054 2051 Servius
1076 2028 1129 2050 aut
1153 2023 1237 2062 quis-

669 2066 739 2106 quis
755 2065 822 2103 ejus
836 2077 954 2095 nomen
968 2067 1129 2104 mentitur,
1139 2078 1237 2107 quan-

667 2111 708 2141 do
733 2112 859 2141 arietem
882 2119 912 2142 et
935 2111 1098 2142 manubias
1118 2115 1235 2144 Miner-

666 2158 768 2195 vales,
799 2157 860 2189 hoc
883 2165 928 2188 est
943 2157 1091 2197 fulmina,
1122 2169 1237 2190 memo-

1034 2222 1076 2257 15
