1414 2435
145 110 208 140 282

646 111 843 142 AENEmos

141 171 268 205 Morte
287 166 366 217 pati
373 181 383 213 ;
404 178 474 204 nec
493 179 554 203 me
572 166 811 213 indecorem,
833 178 1032 216 germana,
1052 165 1202 205 videbis

144 227 316 278 Amplius
338 242 346 263 :
367 226 491 274 hunc,
510 239 580 264 oro
591 255 602 274 ,
622 227 703 264 sine
721 240 782 264 me
801 227 929 264 furere
947 235 1033 264 ante
1052 227 1234 264 furorem.
1255 241 1270 258 ν
1299 232 1350 258 680

197 288 324 334 Dixit,
341 295 378 324 et
397 300 418 324 e
438 300 556 324 curru
572 288 709 325 saltum
729 288 835 325 dedit
853 289 959 325 ocius
980 288 1100 336 arvis3

147 352 293 398 Perque
313 347 451 395 hostis,
473 361 543 398 per
562 348 636 385 tela
655 348 752 395 ruit;
770 356 1018 398 moestamque
1037 361 1209 386 sororem

148 407 318 453 Deserit,
339 420 382 444 ac
401 407 538 458 rapido
555 421 669 445 cursu
689 407 815 444 media
835 408 985 458 agmina
1005 408 1160 459 rumpit.

149 471 206 505 Ac
225 468 363 514 veluti,
383 467 522 505 montis
540 481 674 505 saxum
695 467 742 505 de
761 468 904 505 vertice
924 481 1094 518 praeceps

152 532 283 575 Quum
303 528 401 575 ruit,
422 528 594 567 avolsum
610 537 744 576 vento,
765 543 833 567 seu
852 528 1030 566 turbidus
1050 528 1173 566 imber

1307 535 1357 561 685

152 589 317 634 Proluit,
338 597 404 625 aut
423 590 529 627 annis
545 590 659 627 solvit
677 588 856 639 sublapsa
870 598 1059 635 vetustas,

154 653 292 687 Fertur
310 650 350 686 in
369 650 577 700 abruptum
596 663 733 700 magno
753 662 861 688 mons
879 649 1065 701 inprobus
1085 659 1191 697 actu,

156 710 405 760 Exsultatque
424 710 524 758 solo;
542 710 674 758 silvas,
695 719 882 759 armenta,
902 711 1084 761 virosque

159 854 247 883 Serv.
273 851 313 881 ad
336 853 408 882 AEn.
434 853 486 889 11,
515 852 591 890 750.
614 854 730 894 Sicque

161 897 261 929 Goth.
286 909 335 938 pr.
363 899 447 927 Tum
469 899 600 936 melius,
629 907 730 940 puto,

161 945 402 985 interpungitur
433 952 507 985 post
539 947 662 981 Morte,
697 953 734 976 ut

163 993 204 1021 sit
227 1001 235 1022 :
261 997 341 1027 stae,
373 990 529 1030 quicquid
551 991 658 1020 acerbi
690 1000 737 1021 esc

163 1039 291 1073 stlorce,
317 1035 401 1076 pati.
427 1053 474 1059 ——-
506 1037 585 1067 680.
622 1038 732 1073 Ante,

165 1091 236 1114 ante
264 1093 361 1124 quain
389 1090 489 1113 morte
512 1082 628 1123 patiar
651 1082 737 1124 quic-

165 1130 247 1172 quid
275 1128 383 1158 acerbi
405 1137 461 1159 εει.
476 1147 524 1152 —-—
545 1132 584 1160 In
602 1130 738 1160 archais-

167 1188 221 1207 mo
263 1186 353 1205 urere
374 1175 523 1216 ficrorem
555 1186 651 1206 nemo
679 1176 741 1206 hae-

168 1223 270 1259 rebit3
300 1221 372 1258 sed,
403 1222 492 1262 quod
521 1233 537 1251 a
566 1223 642 1252 viris
665 1222 740 1253 doc-

168 1272 207 1300 tIs
226 1269 418 1299 illustratum
436 1275 467 1298 et
486 1269 667 1309 expositum
689 1281 742 1300 vo-

169 1317 290 1352 lebam,
313 1315 374 1345 hoc
395 1322 483 1346 erat:
505 1326 601 1356 quam
623 1317 689 1346 vim
707 1316 740 1347 h.

170 1364 190 1395 l.
224 1362 339 1392 habeat
372 1369 457 1392 ante.
485 1363 614 1393 Servius
642 1373 742 1404 expo-

171 1411 241 1441 nit:
264 1424 279 1435 «
297 1409 387 1450 prius
410 1419 506 1449 quam
528 1408 568 1438 ad
593 1419 664 1439 eum
689 1420 742 1439 ve-

172 1457 275 1493 niam,
291 1462 327 1485 ut
346 1465 486 1497 pugnam
505 1462 611 1485 mente
633 1458 743 1487 conci-

173 1504 257 1544 piam
271 1508 302 1532 et
320 1502 495 1531 instructus
511 1502 619 1532 furore
633 1505 666 1533 iu
680 1503 744 1533 bel-

172 1550 203 1580 la
230 1559 446 1589 prorumpam.
465 1563 480 1574 n
501 1550 605 1590 Digna
630 1550 744 1580 Gram-

175 1596 290 1625 matico
315 1595 553 1634 interpretatio,
578 1606 645 1625 nou
669 1606 745 1636 poe-

174 1643 222 1671 ta!
251 1640 351 1672 Cerda
378 1649 386 1670 ε
408 1640 597 1681 priusquam
628 1641 749 1671 moriar

174 1687 319 1728 supplet;
346 1685 435 1726 quod
467 1698 557 1727 :eque
583 1688 745 1728 putidum.

176 1734 277 1774 Atqui
294 1734 327 1763 in
345 1732 395 1762 his
407 1740 438 1762 et
451 1734 608 1763 similibus
630 1735 745 1765 obmu-

176 1787 300 1810 tescunt
324 1781 441 1809 summi
468 1780 540 1810 viri.
570 1782 638 1811 Nisi
668 1782 746 1811 vitio

177 1828 402 1867 coinquinatus
415 1833 461 1856 est
479 1837 586 1857 versus
597 1850 605 1864 ‚
621 1835 668 1857 est
684 1829 746 1858 uti-

175 1885 238 1916 que
259 1875 342 1903 inter
362 1884 432 1910 ους,
459 1884 540 1914 quos
564 1881 674 1914 poeta,
689 1874 747 1904 do-

177 1932 235 1951 nec
249 1919 449 1957 emendaret,
467 1920 580 1951 rudere
595 1943 603 1957 ‚
618 1932 658 1951 ne
677 1921 745 1951 hia-

178 1974 265 2004 rent,
280 1967 463 2008 complevit.
480 1968 566 1997 Alias
583 1967 673 1997 facile
690 1979 746 2009 po-

180 2021 256 2044 terat
275 2024 417 2044 succurri
433 2022 441 2043 :
459 2023 525 2043 sme
548 2024 598 2043 me
635 2025 742 2051 urere,

177 2061 265 2089 alma
278 2059 441 2100 ,fitrorem
453 2083 461 2096 ,
478 2061 529 2090 vel
544 2059 614 2090 sine
628 2071 678 2091 me
697 2061 746 2091 in·

180 2107 284 2136 sam're
290 2106 448 2146 ficrorem.
461 2107 553 2138 Certe
567 2115 646 2137 ante
661 2118 747 2148 pror-

174 2163 226 2181 sus
252 2153 399 2183 alienum.
414 2155 486 2184 Sine
512 2165 561 2183 me
573 2176 580 2189 ‚
600 2165 620 2184 o
638 2165 746 2192 soror,

173 2197 339 2239 indulgere
361 2199 461 2229 furori
475 2199 550 2229 huic
564 2211 635 2231 mco
646 2222 654 2237 ,
669 2200 701 2231 h.
716 2211 744 2232 e.

172 2245 248 2284 irat,
264 2246 394 2281 virtuti,
415 2253 450 2276 ut
468 2246 653 2288 congrediar
671 2258 744 2277 cum

784 854 894 890 AEnea,
904 854 999 883 etiam
1009 853 1035 882 si
1044 852 1146 882 fatalis
1155 862 1241 882 mors
1251 851 1358 881 instet.

833 900 901 935 684
925 910 992 939 sqq.
1013 899 1216 938 Comparatio
1233 907 1274 927 ex
1292 898 1362 937 ipsa

787 956 894 975 rerum
925 953 1037 975 natura
1064 945 1240 984 unicuique
1270 942 1363 972 facile

788 999 891 1031 poetae
909 991 1018 1020 obvia.
1034 993 1102 1021 Nec
1116 998 1222 1020 tamen
1235 990 1363 1031 ignora-

790 1047 825 1066 re
841 1037 947 1077 potuit
961 1037 1117 1078 Virgilius
1129 1059 1137 1074 ,
1158 1046 1229 1066 eam
1243 1037 1307 1074 jam
1323 1035 1363 1065 ab

793 1084 935 1113 Homero
957 1089 1120 1112 tractatam
1138 1082 1228 1112 Iliad.
1245 1094 1277 1119 ν,
1301 1083 1362 1118 137

791 1140 860 1170 sqq.
877 1128 1006 1160 Hesiod.
1028 1131 1115 1159 Scut.
1132 1130 1197 1167 374
1208 1138 1278 1168 sqq.
1290 1129 1367 1166 437.

792 1177 843 1206 Ex
849 1175 985 1217 Virgilio
996 1175 1201 1216 profecerunt
1211 1174 1264 1204 alii
1273 1175 1368 1205 etiam

795 1222 924 1252 Guellio
943 1229 975 1252 et
999 1221 1110 1253 Cerdae
1132 1221 1271 1258 laudati,
1302 1223 1369 1252 Sta-

794 1270 859 1299 tius
875 1270 939 1299 VII
958 1269 1060 1299 Theb.
1081 1274 1147 1307 744
1169 1279 1238 1309 sqq.
1260 1267 1366 1298 Valer.

796 1315 843 1346 Fl.
864 1317 930 1353 VI,
955 1316 1020 1345 631
1047 1326 1116 1356 sqq.
1142 1314 1228 1346 Add.
1253 1316 1368 1345 Tassus

799 1361 922 1393 Gierus.
944 1362 999 1393 lib.
1021 1363 1154 1399 XVIII,
1168 1369 1212 1392 ἐι.
1232 1361 1286 1391 82.
1307 1360 1368 1391 Sed

797 1410 944 1439 omnium
957 1409 1218 1449 diligentissimus
1230 1409 1265 1438 in
1279 1417 1370 1438 orna·

799 1457 913 1486 mentis
938 1459 978 1497 Q.
998 1455 1130 1486 Calaber
1143 1455 1200 1485 lib.
1225 1456 1259 1492 1,
1286 1464 1368 1485 ver-⁵.

800 1503 867 1542 694
892 1513 961 1543 sqq.
988 1502 1045 1532 lib.
1075 1503 1126 1539 11,
1152 1501 1217 1540 378
1232 1500 1368 1532 —385.

799 1550 944 1578 Maronis
959 1547 1085 1578 laudem
1104 1547 1248 1577 cumulat
1268 1548 1370 1577 oratio

799 1594 957 1624 elaborata
985 1601 1017 1624 ct
1046 1593 1302 1634 phantasmatum
1325 1592 1373 1622 di-

798 1641 898 1671 lectus
905 1639 1062 1681 simulque
1072 1638 1371 1684 {viminum—685,

801 1688 879 1718 686.
899 1687 1008 1717 Variat
1022 1688 1200 1717 orationem
1222 1697 1281 1728 pro
1300 1686 1371 1716 vul-

800 1735 867 1775 gari
883 1743 890 1763 :
907 1733 1051 1764 avolsum
1065 1741 1161 1764 vento
1173 1733 1235 1763 sub
1249 1732 1351 1763 imbre
1362 1756 1370 1770 ‚

800 1791 856 1810 seu
870 1787 1033 1810 vetustate.
1046 1780 1203 1820 Sublapsa
1215 1786 1372 1818 vetustas,

801 1828 885 1865 saxi,
904 1838 962 1868 pro
979 1837 1056 1857 saxo
1071 1826 1222 1868 sublapso
1238 1832 1371 1857 vetusta-

802 1881 832 1904 te
851 1883 858 1904 :
885 1873 1033 1904 traducto
1058 1871 1370 1911 attributa—687.

802 1922 887 1950 Actu
904 1921 1061 1961 exquisite
1072 1942 1081 1957 ,
1096 1920 1217 1960 impetu
1228 1941 1237 1955 ‚
1253 1919 1371 1959 impul·

801 1978 851 1998 su.
882 1969 979 1998 Mons
999 1977 1059 2007 pro
1076 1976 1173 2001 saxo,
1197 1971 1233 1995 ut
1260 1972 1372 2007 augeat

801 2014 1002 2055 phantasma,
1034 2011 1206 2053 improbus,
1239 2012 1351 2054 ingens
1362 2034 1370 2049 ‚

802 2067 840 2090 ut
852 2060 937 2090 alibi.
948 2077 995 2083 -—-
1005 2058 1071 2089 688
1084 2081 1092 2095 ,
1109 2058 1187 2098 689.
1206 2059 1263 2089 His
1280 2069 1372 2089 exon-

802 2113 896 2136 natur
913 2117 961 2136 res
971 2128 980 2143 ,
994 2112 1025 2136 et
1034 2106 1181 2135 increscit
1191 2105 1371 2136 admiratio.

801 2154 878 2182 Haec
904 2152 1006 2183 multo
1038 2151 1247 2196 ἐναιργεέπερα
1276 2158 1308 2182 et
1333 2150 1372 2182 ad

799 2209 924 2229 sensum
938 2198 1115 2229 efficaciora
1129 2198 1231 2237 fiunt,
1247 2199 1274 2228 si
1287 2199 1374 2229 Grae·

799 2255 835 2276 ca
850 2255 1031 2288 compares,
1047 2253 1102 2276 aut
1119 2247 1146 2277 si
1162 2245 1202 2276 ad
1220 2245 1371 2286 simplici-
