1414 2435
601 48 723 80 LIBER
747 49 806 80 IX.
1280 53 1298 83 5

108 106 180 143 Per
199 104 354 143 tacitum
368 106 535 153 Gange5‚
552 112 618 141 aut
636 105 770 155 pingui
788 105 941 143 flumine
960 105 1086 155 Nilus,

110 169 239 211 Quum
257 164 383 201 refluit
401 162 561 213 campiS‚
581 173 618 201 et
635 164 715 213 jam
733 177 772 202 se
792 166 961 204 condidit
981 168 1099 204 alveo.

110 225 184 262 Hic
202 223 366 260 subitam
383 223 494 273 nigro
515 223 718 273 glomerari
736 226 893 275 pulvere
913 226 1054 263 nubem

109 285 348 335 Prospiciunt
366 285 523 330 Teucri,
541 298 583 322 ac
603 284 778 322 tenebras
796 285 992 335 insurgere
1011 288 1163 338 campis.

109 345 257 382 Primus
277 344 324 381 ad
343 344 503 382 adversa
521 346 730 382 conclamat
748 345 847 382 mole
869 346 1020 383 Caicus:
1273 356 1303 380 35

110 420 126 437 «
146 404 240 450 Quis
259 403 411 453 globus,
433 417 456 441 ο
478 404 593 450 cives,
620 403 778 453 caligine
797 405 965 441 volvitur
984 407 1091 442 atra?

110 466 220 500 Ferte
240 463 306 500 citi
322 464 482 509 ferrum,
503 464 589 513 date
604 465 695 509 tela,
715 464 881 500 scandite
901 477 1041 502 muros.

109 523 238 560 Hostis
256 523 378 568 adest,
400 523 458 559 eia
473 525 480 557 !
494 539 509 555 »
530 521 680 572 Ingenti
699 523 863 560 clamore
883 537 952 573 per
971 525 1093 562 omnis

109 581 288 619 Condunt
306 594 345 618 se
363 581 500 617 Teucri
517 589 665 629 portas,
685 590 722 617 et
740 583 878 617 moenia
896 583 1096 631 complent.

108 643 282 689 Namque
301 640 353 677 ita
371 639 566 676 discedens
585 646 818 688 praeceperat
837 646 1016 688 optumus
1036 641 1148 677 armis
1271 654 1302 678 40

110 701 267 745 AEneas;
283 699 314 736 si
335 712 409 748 qua
427 699 573 735 interea
591 699 745 735 fortuna
760 698 911 745 fuisset,

110 762 196 797 Neu
212 767 358 795 struere
378 758 561 795 auderent
577 758 714 804 aciem,
735 772 811 795 neu
832 758 988 795 credere
1008 771 1142 809 campo
1160 774 1167 794 :

110 820 241 855 Castra
258 816 392 863 modo,
411 825 449 854 et
468 825 569 854 tutos
586 825 781 854 servarent
799 830 934 867 aggere
954 830 1095 854 muros.

111 879 231 926 Ergo,
248 876 318 913 etsi
334 876 507 913 conferre
523 889 677 913 manum
695 876 821 926 pudor
835 877 968 926 iraque
987 884 1190 921 monstrat,

110 1003 252 1033 Omnino
269 1007 411 1031 veterum
430 1000 468 1031 de
485 1001 629 1032 fontibus
649 1008 681 1032 et

110 1055 180 1078 toto
194 1049 282 1078 alveo
292 1054 323 1077 et
332 1049 420 1077 ostiis
433 1048 549 1089 Gangis
563 1049 681 1078 incerta

111 1101 178 1124 erat
190 1094 327 1123 narratio
342 1102 350 1123 :
366 1105 396 1124 v.
407 1093 488 1124 Plin.
502 1096 565 1130 VI,
578 1105 602 1124 s.
618 1105 678 1131 223

111 1147 142 1170 et
156 1146 298 1181 prostant
312 1138 469 1179 disputata
483 1149 499 1168 a
514 1140 590 1169 viris
605 1139 681 1183 doo-

111 1187 151 1215 tis
173 1185 354 1220 d'AnvilIe,
380 1185 517 1220 Rennel,
537 1185 676 1221 Heerest',

113 1238 145 1261 et
161 1241 249 1261 nunc
263 1232 429 1266 Mamzerc,
451 1230 490 1260 de
505 1231 596 1261 India
612 1238 680 1261 tum

111 1278 315 1316 antiquorum
334 1282 530 1316 temporum,
548 1284 618 1306 tum
639 1287 679 1306 ae-

112 1323 184 1352 tatis
212 1328 337 1351 nostrae.
367 1324 431 1351 Per
455 1321 585 1351 tacitum
598 1345 607 1359 ,
640 1333 680 1352 ex

111 1378 184 1408 sup.
210 1367 249 1403 it,
274 1367 394 1396 incedit
415 1368 529 1397 tacite:
546 1374 599 1405 ut,
623 1379 680 1408 per

112 1413 290 1450 silentium,
313 1424 370 1453 per
394 1419 539 1450 noctem,
566 1421 596 1443 et
611 1424 683 1453 quae

111 1458 275 1490 Drakenb.
301 1458 341 1488 ad
365 1458 477 1489 Silium
502 1461 583 1496 XV,
618 1459 680 1494 145

112 1511 185 1545 post
201 1505 367 1534 Heinsium
386 1504 530 1545 collegit,
548 1514 605 1544 per
627 1515 682 1534 oc-

113 1551 252 1588 cultum,
268 1561 327 1590 per
348 1550 511 1586 subitum,
533 1560 590 1590 per
610 1550 682 1580 lon-

113 1606 205 1636 gum,
218 1602 257 1625 ut
271 1596 373 1625 Graec.
389 1592 442 1625 διὰ
458 1593 613 1637 βραχέων,
627 1591 681 1625 διὰ

112 1639 256 1680 ταχέων,
274 1647 306 1670 et
328 1641 450 1671 similia.
473 1640 592 1670 Laudat
612 1643 683 1672 Ser-

112 1687 185 1716 vius
203 1687 360 1726 Asprum,
377 1687 430 1725 qui
454 1686 538 1715 altus
558 1696 618 1725 per
635 1693 683 1715 ta-

113 1732 211 1762 citum
241 1731 393 1772 jungebat
407 1742 416 1768 ;
451 1732 557 1760 minus
587 1731 681 1761 bene.

113 1777 223 1807 Verbo
251 1778 343 1807 Maro
367 1775 501 1806 credidit
521 1782 553 1805 et
577 1782 684 1805 narrat

114 1824 256 1863 Gangem
269 1821 414 1852 incedere
424 1822 520 1851 alveis
530 1820 636 1851 sedato
649 1828 681 1851 et

111 1868 238 1910 placido
252 1879 347 1898 cursu
357 1877 366 1905 ς
378 1869 447 1908 pari
461 1866 557 1897 modo
570 1867 680 1897 Nilum

113 1916 196 1944 intra
213 1914 338 1944 alveum
350 1915 414 1953 jam
429 1923 461 1943 se
474 1913 681 1954 recipientem

113 1971 155 1991 ex
168 1961 372 1990 incrementis
388 1960 463 1990 suis.

162 2007 217 2037 33.
247 2004 348 2047 Νέφῡς
378 2002 478 2040 κονίης
507 2011 538 2034 et
567 2001 680 2047 ὁμίχλη

113 2053 254 2082 Homero
267 2052 424 2093 frequens.
433 2069 481 2074 —
492 2051 545 2082 35.
561 2051 612 2081 Ab
625 2050 683 2080 ad-

114 2108 202 2128 versa
222 2098 322 2134 mole,
348 2098 429 2128 turri
450 2098 486 2127 in
501 2097 681 2126 munitione

113 2143 324 2183 Trojanorum
341 2142 394 2185 (cf.
416 2142 455 2174 ad
470 2153 500 2174 v.
518 2142 573 2185 13)
586 2142 626 2173 ab
644 2151 681 2172 ea

733 1006 837 1040 parte,
853 1010 915 1040 qua
929 1002 1032 1032 Latini
1049 1002 1303 1033 accedebant.—

735 1047 790 1084 37.
810 1047 895 1075 Date
913 1049 998 1084 cela,
1020 1048 1164 1078 scandite
1178 1060 1281 1078 maros
1290 1062 1302 1084 ‚-

732 1093 800 1121 sine
816 1093 947 1132 copula,
971 1100 1048 1125 vett.
1071 1094 1143 1125 edd.
1166 1101 1197 1124 et
1219 1095 1304 1125 codi-

734 1148 806 1167 cum
819 1148 906 1178 parS,
921 1140 1009 1180 quod
1024 1139 1187 1170 defensum
1205 1151 1221 1169 a
1236 1142 1303 1171 Pie-

732 1185 781 1213 rio
797 1190 828 1213 et
839 1184 906 1214 aliis
925 1186 999 1215 viris
1014 1185 1116 1215 doctis
1131 1196 1139 1217 :
1156 1185 1209 1215 sed
1225 1188 1303 1216 Bur-

732 1239 867 1259 mannus
879 1237 980 1272 urget,
995 1231 1103 1260 doceri
1115 1232 1219 1271 primo
1231 1231 1304 1262 loco

733 1275 848 1305 debere
857 1298 865 1312 ‚
875 1276 1003 1317 Virgilii
1013 1287 1086 1306 eum
1096 1287 1216 1306 morem
1231 1278 1305 1306 suis—

732 1331 764 1350 se
788 1320 849 1351 hoc
867 1322 964 1352 modo
986 1322 1186 1362 producendi
1208 1323 1302 1363 sylla-

731 1366 804 1395 bam
813 1366 952 1404 brevem,
964 1379 1058 1408 quem
1067 1369 1199 1397 seriores
1208 1370 1303 1408 scrip-

735 1417 818 1442 tores
836 1414 962 1453 sequuti
975 1420 1061 1443 sunt.
1077 1413 1233 1443 Codicum
1250 1425 1303 1444 ve-

735 1458 905 1488 tustiorum
920 1460 1001 1489 Pier.
1021 1465 1052 1488 et
1073 1460 1182 1489 Heius.
1202 1458 1303 1499 (adde

734 1502 844 1543 fragm.
858 1505 963 1534 Vatic.
975 1503 988 1545 )
1002 1511 1033 1534 et
1050 1504 1209 1534 Macrobii
1228 1515 1303 1534 auc-

735 1550 845 1578 toritas
859 1556 967 1580 tuerur
984 1557 1017 1579 et
1035 1549 1199 1585 scandite,
1218 1552 1305 1590 quod

735 1593 910 1624 defendunt
921 1597 1093 1626 Burmann.
1106 1602 1250 1635 uterque,
1267 1596 1307 1626 al-

735 1646 782 1669 ter
796 1639 836 1669 ad
847 1640 1022 1681 Antholog.
1038 1652 1070 1680 p.
1089 1641 1163 1671 135.
1179 1643 1203 1671 F
1205 1642 1305 1681 rigere

734 1691 840 1715 tamen
855 1686 1021 1726 copulam,
1038 1687 1145 1726 negari
1166 1687 1278 1726 nequit
1295 1697 1303 1717 :

734 1737 767 1759 et
786 1737 891 1771 potest
908 1731 962 1760 illa
985 1732 1102 1760 inserta
1124 1730 1241 1767 videri,
1261 1732 1301 1760 ab

734 1776 774 1805 iis
797 1777 854 1815 qm'
871 1783 972 1805 metro
997 1786 1162 1816 perperam
1182 1783 1302 1806 metue-

732 1820 958 1851 bant.-—Idem
972 1821 1061 1850 color
1075 1822 1227 1852 orationis
1244 1824 1300 1859 IV,

735 1867 800 1906 594
809 1867 899 1896 Ferte
912 1865 1139 1909 citiflammas,
1154 1867 1231 1897 date
1242 1878 1302 1897 ve-

732 1913 785 1948 la,
808 1911 960 1952 impellite
976 1922 1087 1943 remos.
1101 1930 1147 1935 -
1163 1913 1203 1942 38
1216 1935 1224 1949 ‚
1245 1913 1299 1952 39.

732 1959 905 1998 Recipiunt
922 1968 954 1987 se
979 1959 1109 1996 Trojani
1132 1959 1214 1987 inu-a
1235 1959 1302 1988 val-

732 2004 800 2033 lum
824 2010 855 2033 et
880 2013 1000 2033 muros.
1020 2021 1068 2026 —
1092 2009 1146 2039 4ῐ.
1173 2004 1207 2034 Si
1229 2004 1300 2043 quis

732 2049 808 2079 belli
826 2059 915 2078 casus
932 2059 965 2078 se
982 2048 1126 2087 offerret3
1141 2049 1256 2086 verbo,
1273 2050 1299 2078 si

732 2094 811 2136 quid
828 2093 994 2125 accideret.
1010 2112 1057 2118 —
1072 2101 1126 2130 44.
1142 2096 1301 2124 Monstrat

731 2140 766 2173 h.
788 2140 811 2173 l.
835 2139 991 2179 hortatur,
1008 2140 1137 2178 suadet,
1153 2139 1298 2181 impellit.

1160 2202 1176 2215 ff

1136 2215 1154 2242 1
