1414 2435
85 52 149 82 124.

581 47 777 78 AENEIDOS

79 102 259 152 Trojanas
277 110 461 140 sustentat
478 115 588 153 opes;
606 115 684 140 non
701 102 832 140 vivida
848 101 949 139 bello

78 164 223 199 Dextra
242 162 351 208 viris,
374 163 594 213 animusque
615 163 740 210 ferox,
758 162 981 213 patiensque
1001 160 1145 211 pericli.
1164 176 1180 192 »
1221 169 1270 193 διο

80 221 150 257 Cui
166 223 188 257 J
190 234 264 257 uno
283 220 468 259 submissa
488 237 496 259 ε
517 239 533 256 «
553 221 676 268 Quid,
695 234 719 258 o
737 222 990 272 pulcherrime
1010 221 1168 270 conjux,

80 280 266 317 Sollicitas
286 293 424 331 aegram
447 291 485 319 et
503 290 568 319 tua
585 282 707 319 tristia
726 281 827 319 dicta
845 281 1061 319 timentem?

79 339 121 376 Si
137 339 250 386 mihi,
266 352 352 389 quae
370 341 562 390 quondam
579 341 721 386 fuerat,
740 353 930 390 quamque
946 353 1026 377 esse
1045 338 1223 385 decebat,

78 399 144 435 Vis
162 399 203 435 in
220 398 349 436 ambre
366 401 465 437 foret
475 429 486 446 ‚
501 413 578 436 non
593 400 667 436 hoc
686 400 781 436 mihi
796 413 959 449 namque
975 412 1150 450 negares,

79 457 347 507 Omnipotens,
365 460 458 508 quin
478 468 515 495 et
534 471 672 508 pugnae
693 457 908 495 subducere
926 461 1117 504 Turnum,

1223 466 1273 490 615

78 519 127 554 Et
143 519 280 553 Dauno
301 529 451 567 possem
468 517 695 554 incolumem
714 529 865 554 servare
881 516 1041 566 parenti.

78 577 115 612 N
118 589 191 612 unc
208 584 356 624 pereat,
377 577 609 625 Teucrisque
626 577 691 626 pio
711 575 775 612 det
793 575 973 625 sanguine
990 587 1118 624 poenas
1135 589 1143 610 ε

81 634 150 671 Ille
170 643 295 672 tamen
311 644 441 672 nostra
459 635 613 672 deducit
632 635 777 684 origine
795 647 955 680 nomen,

80 693 351 743 Pilumnusque
370 694 424 731 illi
442 703 599 744 quartus
615 702 741 743 pater;
761 701 800 730 et
816 701 882 728 tua
897 693 1003 741 larga

85 754 194 801 Saepe
209 765 323 789 manu
342 753 544 802 multisque
561 752 734 790 oneravit
753 751 883 789 limina
902 751 1023 788 donis.
1042 767 1057 783 υ

82 912 132 941 ta,
146 904 181 934 in
196 911 362 945 posterum
385 907 492 936 omnia
507 906 578 936 sola
585 906 658 948 fati

84 950 155 990 Iege
173 956 326 980 eventura
348 961 432 988 esse3
459 962 563 992 neque
587 952 654 982 ullo

83 1005 116 1024 se
134 997 267 1025 numine
289 996 546 1026 interventurum
569 1007 653 1033 esse,

84 1046 123 1069 ut
143 1039 205 1070 fata
219 1041 327 1071 saltem
343 1041 548 1079 differantur3
566 1053 597 1072 v.
616 1042 656 1071 ad

84 1096 117 1115 v.
141 1095 155 1114 1
165 1096 202 1115 12
216 1108 225 1122 ,
242 1097 256 1115 1
266 1088 317 1116 13.
345 1087 535 1126 Comparant
547 1087 656 1117 locum

87 1130 179 1160 mad.
202 1141 239 1168 σ,
273 1132 337 1161 356
365 1142 455 1172 sqq.;
483 1131 562 1162 adde
577 1128 616 1168 ὃ,
637 1133 656 1162 5

87 1178 286 1216 sqq.-Go9
298 1199 307 1214 ‚
332 1178 410 1207 610.
441 1178 517 1207 Non
545 1177 658 1208 vivida

86 1222 191 1250 virens
206 1233 216 1251 .·
232 1223 329 1252 immo
342 1233 419 1252 vero
436 1224 541 1252 AEneae
556 1224 658 1252 virtus

87 1276 228 1308 pugnam
244 1268 433 1297 restituerat.
458 1269 586 1298 Dextra
603 1268 657 1297 vi-

87 1312 147 1348 ris,
164 1313 326 1342 virorum:
343 1319 380 1342 ut
393 1313 473 1343 solet
487 1319 590 1354 poeta.
630 1312 634 1317 ’

133 1358 212 1387 611.
244 1357 455 1388 Pulcherrime
472 1358 542 1389 h.1.
562 1365 653 1389 nota-

86 1403 153 1432 bile
163 1425 172 1439 ,
201 1404 284 1433 inter
311 1404 489 1435 blanditias.
514 1405 561 1428 -—'
575 1405 654 1436 612.

91 1448 206 1478 Tristia
220 1448 308 1478 dicta
326 1449 358 1480 h.
375 1450 397 1480 l.
413 1449 636 1491 exprobrantis
647 1473 655 1488 ,

90 1494 212 1524 acerba.
234 1511 282 1518 —-
303 1496 383 1526 613.
410 1496 463 1525 Vis
491 1495 523 1525 in
552 1507 661 1526 amore

91 1538 188 1575 mihi,
201 1550 261 1580 pro
277 1541 303 1569 si
316 1548 372 1570 tuo
388 1542 423 1570 in
437 1551 486 1570 me
499 1543 598 1571 amori
613 1552 660 1571 es-

91 1590 138 1614 set
148 1585 205 1614 vis.
221 1585 307 1615 Alias
319 1586 467 1625 potentia
484 1586 601 1616 dicitur
621 1585 660 1616 de

91 1630 279 1661 amantibus.
291 1632 441 1672 Vulgaris
449 1633 551 1662 oratio
563 1638 659 1662 esset:

91 1675 121 1705 si
147 1683 268 1706 tantum
299 1678 427 1707 valeret
456 1688 550 1707 amor
574 1688 662 1707 meus

93 1722 184 1760 apud
195 1730 225 1751 te
235 1745 244 1757 ‚
262 1729 388 1752 tantam
404 1722 536 1753 liaberet
548 1723 617 1753 vim
632 1731 665 1754 et

91 1767 330 1804 auctoritatem,
347 1775 382 1798 ut
396 1769 472 1799 olim
486 1771 570 1799 inter
583 1780 664 1799 amo-

90 1813 134 1841 ris
142 1814 242 1842 nostri
250 1814 505 1853 primordia.—·6
513 1826 525 1845 ι
533 1820 562 1851 4.
568 1817 665 1846 Nam-

95 1869 156 1898 que
180 1869 246 1889 non
271 1867 378 1898 vacat,
405 1861 460 1891 sed
483 1868 639 1892 asseverat
653 1872 662 1893 ε

95 1904 213 1933 scilicet
224 1927 232 1940 ,
254 1907 381 1946 utique,
408 1905 471 1950 γάρ
503 1917 570 1943 τοι,
596 1904 658 1951 γὰρ

96 1946 148 1981 δτῖ.
159 1965 206 1972 --
216 1950 235 1978 6
245 1960 255 1979 1
264 1961 279 1987 7
287 1974 293 1980 .
312 1953 406 1982 Nunc
416 1961 534 1992 pereat
545 1960 661 1983 stoma·

95 1994 263 2024 clmbunda
274 1999 460 2036 pronuntiat
471 2008 478 2028 :
489 2009 548 2039 pro
556 2021 564 2035 ‚
575 2009 662 2028 nuuc

94 2050 170 2068 vero
186 2042 212 2069 ei
228 2042 427 2081 pereundum
443 2051 489 2074 est
504 2046 538 2074 in
553 2045 663 2082 Troja-

96 2095 211 2114 norum
232 2089 382 2125 gratiam;
403 2091 459 2119 etsi
477 2089 530 2119 ille
550 2097 663 2119 etc.—

96 2135 116 2159 o
127 2141 136 2160 t
146 2131 177 2161 8.
195 2132 329 2162 Deducit
344 2145 459 2165 nomen
475 2135 508 2166 h.
522 2136 663 2175 stirpem,

1226 759 1276 784 620

709 916 818 948 genus.
833 906 863 936 A
876 907 897 936 J
899 915 1006 936 unone
1024 905 1125 936 Turni
1139 915 1237 947 genus
1250 906 1277 935 si

709 952 843 981 ductum
866 950 941 987 fuit,
971 953 1113 993 ignotam
1139 951 1278 981 fabulam

709 998 861 1037 attingere
882 997 986 1026 videri
1003 997 1098 1026 debet
1117 1003 1227 1036 poeta,
1242 1003 1280 1026 ut

709 1043 837 1073 sortasse
853 1042 1019 1073 Pilumnus
1037 1043 1057 1072 J
1060 1042 1175 1071 unom's
1193 1040 1279 1071 filius

708 1088 836 1117 habitus
849 1087 962 1117 fuerit:
977 1086 1066 1126 quod
1084 1097 1173 1116 nunc
1187 1087 1280 1127 iguo-

710 1139 808 1162 ratur.
820 1134 926 1162 Potest
942 1139 1047 1161 tamen
1058 1131 1158 1161 illud:
1172 1139 1281 1161 nostra

711 1177 853 1218 origine,
869 1178 912 1206 ita
927 1177 1008 1206 sumi
1018 1199 1026 1214 ‚
1040 1183 1077 1206 ut
1091 1177 1157 1206 sive
1172 1178 1280 1214 Jovis,

710 1224 776 1252 sive
789 1223 922 1252 omnino
937 1222 1046 1251 divina
1062 1223 1157 1262 stirps
1173 1229 1203 1252 et
1222 1224 1283 1252 ori-

710 1278 751 1308 go
775 1268 973 1308 respiciatur.
995 1269 1076 1298 Nam
1095 1268 1122 1297 si
1140 1277 1157 1296 a
1174 1269 1282 1298 Danae

710 1313 844 1343 ductum
871 1313 975 1342 Turni
1015 1322 1116 1354 genus
1126 1335 1135 1349 ‚
1170 1312 1283 1344 debuit

709 1359 791 1388 illud
803 1359 845 1389 ad
857 1360 972 1389 Jovem
987 1365 1019 1388 et
1035 1359 1071 1388 Io
1085 1357 1213 1395 referri;
1227 1365 1283 1389 aut

709 1404 874 1435 Pilumnus
889 1405 911 1434 J
913 1405 983 1434 ovis
1003 1403 1088 1434 filius
1102 1404 1213 1435 haberi
1230 1414 1282 1444 po-

710 1451 773 1480 tuit
787 1450 838 1480 vel
852 1451 990 1481 Saturni.
1001 1451 1097 1481 Nunc
1113 1460 1215 1490 quum
1233 1460 1285 1479 ve-

713 1496 799 1525 riora
826 1497 1010 1536 ignoremus
1021 1516 1029 1530 ‚
1057 1501 1185 1535 praestat
1211 1495 1284 1524 sim-

713 1540 839 1582 pliciter
860 1540 899 1570 de
919 1539 1026 1569 diviua
1041 1541 1164 1580 origiue
1179 1539 1253 1569 iude
1267 1551 1284 1570 a

714 1586 862 1617 Pilumno
885 1587 1051 1626 accipere:
1074 1585 1162 1616 unde
1190 1587 1284 1616 etiam

715 1631 870 1671 adjectum
881 1642 889 1662 z
900 1631 1128 1671 Pilumnusque
1137 1631 1187 1661 illi
1194 1642 1286 1672 quar·

715 1686 764 1708 tus
785 1685 890 1717 pater.
901 1695 947 1700 —
962 1677 1047 1717 619.
1066 1677 1145 1707 620.
1170 1679 1215 1707 Et
1231 1685 1286 1707 ma

715 1724 810 1765 larga
831 1734 915 1763 soepe
935 1733 1045 1753 manu.
1062 1724 1222 1763 Frequens
1243 1722 1283 1752 ad

716 1769 894 1799 exorandos
917 1769 992 1799 deos
1002 1791 1011 1806 ,
1036 1775 1068 1798 et
1092 1768 1131 1798 ad
1157 1767 1286 1798 rudiori·

716 1815 902 1852 homiuum,
920 1816 978 1855 qui
998 1815 1092 1844 sacris
1112 1814 1201 1844 factis
1223 1819 1287 1843 tan-

716 1872 812 1903 quam
825 1861 917 1891 donis
931 1867 963 1890 et
974 1859 1158 1890 muneribus
1168 1869 1286 1890 numen

715 1907 832 1948 placari
844 1917 935 1947 posse
949 1912 1082 1948 putant,
1096 1905 1221 1946 ingenia
1235 1915 1285 1935 ac-

716 1952 952 1983 commodatum
973 1957 1194 1991 argumentum
1205 1972 1213 1987 ‚
1230 1961 1284 1981 cu-

711 1999 764 2036 jus
782 1999 882 2037 prima
905 1996 1048 2036 exempla
1077 1997 1111 2025 iu
1141 1996 1283 2026 Homero

715 2042 805 2073 niad.
829 2042 861 2078 0,
879 2042 943 2071 238
965 2052 1011 2082 sq.
1036 2048 1067 2072 et
1091 2042 1155 2071 203
1176 2053 1222 2082 sq.
1238 2060 1285 2066 —-

716 2089 794 2119 620.
808 2087 1219 2127 Oneravitubiqueleguur.
1230 2089 1284 2119 Jo.

716 2133 878 2164 Schrader.
899 2132 1074 2164 Eun-udan.
1102 2143 1172 2174 pag.
1201 2131 1260 2165 ¹31
1274 2156 1283 2172 ,
