1414 2435
578 55 702 84 LIBER
726 55 768 83 X.

1206 54 1265 83 131

78 113 274 163 AEqualem
295 111 562 160 comitemque,
582 122 657 146 una
673 121 786 158 quem
804 117 914 145 nocte
935 108 1090 146 Theano
1145 143 1149 146 .

21 172 29 178 ’
76 178 121 212 In
142 175 263 211 lucem
281 171 443 222 genitori
461 174 606 220 Amyco
625 169 745 215 dedit,
765 178 802 206 et
821 169 900 205 face
917 182 1113 220 praegnans

76 233 211 270 Cisseis
229 232 359 282 regina
372 230 485 268 Parin
503 245 511 266 :
528 230 633 267 Paris
652 229 748 267 urbe
767 238 925 278 paterna

76 290 266 337 Occuhat3
286 291 459 340 ignarum
476 292 644 327 Laurens
661 288 777 326 habet
794 301 863 325 ora
878 288 1073 326 Mimanta.

74 352 130 386 Ac
149 350 253 386 vehit
269 350 330 387 ille
349 362 485 387 canum
502 362 631 387 morsu
650 349 696 386 de
714 348 905 386 montibus
925 348 1008 385 altis

75 411 191 446 Actus
211 422 321 459 aper,
340 410 478 448 multos
496 410 657 447 Vesulus
673 422 786 459 quem
805 409 944 460 pinifer
963 420 1081 446 annos

74 551 306 587 narrafionem3
335 551 428 590 quale
455 562 505 591 ap.
528 554 644 581 Home-

73 607 146 627 rum
164 597 203 626 de
217 599 352 626 Hectore
369 603 400 626 et
418 596 645 637 Polydamante

75 642 166 673 Iliad.
186 652 222 679 σ,
242 643 318 672 251.
336 643 534 671 Memorarur
549 642 646 672 Thea-

74 699 118 718 no
151 689 291 718 Homero
320 697 468 727 quoque,
496 687 551 717 sed
578 694 645 716 tan-

75 744 171 774 quam
192 734 365 763 Antenoris
387 743 472 763 uxor
494 740 525 763 et
548 733 647 763 Cissei

74 779 158 816 filia,
173 779 262 810 Iliad.
274 777 306 816 ζ,
324 779 387 818 298
400 788 480 818 ‚299
492 789 500 815 ;
513 782 548 815 λ,
567 779 645 815 223,

77 830 160 861 224;
184 831 294 854 contra
318 824 451 854 Hecuba
477 825 647 865 Dymantis

74 870 139 900 filia
158 870 248 901 Iliad.
260 881 286 900 π
297 893 305 907 ,
323 880 339 908 7
349 871 400 900 18.
414 868 475 900 Sed
488 877 581 910 poeta
592 880 648 910 po-

74 917 138 946 tuit
149 917 245 955 alios,
265 917 347 947 sorte
366 917 501 956 tragicos
512 938 521 954 ‚
536 916 645 955 sequi,

75 963 131 1002 qui
142 962 212 992 haec
226 964 433 992 variaverant.
445 963 548 999 Certe,
559 961 647 1002 quod

74 1008 208 1038 Hecuba
234 1009 332 1039 Cissei
354 1007 418 1038 filia
442 1019 530 1038 nunc
552 1008 649 1037 tradi·

76 1061 129 1084 tur
139 1077 147 1091 ,
165 1054 204 1084 ab
219 1054 372 1094 Euripide
394 1055 516 1094 accepit
531 1055 566 1083 in
584 1055 648 1083 He·

77 1099 159 1129 cuba
180 1110 261 1130 νει-5.
284 1101 301 1130 3
314 1122 323 1137 ,
348 1106 498 1130 monente
519 1109 648 1139 quoque

77 1146 199 1175 Servio.
212 1148 320 1176 Potest
337 1146 432 1175 etiam
450 1145 581 1176 Theano
596 1145 650 1174 ha-

79 1190 148 1220 beri
161 1191 285 1220 diversa
303 1190 342 1220 ab
364 1191 417 1220 illa
443 1192 587 1222 Homeri.
602 1208 650 1214 —

81 1242 158 1273 704.
191 1238 276 1266 Face
301 1247 478 1278 praegnans
515 1236 626 1266 Cisseis
635 1249 648 1274 ;

79 1282 230 1319 Hecuba,
260 1283 326 1321 jam
349 1293 419 1322 sup.
446 1283 528 1319 VII,
562 1284 649 1323 319,

81 1329 159 1359 320.
188 1329 258 1358 Nec
275 1327 358 1369 face
383 1335 508 1358 tantum
539 1327 651 1358 Cisseis

74 1384 252 1415 praegnans
279 1374 368 1415 ignes
391 1374 492 1404 enixa
505 1374 649 1416 jugales.

80 1421 128 1450 De
152 1419 257 1450 Cisseo
280 1431 312 1450 V.
339 1420 377 1450 ad
398 1420 455 1451 lib.
479 1422 531 1457 V,
564 1421 646 1458 536,

82 1466 160 1503 537.
189 1483 235 1488 —-
266 1466 343 1504 705.
383 1465 494 1496 Parim
531 1466 653 1507 aliquot

80 1512 191 1542 Heius.
216 1522 289 1541 cum
315 1512 400 1541 binis
419 1512 541 1549 Goth.‚
560 1519 591 1542 et
605 1523 654 1553 ag-

81 1558 187 1587 noscit
207 1558 346 1588 Carisius
366 1557 423 1588 lib.
447 1560 473 1588 1.
496 1557 594 1598 Quod
609 1568 653 1588 se-

82 1603 240 1642 quebatur
269 1605 303 1634 in
331 1603 402 1634 edd.
434 1604 536 1634 Parin
567 1611 656 1634 creat

82 1648 222 1688 (Medic.
243 1659 259 1678 a
274 1659 358 1680 man.
373 1660 424 1689 pr.
439 1649 569 1690 crepat)
581 1650 653 1680 luce

83 1694 197 1724 clarius
210 1701 276 1723 erat
290 1695 404 1724 vitium
417 1716 426 1732 ,
442 1702 480 1724 ut
490 1695 571 1725 illud
586 1706 654 1726 non

84 1739 209 1770 dudum
232 1739 394 1769 sublatum
417 1741 531 1770 merito
560 1742 654 1770 mira-

84 1786 173 1815 reris.
196 1785 284 1825 Quid
302 1785 387 1814 enim
403 1793 412 1815 ε
437 1784 551 1815 Cisseis
571 1785 655 1827 regi-

84 1841 129 1860 na
147 1830 249 1861 Parin
277 1837 366 1861 creat
380 1842 391 1860 .-
419 1831 493 1860 urbe
512 1838 654 1870 paterna

85 1877 219 1907 occubat
231 1887 242 1906 .·
261 1878 334 1917 quis
348 1886 455 1917 quaeso
466 1877 480 1906 Ξ)
498 1876 653 1907 Meudum

84 1923 325 1954 subolfecerunt
340 1924 404 1961 jam
420 1923 473 1952 alii
488 1923 549 1952 viri
569 1923 655 1962 inge-

85 1970 168 1999 niosi
196 1968 283 2010 apud
306 1969 387 1999 Pier.
413 1968 469 1998 sed
498 1970 536 1999 iis
559 1969 654 1998 situm

85 2014 148 2045 alio
167 2014 241 2045 loco
259 2015 443 2056 quaerebant
458 2021 490 2044 et
509 2013 656 2045 emenda-

86 2059 188 2092 bant:
214 2061 356 2091 Oceubac
372 2061 424 2091 hic
442 2061 558 2091 Carum
576 2062 657 2092 Lau-

87 2115 172 2136 rens.
199 2108 239 2137 Et
270 2107 511 2147 Cuninghamus
539 2106 656 2137 dedit:

90 2151 171 2182 Urbe
192 2159 331 2192 patema
360 2153 422 2195 Hic
458 2153 563 2185 cubat.
590 2152 656 2185 Ob-

698 552 789 581 vium
809 559 873 589 est,
890 551 1018 582 Paridis
1035 561 1153 582 nomen
1176 562 1266 592 repe·

699 598 792 626 titum
812 598 980 636 excidisse,
995 599 1126 637 ejusque
1142 598 1267 634 Iocum,

698 650 847 672 monente
856 650 969 680 metro,
984 644 1084 673 aliena
1095 653 1171 673 voce
1181 650 1270 672 creat

698 698 764 717 esse
787 688 972 728 expletum:
991 688 1087 726 idque
1108 688 1188 718 vidit
1208 688 1268 718 du-

700 733 777 762 dum
805 734 1004 762 acutissimus
1033 733 1194 763 Bentleius
1229 733 1270 763 ad

699 780 810 809 Horat.
835 777 937 818 Epod.
960 781 1010 816 V,
1033 779 1094 815 28,
1117 786 1149 809 et
1165 779 1270 819 legere

697 825 789 863 jussit
815 834 822 855 :
850 823 962 854 Cisseis
998 824 1113 865 regina
1146 825 1268 855 Parim.

700 869 792 900 Paris
807 870 879 899 urbe
888 881 923 910 p.
940 871 979 900 Et
996 871 1041 899 sic
1055 876 1102 899 est
1115 869 1201 900 haud
1216 870 1270 900 du-

700 916 752 946 bie
778 915 948 957 legendum
965 938 974 953 ,
1002 915 1108 954 judice
1141 927 1271 956 quoque

698 962 896 992 subtilissimi
918 963 1038 1002 ingenii
1053 962 1142 999 viro,
1163 961 1270 992 Mark-

698 1007 815 1045 lando,
843 1008 882 1038 ad
907 1009 998 1039 Statii
1022 1007 1097 1038 Silv.
1120 1025 1167 1031 —
1192 1008 1270 1045 706.

700 1056 853 1095 Ignarum
867 1054 900 1084 h.
915 1054 937 1083 l.
952 1064 1011 1093 pro
1025 1054 1190 1094 ignotum;
1204 1063 1271 1094 pas-

700 1101 784 1136 sive,
802 1107 838 1130 ut
858 1106 889 1129 et
904 1099 988 1133 ‚alibi
1005 1101 1041 1129 in
1054 1100 1174 1139 poetis,
1192 1110 1223 1129 V.
1240 1110 1269 1129 c.

702 1145 797 1177 Ovid.
822 1147 901 1176 Met.
933 1147 1017 1183 VII,
1041 1150 1106 1180 [404
1131 1147 1270 1185 Jamque

702 1191 819 1221 aderat
850 1191 987 1221 Theseus
1013 1191 1123 1231 proles
1153 1191 1270 1232 ignara

697 1237 837 1277 parenti.
852 1236 970 1267 Eadem
994 1243 1106 1272 nocte,
1133 1236 1188 1266 sed
1210 1236 1271 1266 dis-

701 1284 772 1323 pari
790 1283 853 1313 fato
869 1283 936 1312 nati
954 1289 1040 1313 suut.
1065 1282 1158 1312 Alter
1169 1283 1204 1311 in
1217 1292 1271 1321 pa-

703 1330 763 1358 tria
778 1329 930 1359 occubuit
940 1351 948 1365 ,
964 1328 1041 1358 alter
1055 1329 1090 1357 in
1106 1333 1187 1357 terra
1203 1327 1273 1357 lon—

703 1376 819 1415 ginqua
834 1375 963 1415 ignotus
979 1375 1071 1412 jacet.
1087 1373 1170 1404 conf.
1188 1372 1271 1403 Gell.

705 1422 772 1457 IX,
799 1431 838 1450 12
858 1420 916 1450 fin.
932 1419 1030 1460 Quod
1049 1421 1076 1449 si
1095 1426 1187 1449 vetus
1203 1418 1273 1448 haec

706 1468 875 1496 auctoritas
905 1476 973 1496 non
1006 1471 1086 1495 esset
1100 1487 1109 1502 ,
1148 1464 1273 1494 mallem

706 1512 830 1542 dicere:
856 1512 1005 1553 ignarum
1030 1521 1095 1541 esse
1120 1510 1176 1541 fati
1202 1510 1273 1546 sui,

706 1559 755 1587 uti
767 1568 897 1598 quoque
912 1559 998 1588 Serv.
1011 1573 1058 1580 —
1079 1556 1272 1595 707—718.

705 1604 870 1644 Exquisite
894 1609 1024 1633 ornatus
1047 1603 1159 1634 locus:
1179 1611 1275 1642 quem

703 1650 768 1688 jam
792 1651 951 1679 Homerus
976 1655 1163 1679 tractaverat
1183 1646 1274 1678 Iliad.

705 1698 743 1732 λ,
768 1700 949 1735 4ῐ4-4ῐ9
972 1702 1033 1725 tam
1054 1694 1220 1735 praeclare,
1238 1699 1275 1722 ut

706 1742 763 1771 vix
786 1740 978 1771 contendere
1003 1751 1076 1769 cum
1103 1749 1142 1768 eo
1169 1747 1277 1777 qnem-

707 1796 802 1825 quam
816 1785 931 1815 audere
947 1785 1092 1815 debuisse
1105 1783 1198 1813 dicas.
1209 1783 1276 1812 Ma-

706 1842 743 1861 ro
766 1838 871 1860 tamen
898 1836 1083 1860 ornamenta
1104 1839 1178 1858 cum
1196 1828 1274 1866 alia,

707 1882 776 1905 tum
801 1876 868 1905 haec
894 1875 1017 1912 attulit,
1041 1874 1148 1916 quod,
1172 1883 1276 1914 quum

706 1921 753 1951 ibi
765 1921 899 1961 simplici
904 1928 949 1951 ter
958 1928 1037 1950 esset
1046 1926 1254 1950 memoratum
1264 1927 1274 1949 ε

706 1967 835 2007 prodire
848 1977 960 2008 aprum
970 1977 1010 1996 ex
1024 1967 1088 1996 alto
1105 1965 1274 1995 fruticeto:

710 2008 764 2043 εἶσι
780 2011 902 2052 βαθείης
919 2011 953 2043 ἐκ
969 2010 1109 2051 ξυλόχοιο
1121 2034 1130 2049 ,
1148 2019 1276 2040 accura-

710 2065 740 2089 te
757 2059 828 2090 loca
846 2059 1010 2100 descripsit
1020 2080 1029 2096 ‚
1045 2067 1196 2099 aprorum
1211 2055 1274 2086 fre-

710 2106 837 2145 quentia
857 2111 888 2135 et
905 2105 1084 2146 praestantia
1103 2101 1273 2138 amabilia,

710 2154 746 2181 in
761 2151 898 2189 Vesulo‚
915 2152 971 2192 qui
988 2151 1024 2182 in
1040 2151 1194 2193 Ligurum
1206 2146 1278 2181 finie
