1414 2435
102 62 142 97 48
600 61 794 93 AENEIDOS

106 121 154 155 Et
172 117 293 153 media
313 116 463 154 adversi
479 117 681 167 liquefacto
700 126 871 167 tempora
889 117 1045 168 plumbo

105 177 272 222 Diffidit‚
290 191 332 214 ac
351 178 469 214 multa
485 187 705 228 porrectum
723 177 891 215 extendit
910 190 1033 214 arena.

158 241 255 275 Tum
274 237 438 287 primum
457 237 556 275 bello
575 238 734 274 celerem
749 237 952 275 intendisse
968 237 1139 287 sagittam

1248 246 1296 279 590

107 297 275 341 Dicitur,
295 304 380 333 ante
398 298 495 334 feras
512 297 643 334 solitus
662 305 805 333 terrere
824 297 986 346 fugaces,

107 355 307 402 Ascanius,
328 355 539 405 fortemque
558 369 672 392 manu
690 355 829 392 fudisse
844 358 1080 401 Numanum,

106 414 176 451 Cui
193 415 353 451 Remulo
374 427 583 464 cognomen
600 422 699 460 erat,
717 414 913 464 Turnique
931 415 1116 451 minorem

108 478 335 511 Germanam
353 487 475 523 nuper
493 473 658 510 thalamo
679 472 840 510 sociatus
858 472 1035 510 habebat.

107 537 144 571 Is
161 534 323 583 primam
341 542 427 570 ante
448 534 567 570 aciem
583 532 695 583 digna
714 542 826 582 atque
843 531 995 581 indigna
1014 534 1134 583 relatu

1248 543 1297 576 595

106 593 345 639 Vocfferans,
366 592 610 642 tumidusque
627 604 730 629 novo
749 590 962 642 praecordia
980 604 1098 642 regno

110 788 176 827 ipsa
197 792 298 815 crater
314 784 453 814 Vulcani
471 783 566 814 fuisse
583 783 681 814 credi-

110 839 174 862 tur.
191 833 293 861 Durat
316 831 419 860 adhuc
443 831 552 860 similis
573 840 682 871 super-

112 879 198 907 stitio
209 900 218 914 ‚
235 876 323 917 quod
340 876 467 906 fatidica
484 877 599 906 mulier
615 877 681 906 illic

112 923 217 953 sedem
247 922 353 952 habet.
382 923 584 952 Mirationem
609 922 683 952 facit

114 980 192 1009 aqua
205 969 240 998 in
251 968 357 998 medio
377 975 494 998 cratere
510 967 682 1004 ebulliens,

112 1015 244 1045 sulfurei
274 1014 536 1045 odoris.-588,
567 1013 681 1054 Lique-

104 1061 199 1102 fizcto
218 1060 350 1100 plumbo
368 1071 378 1090 :
406 1061 495 1100 quasi
513 1059 682 1100 plumbum

112 1107 212 1137 funda
231 1108 378 1136 emissum
400 1108 434 1136 in
458 1117 518 1136 aere
536 1106 683 1145 liquefac-

112 1159 180 1182 tum
190 1154 247 1189 sit;
258 1153 344 1192 quod
352 1158 572 1193 portentosum
584 1158 680 1188 esset;

110 1205 148 1228 ut
162 1199 243 1229 sorte
257 1198 360 1228 dicere
370 1198 469 1236 malis,
479 1197 634 1227 inflictum
653 1204 684 1227 et

111 1244 228 1274 illisum
239 1244 327 1274 duris
335 1245 458 1274 ossibus
468 1244 637 1284 plumbum
644 1254 685 1273 ex

113 1289 252 1320 rotundo
266 1290 398 1320 dilatum
406 1301 480 1320 esse.
492 1292 567 1320 Erat
580 1297 684 1319 autem

113 1336 280 1376 plumbum
293 1359 301 1373 ‚
316 1336 414 1366 funda
427 1337 528 1366 emitti
537 1335 664 1365 solitum
674 1358 685 1373 ,

113 1383 177 1412 fere
194 1383 286 1412 olivae
301 1383 412 1413 simile.
433 1383 604 1412 Enimvero
618 1392 684 1412 non

114 1428 267 1458 debebam
311 1430 459 1469 argutari.
499 1427 684 1458 Videndum

115 1482 199 1511 erat,
215 1473 293 1514 quid
308 1476 476 1514 antiquitas
497 1473 681 1510 crediderit,

116 1520 193 1560 quid
218 1527 312 1560 poeta
335 1519 452 1549 dixerit
477 1529 484 1549 :
516 1521 571 1559 qui
600 1519 686 1548 haud

115 1566 212 1596 dubie
237 1572 390 1605 sequutus
416 1572 463 1595 est
487 1565 615 1606 vulgare
638 1565 685 1595 lo-

115 1611 235 1652 quendi
255 1621 370 1653 genus,
388 1621 428 1641 ex
452 1610 538 1651 vulgi
563 1621 687 1651 persua-

117 1658 222 1695 sione,
241 1657 335 1687 celeri
357 1666 392 1686 ac
416 1656 569 1687 fulmineo
594 1664 686 1687 motu

116 1703 283 1744 plumbum
299 1704 447 1733 emissum
465 1704 498 1733 in
514 1713 583 1733 aere
601 1704 684 1733 inca-

116 1750 232 1780 lescere
258 1756 289 1780 et
315 1747 481 1789 liquefieri.
509 1751 602 1779 Lucr.
617 1751 665 1778 VI
676 1771 685 1785 ,

122 1806 134 1825 1
143 1797 184 1834 76
199 1804 233 1826 ut
245 1795 354 1826 omnia
365 1803 450 1825 motu
462 1795 686 1837 Percalefacta

116 1842 210 1873 vides
234 1842 418 1878 ardescere;
430 1841 583 1882 plumbea
606 1852 686 1871 rvero

117 1889 220 1918 Glans
235 1888 331 1918 eciam
342 1899 431 1917 cursu
446 1888 542 1929 longo
554 1888 685 1918 ‘volven-

115 1934 158 1963 da
177 1934 331 1976 liquescit.
355 1936 391 1964 In
424 1935 489 1974 589
510 1941 602 1974 poeta
618 1943 683 1963 nou

115 1981 187 2010 satis
202 1981 351 2018 attendit,
371 1991 402 2010 sc
421 1982 454 2010 in
473 1980 684 2021 oppugnatio-

116 2036 155 2055 ue
179 2037 343 2057 murorum
368 2027 494 2056 versari.
513 2027 591 2057 Nam
613 2036 683 2055 ‹tre-

116 2082 192 2101 nam
206 2074 262 2101 vix
276 2072 356 2101 bene
369 2073 474 2102 sallem
491 2082 601 2113 pnrum
615 2081 686 2112 pro-

116 2119 184 2158 prie
198 2118 236 2147 de
252 2117 380 2148 homine
396 2121 428 2147 in
444 2119 544 2148 nnn-is
556 2125 609 2149 aut
625 2117 686 2148 val·

117 2163 149 2194 lo
164 2171 264 2195 stante
275 2186 283 2200 ,
303 2165 418 2203 posuit.

781 783 858 823 590.
885 784 989 814 Multa
1013 783 1046 814 h.
1073 783 1095 814 l.
1122 783 1302 814 moliuntur

733 830 795 859 viri
820 829 924 866 docti,
947 836 983 859 ut
1006 828 1228 859 difficultatem
1254 829 1301 858 di-

733 875 825 905 luam
836 898 844 912 ‚
867 876 956 915 quod
978 875 1032 905 hic
1046 877 1110 914 jam
1125 886 1210 905 arma
1224 882 1302 904 trac—

735 928 799 958 tet,
816 922 920 961 quiin
934 921 991 952 lib.
1009 923 1041 959 Ι,
1060 932 1122 960 717
1137 932 1217 962 puer
1229 921 1302 956 fuit,

736 968 790 996 cui
817 967 1014 997 assimulatus
1042 968 1156 998 Amor·
1169 966 1304 998 Didonis

734 1013 854 1053 gremio
876 1013 1014 1043 insidere
1039 1020 1154 1054 posset.
1178 1013 1305 1044 Scilicet

734 1069 794 1088 nec
816 1058 898 1088 illud
915 1066 1000 1089 recte
1015 1066 1142 1095 tenent,
1167 1058 1246 1099 quid
1266 1069 1305 1088 eo

734 1104 808 1134 loco
823 1105 863 1134 sit
878 1105 1002 1146 gremio
1020 1105 1176 1141 insidere,
1193 1105 1232 1134 ad
1248 1115 1302 1134 ve-

736 1157 835 1180 terem
864 1161 986 1182 morem
1004 1163 1013 1189 3
1051 1162 1110 1181 nec
1142 1152 1282 1192 cogitant
1295 1172 1304 1187 ‚

736 1197 888 1227 Amorem
902 1208 919 1226 a
934 1198 1095 1228 veteribus
1111 1207 1247 1238 puerum
1261 1197 1305 1227 fe-

736 1253 770 1272 re
780 1243 933 1284 puberem
945 1243 1066 1281 haberi,
1080 1243 1168 1284 quod
1181 1254 1221 1273 ex
1234 1253 1307 1284 poe-

737 1289 777 1319 tis
803 1296 834 1319 et
860 1290 957 1331 signis
974 1290 1047 1319 satis
1072 1296 1194 1319 constat
1204 1311 1212 1326 ‚
1239 1296 1306 1318 tum

737 1345 814 1365 vero
835 1334 919 1365 idem
937 1336 1002 1374 jam
1020 1336 1183 1366 venationi
1204 1336 1307 1365 acrius

737 1380 928 1418 indulserat,
944 1383 1001 1419 IV,
1023 1382 1106 1418 1563
1121 1382 1185 1411 VII
1196 1404 1205 1418 ‚
1229 1387 1305 1420 479.

736 1443 782 1451 —-
791 1428 868 1467 593.
877 1428 981 1466 Major
989 1429 1090 1458 Turni
1103 1437 1194 1457 soror
1206 1429 1306 1467 Nym-

737 1472 799 1513 pha
823 1475 962 1504 Juturna
989 1479 1065 1503 erat.
1090 1483 1122 1502 v.
1150 1473 1206 1503 inf.
1226 1473 1306 1505 ΧΠ.

743 1519 805 1549 138
820 1529 888 1559 sqq.
902 1536 948 1541 —-
964 1518 1041 1557 594.
1056 1517 1198 1548 Sociams
1213 1517 1306 1548 habe-

739 1564 809 1600 bat,
825 1574 885 1605 pro
901 1564 1040 1605 vulgari,
1061 1564 1121 1594 sibi
1139 1574 1242 1605 nuper
1257 1575 1307 1594 so-

739 1611 883 1641 ciaverat.
901 1627 946 1634 ——
973 1611 1048 1650 595.
1074 1610 1185 1651 Digna
1211 1618 1308 1650 atquc

739 1656 874 1697 indigna
886 1657 999 1692 relatu,
1017 1656 1107 1686 fanda
1118 1663 1149 1686 et
1164 1655 1307 1693 nefanda,

741 1700 819 1745 ῥητὰ
842 1700 896 1733 καὶ
919 1700 1060 1744 nitigi-mot,
1078 1712 1149 1732 nam
1167 1712 1213 1733 vs.
1239 1703 1305 1733 603

739 1759 807 1788 sqq.
828 1749 977 1779 virtutem
1000 1749 1202 1789 popularium
1222 1755 1307 1778 recte

739 1801 843 1835 crepat
853 1806 861 1830 ς
872 1806 946 1827 mox
961 1795 1186 1826 contumeliosa
1199 1800 1230 1823 et
1243 1801 1307 1824 tur-

739 1842 790 1882 pia
806 1842 840 1871 in
858 1842 1011 1879 Trojanos
1025 1841 1111 1879 jacit.
1135 1841 1189 1870 Est
1203 1847 1305 1870 autem

737 1886 799 1916 hoc
816 1897 882 1917 non
895 1888 999 1917 minus
1012 1897 1051 1916 ex
1067 1886 1198 1916 heroum
1211 1897 1304 1926 quam

737 1942 778 1962 ex
796 1932 1001 1963 barbarorum
1013 1931 1206 1972 populorum
1222 1933 1284 1963 vita
1296 1956 1304 1967 ,

739 1985 772 2008 αι
793 1978 915 2008 bostem
940 1979 1092 2008 conviciis
1118 1986 1303 2018 provocem.

738 2025 801 2064 Qui
818 2025 992 2055 Homerum
1007 2024 1159 2064 inspexit,
1172 2025 1244 2054 satis
1260 2031 1302 2055 te-

737 2077 790 2099 net
808 2069 880 2100 lior.
903 2087 948 2092 -—
972 2070 1048 2110 596.
1077 2071 1165 2100 Νοιό
1186 2081 1302 2111 regno,

737 2115 830 2145 docte
840 2126 898 2156 pro
910 2117 1112 2146 matrimonio
1126 2127 1198 2147 cum
1212 2119 1304 2157 regia}

737 2162 842 2203 stirpis
861 2163 974 2193 semina
999 2164 1096 2199 inito;
1121 2172 1202 2194 nova
1219 2165 1304 2194 enim
