1414 2435
118 109 182 138 [ιω

485 96 521 125 B.
547 94 730 125 VIRGILII
755 95 953 128 MARONIS

113 158 330 199 *Interdum
349 154 518 206 locuples
536 148 746 204 a'paupere
765 154 877 204 plura
892 155 1081 206 petebat*
1284 171 1317 196 65

113 225 210 260 *Nec
229 227 375 258 sumtus
397 224 478 254 erat
496 215 590 252 illud
608 227 723 265 opus,
744 215 810 252 sed
832 217 963 266 regula
980 231 1082 256 curae
1103 218 1132 255 2*

112 283 153 321 Si
172 280 324 331 quando
343 289 508 316 vacuum
526 277 654 313 casula
671 276 860 325 pluviaeve
881 277 1078 326 tenebant,

111 346 269 380 Festave
286 341 353 377 lux
360 353 370 386 3
392 339 423 377 si
442 337 541 375 forte
559 336 669 374 labor
689 336 859 374 cessabat
878 347 1024 387 aratr03

110 402 223 441 Horti
241 413 337 451 opus
359 399 454 437 illud
473 406 555 435 erat
572 412 580 434 :
601 397 727 436 varias
746 398 939 448 deponere
957 400 1106 450 plantas

109 466 249 508 Norat,
270 470 308 499 et
324 461 483 498 occultae
505 459 730 497 conmittere
749 460 892 498 semina
911 469 1041 508 terrae,
1281 484 1313 507 7⁰

107 522 339 571 Vicinosque
359 529 446 571 apte
466 533 558 558 cura
578 520 802 558 submittere
821 522 938 560 rivos.

108 583 181 620 Hic
199 583 301 627 olus,
318 581 382 618 hic
401 581 475 617 late
495 580 694 616 fundentes
714 580 872 618 brachia
892 582 1009 628 betae,

108 642 384 692 Fecundusque
402 654 554 688 rumex,
572 641 802 691 malvaeque,
822 642 1014 692 inulaeque
1031 643 1226 691 virebant;

108 706 180 742 Hic
199 704 310 750 siser,
331 710 368 739 et
388 701 504 753 capiti
523 715 662 738 nomen
680 701 858 740 debentia
878 716 994 754 porra
1002 718 1014 751 3

105 766 178 803 Hic
198 765 312 801 etiam
330 776 498 800 nocuum
515 764 632 813 capiti
651 764 895 814 gelidumque
917 778 1103 816 papaver,
1280 777 1311 811 75

106 830 300 875 Grataque
320 822 509 860 nobilium
527 824 678 872 requies
697 824 844 861 lactuca
864 825 1058 873 ciborum,

104 890 151 925 Et
173 886 298 936 gravis
318 886 357 921 in
377 884 495 921 latum
516 884 677 921 demissa
696 883 896 920 cucurbita
916 895 1100 923 ventrem.

103 949 248 984 Verum
267 945 330 982 hic
347 956 424 980 non
444 944 607 987 domini,
628 944 712 991 quis
732 943 832 980 enim
851 946 1084 983 contractior
1102 947 1190 985 illo?

104 1007 179 1044 Sed
199 1004 333 1056 populi
352 1011 562 1053 proventus
583 1012 682 1049 erat3
705 1004 890 1053 nonisque
911 1003 1047 1044 diebus

101 1068 263 1105 Venales
282 1066 430 1103 olerum
450 1064 566 1101 fasces
585 1064 763 1114 portabat
781 1066 819 1101 in
839 1065 995 1113 urbem;
1276 1082 1308 1106 80

101 1128 195 1166 Inde
218 1127 374 1164 domum
394 1125 543 1162 cervice
563 1125 674 1169 levis,
696 1126 821 1174 gravis
842 1139 935 1172 aere,
956 1126 1123 1174 redibat,

100 1189 175 1226 Vix
196 1200 364 1237 unquam
384 1185 521 1222 urbani
542 1185 743 1222 comitatus
764 1198 889 1223 merce
910 1187 1067 1224 macelli.

102 1250 204 1299 Cepa
221 1246 381 1293 rubens,
402 1246 570 1295 sectique
591 1245 727 1282 famem
747 1246 875 1284 domat
894 1261 981 1286 area
999 1250 1123 1299 porri,

102 1311 274 1358 Quaeque
295 1307 451 1344 trahunt
472 1306 551 1343 acri
570 1307 696 1344 vultus
717 1309 903 1345 nasturtia
921 1322 1070 1356 morsu,

100 1369 337 1419 Intubaque,
357 1378 394 1406 ct
415 1372 603 1405 Venerem
625 1380 806 1405 revocans
827 1382 941 1406 eruca
961 1378 1182 1411 morantem.
1274 1382 1308 1407 85

151 1434 249 1467 Tum
269 1443 423 1480 quoque
443 1429 515 1465 tale
536 1428 680 1477 aliquid
699 1429 883 1467 meditans
902 1430 1110 1469 intraverat
1131 1431 1305 1471 hortum:

98 1495 153 1529 Ac
175 1492 361 1543 primum,
384 1490 519 1527 leviter
537 1489 664 1540 digitis
685 1490 819 1528 tellure
840 1491 1000 1538 refossa,

147 1631 203 1670 69.
236 1629 331 1660 Horti
359 1640 435 1669 opus
464 1629 548 1658 illud
574 1638 645 1659 erac
667 1641 678 1659 .·

98 1678 256 1712 suaviter;
271 1675 351 1706 illud
368 1676 518 1716 temporis
532 1677 678 1705 interval-

98 1725 166 1755 lum
193 1722 356 1753 addictum
379 1730 445 1752 erat
472 1733 577 1764 operm
604 1723 676 1752 hor-

98 1771 192 1801 tensi.
215 1770 379 1801 Notabiles
402 1770 435 1799 in
452 1780 539 1810 seqq.
561 1770 675 1810 plantae

97 1817 273 1848 herienses.
290 1819 432 1853 Ramex,
448 1816 610 1857 lapathum
626 1817 674 1846 sil-

98 1871 219 1899 vestre,
237 1864 320 1904 apud
337 1864 416 1894 Plin.
434 1865 513 1899 XX,
530 1875 553 1893 ⁵.
572 1865 674 1894 85.—

98 1912 268 1952 Dvponert’
279 1934 286 1945 ,
306 1921 372 1940 non
387 1910 554 1951 disponere
565 1921 575 1940 .·
587 1911 673 1951 prius

98 1958 192 1988 etiam
211 1958 349 1998 praetulit
374 1964 402 1986 et
421 1959 534 1988 merito
559 1957 673 1998 proba-

96 2005 142 2035 vit
156 2003 356 2034 WVernsdorf.

146 2051 199 2090 76.
237 2051 402 2091 Grataque
439 2051 588 2081 nobilium
624 2063 670 2081 re-

97 2098 186 2139 quies
206 2098 331 2128 lactuca
348 2098 496 2128 cilum-mn.
516 2101 598 2128 Rem»
616 2109 670 2128 no-

97 2152 140 2175 int
154 2145 306 2186 Scaliger,
327 2157 363 2173 co
379 2144 472 2181 :ult-o,
493 2157 557 2185 qun
573 2147 669 2186 scrip-

95 2199 164 2221 tum
181 2199 225 2221 est
240 2193 300 2221 hoc
316 2191 451 2233 idyllion
464 2203 548 2225 ww),
564 2193 669 2222 adhuc

97 2239 229 2269 lactucis
247 2239 395 2269 clausisse
414 2249 517 2269 coenas
534 2250 602 2269 suas
617 2239 671 2269 lio-

733 1630 844 1659 mines.
865 1630 945 1659 Nam
965 1630 1121 1660 Martialis
1139 1637 1229 1662 aetate
1251 1632 1305 1662 ali-

732 1683 797 1711 ter,
832 1683 867 1705 ut
899 1687 939 1705 ex
972 1683 1049 1706 noto
1079 1678 1305 1717 epigrammate

731 1728 854 1751 constat
876 1732 883 1752 :
916 1723 1072 1753 Claude-re
1099 1735 1172 1764 quae
1195 1735 1304 1756 coenas

730 1769 855 1798 lactuca
872 1769 995 1799 solebat
1010 1781 1137 1799 avorum
1146 1793 1154 1806 ,
1173 1770 1234 1801 Dic
1248 1772 1306 1802 mi-

730 1814 779 1851 hi,
801 1826 858 1845 cur
875 1824 999 1846 nostras
1021 1815 1152 1847 inchoat
1164 1817 1224 1847 illa
1242 1818 1301 1849 da-

726 1866 809 1902 pes?

777 1910 794 1939 8
806 1920 830 1940 1.
844 1911 1302 1952 Reminisciuli·nnusquisque

729 1967 856 1986 versum
875 1957 1003 1997 Eclogoe
1027 1967 1034 1987 :
1059 1958 1132 1987 Non
1158 1967 1299 1998 unquam

724 2004 833 2045 gravis
851 2015 913 2034 ‹rre
937 2004 1064 2033 domam
1088 2002 1166 2033 mihi
1182 2004 1301 2035 demta

727 2051 859 2081 redibat.
886 2051 995 2081 confer
1019 2050 1228 2081 Columellam
1251 2053 1298 2089 X,

728 2099 804 2128 310.
820 2100 900 2128 Mox
915 2107 1006 2127 versu
1020 2098 1059 2126 82
1077 2108 1168 2127 mers
1184 2097 1301 2128 urbani

725 2144 855 2175 rnacclli
873 2155 980 2174 carnes
997 2144 1029 2173 in
1047 2145 1179 2175 macello
1197 2151 1298 2175 etmae.

775 2193 828 2222 83.
847 2192 933 2233 Cepa
948 2190 1080 2227 rubens;
1102 2192 1183 2227 Ptin.
1198 2194 1296 2226 XIX,

727 2239 746 2269 6
757 2262 765 2276 ‚
786 2241 825 2270 32
853 2238 1055 2283 νιψαιαςήον
1071 2249 1169 2279 quam
1187 2237 1299 2269 candi·
