1414 2435
553 66 676 96 LIBER
699 67 758 95 XI.
1194 80 1254 107 ,μ

61 128 192 174 Regna
208 122 448 174 Neoptolemi
467 122 649 168 referam,
668 135 874 172 versosque
893 123 1041 160 Penatis

21 180 29 187 ’
62 184 278 222 Idomenei?
298 182 490 231 Libycone
509 182 723 220 habitantes
742 183 854 219 litore
874 185 1039 220 Locros?
1210 192 1258 216 265

63 245 149 293 Ipse
171 247 385 292 Mycenaeus
401 254 624 291 magnorum
641 241 777 279 ductor
796 241 985 278 Achivum

64 303 242 353 Conjugis
257 302 419 339 infandae
438 302 560 351 prima
579 302 679 339 intra
697 302 826 338 limina
845 302 978 339 dextra

65 361 237 411 Oppetiit
257 376 266 398 ;
287 360 475 399 devictam
494 362 622 399 Asiam
642 362 812 400 subsedit
832 361 990 399 adulter.

65 521 151 551 Serv.
170 519 409 556 Gelda—264.
428 523 542 562 Regna
556 522 638 551 Neo-

60 566 205 605 ptolemi.
236 568 366 597 Novum
396 577 530 607 regnum
559 569 637 608 Pyr-

66 611 117 641 rhi
130 613 164 641 in
177 613 275 652 Epiro
289 623 319 643 v,
337 623 406 653 sup.
428 614 475 642 III
488 636 496 650 ,
513 613 578 653 296
592 631 638 635 —

70 658 146 697 319.
168 659 278 687 Versos
296 661 437 689 Penates
452 659 633 695 Idomenei,

67 713 207 732 eversam
222 703 355 733 domum
367 711 398 733 et
413 715 556 744 regnum.
572 705 635 735 vid.

68 758 139 789 sup.
159 749 215 779 lib.
234 751 301 785 ΙΙΙ,
326 760 384 778 121
410 761 479 789 sqq.
494 767 541 772 ——
560 751 636 780 265.

69 794 225 833 Libycone
248 794 430 824 habitantes
455 795 546 824 litore
577 797 637 824 Lo-

68 851 146 870 cros.
179 842 351 870 Memor-ari
362 874 365 876 ¹
377 840 439 870 hoc
472 840 533 869 alio
564 840 638 870 loco

68 896 136 916 non
160 887 300 915 memini.
323 886 383 915 Sed
407 887 500 916 Maro
523 886 639 916 hahere

66 930 129 961 hoc
142 932 245 972 potuit
260 943 300 961 ex
312 929 439 966 Νόστοις
449 955 457 968 ,
473 942 528 961 seu
543 934 640 972 epicis

67 977 129 1007 illis
161 977 372 1013 carminibus,
403 988 474 1017 quae
503 978 639 1008 Achivo-

67 1033 140 1052 rum
165 1033 180 1052 a
203 1025 297 1062 Troja
324 1023 526 1052 redeuntium
552 1034 641 1053 casus

68 1069 238 1098 narrabant
249 1080 257 1106 3
273 1080 289 1098 e
299 1069 416 1109 quibus
427 1070 545 1109 Augias
554 1071 641 1099 Troe-

69 1116 177 1144 zenius
201 1115 280 1151 fuit,
303 1116 392 1152 cujus
415 1113 528 1145 Νόστοι
551 1115 640 1145 libris

69 1161 101 1188 V
122 1161 260 1200 Cyclicis
272 1167 347 1189 sunt
362 1161 571 1190 annumerati.
585 1162 642 1190 Ar-

68 1212 255 1246 gumentum
272 1216 381 1234 eorum
391 1216 407 1235 e
418 1207 523 1236 Procli
533 1206 643 1236 Chres-

70 1251 220 1281 tomathia
231 1262 333 1291 nuper
344 1252 504 1292 vulgatum
515 1253 548 1281 in
558 1252 640 1283 Bibl.

69 1296 128 1326 der
151 1297 207 1327 alt.
234 1296 307 1328 Lilt.
329 1298 397 1326 und
414 1299 533 1333 szst,
559 1299 643 1327 inter

71 1343 182 1373 Inedd.
198 1354 230 1383 p.
249 1349 310 1378 40:
326 1343 405 1372 nihil
422 1350 525 1373 tamen
541 1343 579 1373 de
593 1343 642 1373 his

70 1395 101 1417 et
125 1390 192 1418 aliis
210 1396 382 1426 memorat,
401 1400 440 1418 ne
459 1389 496 1418 de
514 1391 642 1419 Diome-

70 1433 108 1463 de
128 1434 275 1474 quidem3
290 1442 325 1464 ut
345 1441 399 1464 aut
417 1442 641 1475 argumentum

69 1490 217 1510 mancum
232 1490 297 1509 esse
309 1502 317 1517 ‚
334 1486 387 1509 aut
400 1480 439 1509 ab
455 1481 558 1520 Augia
575 1491 642 1510 non

69 1527 214 1556 omnium
226 1525 428 1555 Achivorum
440 1525 560 1555 reditus
574 1536 642 1555 nar-

69 1579 153 1602 ratos
168 1571 263 1601 fuisse
277 1582 403 1602 necesse
418 1572 468 1602 sit.
490 1572 582 1602 Certe
596 1574 641 1602 A-

67 1619 144 1654 jacis
169 1618 252 1648 Oilei
271 1613 401 1648 eomiaes
420 1619 538 1648 Locros
560 1617 643 1648 dela-

72 1670 120 1693 tos
132 1664 167 1692 in
181 1663 275 1693 litora
288 1663 406 1693 Africae
416 1685 424 1700 ‚
444 1665 478 1693 in
499 1664 549 1693 his
565 1664 643 1694 locis

72 1707 250 1738 consedisse
278 1707 400 1738 tradere
425 1709 500 1739 olim
528 1709 645 1740 debue-

70 1761 147 1784 runt
170 1753 337 1790 nonnulli,
363 1764 444 1794 quos
460 1761 553 1794 poeta
571 1755 603 1786 h.
621 1755 642 1785 l.

70 1801 224 1840 sequitur.
239 1801 344 1830 Variae
356 1801 390 1829 in
406 1801 563 1833 Servianis
578 1811 646 1841 par-

71 1853 116 1876 tes
125 1847 250 1876 -Africae
268 1856 284 1874 a
304 1847 398 1875 variis
415 1853 646 1884 memorantur,

70 1892 127 1923 sed.
149 1893 269 1922 incerta
289 1891 371 1930 fide,
399 1892 537 1922 confusis
570 1902 647 1932 quo-

71 1949 132 1978 que
163 1939 271 1968 Locris
288 1947 297 1974 ;
326 1949 385 1968 nec
423 1939 506 1967 enim
539 1938 647 1969 Ozolae

71 1983 84 2024 (
111 1984 191 2014 male
218 1979 332 2025 Ozdli)
359 1992 390 2014 et
418 1984 644 2024 Epizephyrii;

71 2029 126 2060 sed
142 2029 274 2070 Opuntii
287 2037 376 2060 erant
390 2030 587 2060 memorandi
605 2041 645 2059 ex

72 2076 110 2106 11.
128 2074 166 2114 β,
187 2077 249 2106 531
270 2087 316 2116 sq.
334 2077 398 2106 Alii
416 2088 455 2106 ex
471 2078 579 2106 Locris
599 2076 646 2105 his

71 2123 106 2151 in
119 2123 250 2152 Bruttiis
265 2123 483 2154 consederam.
498 2122 562 2153 vid.
574 2133 645 2163 sup.

71 2167 129 2199 lib.
147 2169 217 2205 111,
237 2168 313 2209 399.
331 2169 415 2200 conf,
434 2169 481 2199 ibi
497 2171 583 2200 Serv.
600 2186 647 2192 --

692 521 887 552 266—268.
919 522 967 551 De
1003 521 1261 560 Agamemnone5

691 568 744 607 qui
763 567 1002 608 Clytemnestrae
1016 573 1046 596 et
1061 566 1195 608 AEgisthi
1212 567 1263 596 in-

691 613 778 643 sidiis
806 614 910 654 periit.
935 630 981 636 —-
1005 613 1083 650 267.
1112 611 1263 654 Conjugis

692 658 914 700 (infandum)
948 659 1093 689 Macrob.
1127 660 1195 694 IV,
1231 663 1263 694 4.

691 705 843 745 Exempla
861 715 956 734 nemo
973 704 1064 733 facile
1084 702 1239 732 desideret
1256 713 1263 732 :

692 750 746 780 sed
760 750 848 779 dabit
861 750 954 789 plena
974 760 1073 778 manu
1088 750 1262 778 Burmann.

692 795 731 825 ad
753 795 930 834 Antholog.
956 797 1023 824 Lat.
1045 805 1078 834 p.
1106 794 1189 833 196,
1209 795 1265 823 sic-

693 851 754 881 que
777 840 922 880 placebat
944 841 1048 881 legere
1071 840 1129 870 Ge.
1157 839 1266 870 Fabri-

693 888 766 917 cio:
787 887 844 926 qui
868 893 973 916 tamen
996 896 1073 916 mox
1090 885 1189 923 vidit,
1214 897 1270 915 ex-

692 943 834 973 pressum
858 943 923 962 esse
938 933 1147 962 Homericum
1161 941 1168 962 :
1185 931 1268 962 οὐλα-

694 977 783 1020 μέν·[,ς
804 976 941 1018 ἀλόχοιο.
956 980 1048 1007 Inter
1063 977 1129 1007 It'm.
1145 978 1266 1017 aliquot

693 1025 816 1054 Heinsii
826 1047 834 1062 ‚
849 1025 907 1065 qui
928 1024 961 1053 id
977 1030 1135 1063 receperat
1150 1024 1266 1053 iterum

694 1071 830 1108 ejectum
861 1071 954 1100 tacite
977 1081 993 1099 a
1016 1071 1124 1099 Burm.
1142 1069 1266 1099 Iumina

694 1116 816 1147 Zulich.
849 1126 922 1145 cum
951 1115 1049 1146 Goth.
1081 1122 1151 1146 tert.
1164 1138 1172 1153 ,
1198 1125 1265 1145 non

695 1161 772 1192 adeo
786 1162 876 1192 male.
891 1179 937 1184 -
952 1161 1065 1192 Prima
1080 1160 1166 1190 intra
1185 1160 1266 1190 limi-

695 1218 759 1245 na,
782 1214 861 1248 puto
886 1207 1026 1244 dictum,
1048 1217 1127 1246 pro,
1145 1207 1179 1236 in
1202 1208 1267 1246 pri-

694 1263 748 1282 mo
773 1254 877 1282 statim
901 1253 1029 1289 limine,
1054 1252 1117 1281 hoc
1140 1259 1186 1281 est
1204 1254 1271 1292 pri-

696 1309 750 1328 mo
767 1299 883 1328 aedium
908 1300 1069 1339 ingressu,
1093 1308 1193 1337 quum
1212 1299 1268 1327 vix

696 1343 828 1374 domum
857 1345 1014 1373 intrasset.
1044 1344 1171 1373 Servius
1194 1351 1202 1372 :
1233 1344 1269 1372 in

695 1391 765 1429 ipso
786 1390 896 1419 limine
920 1389 1064 1429 imperii,
1089 1388 1123 1418 id
1149 1394 1214 1426 est,
1233 1390 1268 1418 in

693 1435 787 1464 litore
803 1444 811 1465 :
824 1434 914 1475 quod
928 1445 994 1464 non
1007 1434 1120 1474 placet.
1135 1433 1196 1465 Sed
1208 1444 1268 1463 uec

695 1481 734 1510 ad
754 1481 865 1511 locum
891 1479 1007 1509 aedium
1030 1479 1146 1510 referre
1173 1479 1266 1517 licet,

695 1533 732 1556 ut
751 1528 787 1556 in
805 1527 884 1556 atrio
905 1526 1028 1556 occisus
1042 1527 1082 1555 sit
1097 1535 1104 1556 :
1122 1526 1179 1555 etsi
1195 1536 1269 1555 con-

696 1573 780 1602 vivia
806 1573 841 1602 in
863 1572 1036 1602 celebriore
1055 1571 1172 1601 aedium
1195 1572 1268 1601 loco

695 1617 917 1656 habebantur,
948 1619 1032 1647 inter
1064 1627 1136 1658 quae
1170 1627 1268 1647 caesus

697 1665 750 1694 ille
768 1664 839 1695 fuit.
859 1676 891 1695 v.
905 1664 1023 1705 Odyss.
1037 1666 1075 1701 λ,
1094 1664 1158 1700 408
1180 1674 1268 1704 seqq.

698 1728 745 1733 —
757 1711 834 1740 268.
850 1709 1020 1740 Procubuit
1033 1710 1085 1740 sd.
1103 1716 1179 1739 vett.
1195 1709 1268 1739 edd.

698 1756 859 1786 Macrobii
880 1758 926 1785 IV
955 1758 1018 1785 sat.
1045 1756 1076 1785 3.
1105 1754 1269 1784 Devictam

699 1801 815 1831 Asiam
828 1800 966 1831 subsedit
978 1800 1128 1840 praeclare
1142 1801 1269 1841 Menag.

700 1847 778 1876 alter
791 1853 822 1876 et
838 1857 853 1876 a
868 1857 910 1876 m.
921 1857 969 1886 pr.
981 1846 1101 1875 Medic.
1117 1852 1148 1875 et
1163 1845 1269 1882 Gud.;

699 1903 772 1922 nam
792 1892 832 1921 ab
846 1893 941 1922 altera
961 1902 1057 1921 manu
1066 1891 1211 1932 possedit
1221 1892 1270 1921 in-

700 1938 890 1978 terpolatum
913 1944 978 1974 est,
997 1939 1045 1966 uti
1066 1938 1159 1967 etiam
1176 1939 1269 1967 Rom.

700 1983 856 2016 devictam
875 1983 989 2014 Asiam
1003 1983 1163 2024 possedit,
1179 1982 1272 2013 habe-

700 2029 764 2060 bat.
794 2029 855 2060 Sed
876 2029 1030 2059 devictam
1060 2029 1176 2059 Asiam
1202 2028 1271 2058 sub—

700 2075 781 2106 sedit
815 2077 908 2106 etiam
936 2076 1112 2105 Arusianus
1137 2075 1272 2105 Messius

700 2123 841 2163 agnoscit
857 2132 864 2153 :
878 2129 908 2151 et
922 2121 1080 2152 subsidere
1095 2121 1134 2151 de
1149 2119 1272 2150 insidiis

700 2169 824 2210 elegans
851 2167 1052 2199 vocabulum.
1085 2184 1130 2191 -ν
1160 2167 1272 2197 Victo-

1379 507 1414 557 ᾖ
