1414 2435
551 59 674 88 LIBER
698 60 756 89 IX.
1218 71 1229 88 1
1240 61 1255 89 3

58 117 206 155 Fertilis
225 116 402 155 Ausoniae
421 118 563 152 Troes:
579 124 666 152 sunt
685 123 722 151 et
739 128 821 151 mea
839 125 970 153 contra

10 175 18 182 ’
57 180 149 215 Fata
169 177 279 223 mihi,
300 177 401 212 ferro
421 176 639 212 sceleratam
655 175 873 212 exscindere
893 185 1058 225 gentem,

58 237 226 286 Conjuge
243 244 454 284 praerepta3
475 248 544 271 nec
563 235 661 271 solos
681 235 799 284 tangit
817 236 969 272 Atridas

57 298 133 332 Iste
149 294 276 341 dolor,
295 293 460 343 solisque
475 294 562 330 licet
578 307 714 343 capere
735 307 839 331 arma
854 295 1035 343 Mycenis.

57 354 132 391 Sed
150 353 308 404 periisse
322 353 437 390 semel
456 353 545 390 satis
565 362 620 390 est
641 367 649 388 ε
670 366 827 402 peccare
847 354 978 391 fuisset
1208 365 1252 392 ¹40

56 417 156 450 Ante
176 413 284 459 satis,
302 412 453 462 penitus
472 412 587 448 modo
608 425 685 448 non
701 426 817 461 genus
837 425 947 449 omne
967 425 1121 463 perosos

54 476 84 510 F
86 474 294 519 emineum3
313 472 452 522 quibus
471 471 552 508 haec
570 471 685 508 medii
706 472 843 508 fiducia
859 473 966 518 valli,

52 534 82 569 F
84 545 330 581 ossarumque
349 544 483 577 morae,
499 531 564 567 leti
582 530 797 567 discrimina
813 544 928 580 parva
940 559 950 576 ‚

49 594 151 629 Dant
171 593 314 629 animos
331 605 338 627 :
355 604 402 627 an
420 603 496 626 non
514 590 692 627 viderunt
705 591 842 626 moenia
860 591 1000 639 Trojae,

53 651 222 700 Neptuni
241 650 426 688 fabricata
441 662 574 695 manu,
594 649 790 686 considere
807 650 848 685 in
865 649 986 698 ignis?
1203 670 1211 685 ι
1222 662 1248 690 3⁵

51 789 149 813 matre
157 784 282 813 Venere
292 792 487 823 quocunque
498 782 623 812 tandem

49 828 146 859 modo
170 828 322 858 ordinatis
346 829 484 870 cogitare
504 830 621 869 potuit.

49 875 145 915 Quod
170 875 221 904 illa
251 877 366 906 Jovem
395 874 544 915 precibus
567 886 622 904 ex-

51 928 194 951 oraverat
211 943 220 958 ,
262 921 447 951 rescivimus
482 931 540 950 nos
559 943 568 957 ‚
606 931 622 950 a

49 974 141 1007 poeta
151 967 244 997 nobis
253 966 567 1008 proditum.-Quid
573 978 622 996 αν·-

49 1023 102 1042 ιηα
116 1013 192 1043 alter
206 1013 375 1044 Hamb.—-
386 1023 400 1042 1
409 1013 461 1043 38.
477 1015 620 1052 Praerep-

46 1066 80 1088 ta
101 1061 212 1090 Franc.
227 1061 282 1088 An
303 1059 386 1088 solos
405 1069 454 1099 ap.
473 1058 618 1089 Macrob.

47 1106 95 1135 IV
110 1108 172 1136 Sat.
198 1111 228 1141 4.
252 1115 311 1134 nee
333 1105 432 1141 male,
460 1106 518 1134 etsi
535 1114 620 1133 men-

46 1150 133 1181 dose.
156 1150 221 1181 vid.
244 1152 354 1180 Heius.
369 1167 414 1173 —
429 1150 491 1179 138
505 1172 514 1187 ‚
542 1151 616 1190 139.

44 1198 120 1227 Non
133 1197 219 1226 solus
234 1196 397 1226 Menelaus
409 1202 536 1236 raptum
546 1206 618 1225 con-

42 1243 128 1284 jugis
139 1243 265 1272 Helenae
279 1242 454 1271 ulciscitur.
469 1242 616 1271 Homeri-

45 1298 119 1317 cum
138 1288 229 1318 Iliad.
251 1299 276 1323 ι,
304 1289 387 1324 340,
414 1288 502 1322 341:
530 1279 557 1317 fi
581 1285 614 1316 οὐ

45 1335 150 1374 μοῦνοι
168 1332 302 1379 φιλξουῶ
317 1330 449 1372 ἀλόχους
470 1330 614 1374 μερόπων

43 1377 211 1422 ἀνθρώπων
225 1375 373 1421 „An-paidom
383 1390 392 1414 ς
403 1385 462 1409 etc.
476 1379 539 1417 jam
550 1380 614 1408 Ma*

44 1425 132 1456 crob.
151 1428 198 1462 V,
216 1435 236 1464 9
256 1425 460 1465 comparavit.
481 1424 614 1464 Reliqua

48 1477 111 1507 140
126 1482 195 1512 sqq.
214 1471 323 1512 paullo
337 1471 496 1510 argutiora
514 1476 545 1499 et
565 1468 614 1511 ῥη-

41 1516 233 1560 τορικώτερα
251 1527 316 1547 esse
340 1516 491 1546 videntur
507 1526 515 1546 :
538 1515 611 1553 sed,

41 1564 125 1594 dicat
145 1564 258 1603 aliquis
270 1585 279 1600 ,
301 1563 375 1593 satis
395 1568 442 1592 est
459 1562 613 1600 Trojanos

41 1610 137 1639 semel
156 1610 299 1639 ultimam
321 1608 529 1638 calamitatem
547 1618 612 1637 esse

41 1662 189 1696 expertos
197 1665 205 1692 3
214 1665 273 1683 nec
283 1654 447 1694 probabile
457 1652 504 1690 fit,
513 1664 611 1694 quum

40 1701 85 1731 dii
108 1702 202 1731 tantis
226 1700 375 1740 periculis
398 1709 451 1729 eos
471 1706 611 1729 servatos

39 1748 73 1777 in
90 1747 211 1777 Italiam
237 1745 448 1779 adduxerint,
470 1746 610 1774 nunciis

40 1794 173 1823 exitium
190 1792 375 1822 adfuturum
387 1800 462 1821 esse.
473 1792 519 1819 Ita
533 1800 609 1819 vero

39 1841 112 1870 satis
126 1840 220 1869 etiam
238 1837 354 1868 habere
369 1836 528 1866 debebant
538 1858 546 1872 ‚
562 1846 610 1865 se-

40 1886 104 1916 mel
130 1885 270 1925 rapuisse
296 1884 469 1913 feminam:
493 1882 611 1922 quippe

40 1933 96 1972 qui
109 1941 148 1961 ex
163 1937 256 1972 raptu
271 1930 400 1960 Helenae
414 1939 448 1958 ea
461 1928 540 1957 mala
555 1938 610 1957 ex-

38 1978 122 2017 perti
144 1978 226 2012 sint,
252 1983 291 2006 ut
314 1975 408 2005 modo
436 1985 499 2004 non
518 1984 612 2003 omne

38 2022 72 2054 h.
83 2035 111 2054 e.
125 2030 228 2053 totum
242 2032 341 2065 genus
357 2021 529 2050 femineum
541 2030 613 2060 per-

40 2070 88 2098 osi
103 2079 168 2099 esse
190 2068 327 2098 debeant
342 2078 350 2098 :
366 2074 489 2097 tantum
510 2066 611 2102 abest,

40 2121 77 2144 ut
92 2125 213 2145 novum
223 2120 349 2155 raptum
361 2136 370 2151 ‚
385 2113 537 2149 Laviniae‚
553 2123 613 2141 me-

42 2160 194 2191 ditemur.
206 2178 254 2184 —
272 2165 347 2195 141.
367 2159 463 2189 Modo
485 2169 542 2188 nec
557 2158 613 2189 ali-

199 2225 262 2259 IV.

677 788 755 823 quot
771 783 852 813 Pier.
864 804 872 819 ‚
892 782 977 812 unde
993 788 1102 812 natum
1118 793 1182 813 esse
1198 795 1249 825 ap-

676 835 765 869 paret
795 829 888 858 modo
912 839 994 858 nunc
1016 839 1049 869 g.
1072 831 1154 860 Ven.
1166 852 1174 866 ‚
1191 832 1248 860 etsi

676 876 720 905 sic
735 875 913 915 corrigebat
927 874 1105 905 Markland.
1127 875 1165 904 ad
1183 878 1249 906 Sta-

675 923 756 950 tium
770 932 801 961 p.
817 921 894 956 284.
909 920 967 951 Sed
978 921 1094 950 mirum
1105 928 1151 950 est
1164 923 1248 952 viros

676 966 786 997 doctos
803 968 838 996 in
858 967 930 996 loco
952 967 1014 996 hoc
1028 966 1151 996 nodum
1164 978 1247 1007 quae-

673 1023 742 1043 rere
752 1035 761 1050 ‚
775 1014 875 1042 autin
890 1023 927 1042 eo
939 1012 1094 1042 solvendo
1109 1012 1186 1043 adeo
1200 1014 1247 1043 la-

672 1059 785 1088 borare
804 1060 953 1098 potuisse.
984 1058 1081 1088 Modo
1102 1069 1184 1095 non,
1207 1066 1245 1088 ut

673 1111 797 1133 tantum
813 1115 876 1133 non
901 1114 1012 1139 omne,
1035 1105 1159 1143 quoties
1177 1115 1245 1134 non

671 1151 833 1180 occurrit?
849 1152 982 1179 Perosos
1002 1157 1086 1179 recte
1109 1151 1244 1180 retinuit

670 1197 781 1226 Heius.
798 1197 899 1225 Etiam
917 1197 990 1225 satis
1017 1206 1082 1224 esse
1106 1195 1243 1225 debebat

669 1248 752 1278 ante,
768 1241 863 1270 semel
878 1251 1021 1280 peccasse
1036 1251 1100 1278 eos,
1112 1252 1242 1282 perosos

669 1297 768 1327 genus
785 1287 955 1316 femineum
972 1286 1068 1316 modo
1089 1298 1155 1316 non
1170 1297 1239 1316 om—

668 1343 718 1363 ne.
744 1333 870 1362 Perosis
898 1331 983 1362 Gud.
1001 1342 1018 1360 a
1038 1343 1081 1362 m.
1097 1343 1146 1372 pr.
1162 1343 1238 1372 per·

668 1388 756 1407 osum
772 1378 893 1418 aliquot
904 1379 983 1408 Pier.
996 1400 1004 1414 ,
1019 1377 1112 1407 multi
1127 1379 1236 1408 Heius.

668 1431 699 1453 et
711 1425 819 1453 Burm.
832 1446 840 1460 ‚
855 1430 886 1453 et
898 1425 981 1452 inter
993 1434 1046 1452 eos
1062 1423 1148 1454 Gud.
1165 1434 1181 1453 a
1195 1435 1237 1455 m.

667 1480 729 1499 sec.
744 1479 818 1499 cum
835 1470 954 1500 Carisio
968 1476 998 1499 et
1013 1469 1119 1500 Schol.
1137 1471 1238 1500 Statii.

666 1517 705 1544 In
718 1515 864 1545 Mediceo
878 1522 1078 1555 eratperosos
1089 1522 1120 1545 et
1133 1526 1237 1545 emen-

666 1561 776 1591 datum
795 1573 814 1590 ιι
832 1561 865 1591 h.
887 1572 914 1591 e.
927 1571 1081 1601 perosus:
1103 1562 1237 1591 similem

664 1607 825 1637 licentiam
839 1607 1104 1648 deprehendimus
1117 1609 1153 1637 iu
1160 1608 1238 1648 frag-

664 1660 761 1683 ment.
772 1655 875 1684 Vatic,
889 1656 1022 1683 Perosos
1035 1654 1127 1683 etiam
1143 1655 1236 1683 Rom.

664 1699 845 1730 exhibuisse
859 1699 997 1736 videtur,
1011 1706 1042 1729 et
1057 1705 1237 1729 constanter

662 1745 744 1775 illud
768 1746 906 1775 retinent
938 1744 1008 1775 edd.
1036 1752 1112 1775 vett.
1123 1767 1132 1782 ‚
1159 1754 1236 1784 quas

663 1791 903 1820 evolvimus.-—
915 1786 990 1825 14⁷2.
1007 1792 1041 1820 F.
1067 1790 1144 1820 belli
1159 1791 1236 1820 alter

664 1835 778 1866 Hamb.
789 1835 955 1876 —Qm'bus
967 1835 998 1866 Ιι.
1009 1837 1057 1866 Ex
1074 1836 1119 1865 ira
1133 1837 1234 1866 oratio

665 1882 786 1912 durior.
801 1883 864 1912 Dat
879 1883 918 1911 iis
933 1881 995 1911 hoc
1013 1882 1129 1912 vallum
1139 1905 1147 1919 ‚
1166 1882 1234 1911 haec

665 1929 745 1957 fossa
757 1951 766 1964 ‚
781 1929 899 1968 quibus
920 1929 1053 1958 exitium
1070 1934 1234 1958 moramur

665 1974 842 2015 paullulum
853 1996 862 2010 ‚
891 1973 1041 2004 fiduciam
1067 1982 1075 2002 ε
1105 1983 1146 2003 an
1167 1983 1233 2004 non

665 2030 742 2049 vero
751 2020 852 2049 multo
862 2021 1034 2051 munitiora
1042 2023 1146 2060 Trojae
1157 2029 1234 2049 moe-

665 2067 716 2095 nia
727 2076 833 2095 eversa
845 2065 992 2097 viderunt
1001 2068 1016 2097 P
1027 2084 1073 2091 -—
1090 2070 1165 2104 143.
1176 2067 1233 2095 Ar-

665 2119 776 2151 gutum
792 2119 838 2141 est
852 2112 933 2142 illud
943 2134 953 2150 ,
974 2113 1031 2142 leti
1049 2114 1233 2146 discrimina

659 2168 778 2198 parvm·
790 2158 878 2199 quod
887 2158 925 2189 de
934 2158 1153 2202 navigantibus
1165 2163 1236 2192 sim-

1087 2235 1106 2257 2
