1414 2435
602 83 724 113 LIBER
747 83 806 114 XI.

1234 89 1296 108 211

110 141 267 178 Saucius
288 149 325 177 at
344 151 496 188 serpens
515 138 667 176 sinuosa
684 139 878 176 volumina
895 147 1036 184 versat,

109 200 358 249 Adrectisque
374 199 507 235 horret
526 198 707 248 squamis,
729 208 766 235 et
784 198 909 234 sibilat
930 210 1013 243 ore,

111 259 264 296 Arduus
279 259 474 307 insurgens
491 273 499 294 :
520 258 584 294 illa
600 258 704 295 haud
724 258 846 294 minus
864 267 974 307 urget
994 256 1144 294 obunco
1253 264 1300 297 755

112 322 332 355 Luctantem
352 326 495 363 rostr03
513 317 623 355 simul
643 318 788 355 aethera
806 317 983 354 verberat
1001 317 1078 353 alis.

112 377 224 414 Haud
243 378 352 414 aliter
368 378 536 427 praedam
555 377 762 414 Tiburtum
782 390 828 413 ex
846 378 993 426 agmine
1011 376 1159 413 Tarcho

111 441 240 475 Portat
263 450 397 484 ovans;
418 437 524 474 ducis
542 438 754 486 exemplum
773 446 1025 486 eventumque
1044 437 1161 473 secuti

113 497 312 533 Maeonidae
328 498 527 534 incurrunt
545 511 553 532 ς
575 506 656 533 tum
674 497 758 534 fatis
777 496 926 533 debitus
947 500 1092 533 Arruns

113 546 432 605 Velocem'jaculo
450 565 488 592 et
506 555 623 592 multa
639 555 746 605 prior
764 565 843 592 arte
863 555 1058 592 Camillam
1259 561 1306 594 7⁶⁰

116 616 276 662 Circuit,
297 624 351 661 et,
372 628 455 665 quae
476 616 523 652 sit
541 615 693 652 fortuna
713 615 904 660 facillima,
928 623 1057 652 tentat.

118 678 203 720 Qua
222 688 260 711 sc
280 688 442 724 cumque
460 675 587 712 furens
606 675 732 711 medio
753 675 838 711 tulit
859 675 1007 724 agmine
1023 674 1151 723 virgo,

118 737 198 770 Hac
215 737 362 771 Arruns
383 734 502 779 subit,
523 743 560 770 et
578 734 711 771 tacitus
729 734 888 782 vestigia
907 735 1060 778 lustrat3

120 796 205 838 Qua
222 793 361 830 victrix
376 793 475 829 redit
491 793 573 838 illa,
592 792 803 842 pedemque
819 806 866 829 ex
883 792 991 829 hoste
1011 801 1198 841 reportat,

120 856 200 890 Hac
210 853 360 902 juvenis
379 852 509 890 furtim
528 853 660 890 celeris
681 853 882 902 detorquet
901 852 1078 890 habenas.
1263 861 1312 894 765

121 914 199 948 Hos
219 912 361 958 aditus,
377 913 530 962 jamque
549 913 619 949 hos
638 912 760 949 aditus
772 942 782 960 ‚
803 925 1029 961 omnemque
1048 921 1222 962 pererrat

122 971 298 1022 Undique
318 972 536 1019 circuitum3
557 981 594 1009 et
614 982 756 1009 certam
775 972 896 1022 quatit
915 971 1100 1021 inprobus
1116 972 1273 1009 hastam.

122 1034 234 1069 Forte
254 1045 359 1069 sacer
377 1032 527 1081 Cybelae
548 1032 754 1080 Chloreus,
773 1032 938 1081 olimque
954 1031 1147 1077 sacerdos,

126 1171 258 1201 inhaeret
283 1170 432 1209 draconi,
456 1173 618 1214 unguibus
646 1175 693 1204 in-

745 1175 835 1204 lateri
857 1184 980 1214 semper
1005 1173 1151 1203 adhaeret.
1177 1174 1256 1213 Quae
1278 1172 1320 1202 sic

124 1216 208 1247 fixis.
224 1218 274 1247 Sic
287 1225 318 1247 et
331 1219 442 1248 Cicero
458 1220 562 1249 minus
576 1221 695 1261 elegan-
738 1219 878 1261 sbi-mna
911 1219 1079 1260 facillima
1092 1242 1100 1254 ,
1139 1219 1298 1259 eleganter
1309 1241 1317 1255 ‚

127 1271 173 1293 ter
191 1271 389 1294 converterat
405 1266 572 1295 Homerica
589 1266 627 1296 de
639 1267 695 1296 Di-

128 1310 224 1340 vinat.
246 1311 278 1347 Ι,
309 1316 348 1347 47
373 1320 379 1340 :
414 1311 613 1353 Tran-figens
639 1323 695 1342 nn-

125 1355 236 1397 guibus
254 1366 402 1397 anguem.
417 1358 583 1387 Ornatiora
603 1360 696 1388 etiam

132 1402 330 1440 753—756‚
357 1413 449 1442 quam
477 1414 548 1443 quae
570 1415 618 1445 ap.
641 1406 696 1435 Ni-

129 1448 238 1478 candr.
268 1448 410 1478 Theriac.
432 1467 479 1472 —
501 1450 588 1487 456,
618 1451 695 1489 457.

132 1496 267 1535 Urguec,
285 1495 380 1524 instat
398 1495 562 1526 tundendo
579 1503 610 1526 et
625 1507 696 1537 per-

130 1539 280 1570 cutiendo
308 1539 476 1571 draconem
503 1549 618 1572 rostro.
652 1559 698 1566 —-

133 1586 209 1624 758.
241 1587 397 1616 Eventum
435 1598 494 1628 pro
527 1599 675 1619 successu
688 1611 697 1627 ,

133 1631 276 1669 fortuna,
293 1631 392 1670 dixin
407 1640 438 1663 et
452 1634 624 1665 Moeonidae
634 1658 644 1671 ,
663 1642 701 1665 ut

134 1677 214 1706 VIII
226 1698 234 1712 ‚
250 1683 315 1716 479
327 1699 335 1714 ,
357 1684 434 1718 499,
450 1689 467 1708 a
483 1680 601 1710 credita
631 1681 700 1711 vul-

135 1732 175 1762 go
192 1723 399 1752 Etruscorum
413 1734 430 1753 e
444 1724 544 1764 Lydia
566 1727 698 1768 origIne.

184 1768 260 1808 759.
288 1768 376 1798 Facis
402 1769 523 1799 debitus
531 1782 544 1806 ,·
572 1782 603 1801 V.
628 1782 700 1812 sup.

139 1814 220 1855 590,
240 1814 302 1854 591
317 1836 326 1851 ‚
345 1814 421 1854 592.
446 1817 502 1845 Est
523 1823 626 1845 autem
642 1817 703 1847 Ar-

138 1871 213 1890 runs
239 1871 278 1890 ex
300 1861 441 1890 Etruscis
459 1859 540 1902 ‘quos
555 1861 704 1892 Tarchon

138 1909 244 1937 AEneae
274 1906 461 1938 adduxerat.
491 1909 614 1938 Mirum
639 1914 703 1945 est,

140 1952 367 1983 Grammaticos
395 1953 434 1983 de
462 1951 525 1983 hoc
549 1953 704 1984 dubitare.

140 1998 254 2028 laculo
275 1997 384 2040 (quod
404 1999 527 2037 vibrat;
550 1999 589 2029 ad
607 2001 706 2029 ictum

141 2051 294 2084 paratum.
309 2056 426 2076 v.mox
439 2057 469 2076 V.
483 2047 545 2085 767
559 2046 571 2087 )
587 2053 618 2076 et
631 2046 708 2075 mul-

143 2096 179 2118 ta
204 2100 277 2120 cum
310 2099 378 2122 arte
405 2091 517 2122 circuit
543 2092 706 2123 Camillam

145 2136 268 2166 Arruns
279 2137 385 2177 prior,-
403 2138 492 2179 quod
505 2138 543 2169 ad
561 2139 706 2168 velocem

143 2188 259 2222 spectat
275 2203 284 2220 ,
305 2190 497 2224 praevertens
522 2195 608 2224 eam,
631 2185 706 2214 dum

110 1769 130 1780 ν

748 1276 809 1306 qua
823 1266 970 1295 facillime
989 1265 1074 1294 hasta
1093 1265 1158 1305 peti
1179 1275 1212 1294 ea
1229 1271 1317 1305 pote-

749 1319 812 1348 1·at;
839 1312 943 1341 omnis
970 1318 1074 1340 autem
1091 1312 1193 1348 jactus
1211 1311 1317 1350 aliquo

749 1358 886 1387 foriunae
896 1367 1027 1386 munere
1037 1367 1216 1386 successum
1224 1366 1319 1385 suum

748 1403 854 1434 habet.
872 1420 918 1426 —
942 1404 1018 1441 762.
1043 1405 1180 1438 Furens,
1206 1409 1319 1440 utpote

750 1451 784 1479 in
801 1460 917 1491 pugna,
937 1449 1060 1486 ardens,
1074 1449 1155 1478 nihil
1173 1448 1318 1488 amplius.

751 1496 877 1534 ——767.
908 1496 1053 1531 Certum,
1093 1496 1184 1533 cujus
1220 1495 1321 1523 ictum

752 1549 875 1572 certum
890 1541 1110 1571 destinaverat.
1130 1540 1259 1581 Quatic,
1278 1541 1324 1569 vi-

753 1588 840 1624 brat,
855 1585 940 1618 σείει.
955 1584 1118 1630 κραδαίνει
1129 1610 1137 1625 ,
1152 1584 1320 1629 πελεμίζει.

802 1634 878 1672 768.
913 1635 1006 1663 Satus
1047 1633 1162 1672 Cybele
1201 1633 1323 1672 aliquot

753 1681 834 1711 Pier.
852 1690 945 1709 sacer
963 1679 1080 1719 Cybelo
1096 1678 1212 1709 Medic.
1229 1679 1324 1709 Pierii·

753 1737 827 1756 cum
854 1727 1006 1756 Donato:
1033 1725 1194 1755 Mediceus
1219 1730 1250 1753 et
1273 1723 1325 1752 alh

754 1771 919 1801 Heinsiani
935 1781 1009 1800 cum
1029 1772 1117 1800 trinis
1133 1769 1229 1799 Goth.
1245 1771 1325 1799 Ean-

756 1816 828 1846 dem
852 1817 1034 1846 varietatem
1057 1826 1151 1855 supra
1172 1814 1229 1845 fib.
1256 1816 1324 1851 111,

763 1872 775 1891 1
788 1873 798 1891 1
810 1872 822 1891 1
865 1861 1013 1891 vidimus.
1046 1863 1155 1902 Quum
1194 1860 1325 1900 Cybelles

757 1918 850 1937 mons
859 1906 1004 1948 Phrygi-‘n
1017 1907 1067 1943 sit,
1086 1908 1141 1936 vix
1158 1917 1249 1936 sacer
1267 1906 1326 1945 Cy-

759 1953 829 1983 belo
862 1954 1010 1993 cuiquam
1041 1953 1165 1993 placere
1202 1959 1324 1993 potest,

759 2010 819 2029 nec
840 2000 938 2040 magis
961 2005 1063 2028 tamen
1086 2008 1093 2029 :
1112 2009 1205 2028 sacer
1228 1998 1326 2038 Cyhe-

761 2045 802 2075 lae
805 2068 862 2076 .....
893 2044 1032 2085 olimque
1063 2044 1231 2081 sacerdos;
1269 2045 1328 2074 etsi

762 2091 890 2132 Cybela:
904 2097 1104 2121 consecratus
1117 2102 1133 2121 a
1148 2101 1249 2131 puero
1262 2100 1328 2120 esse

760 2139 882 2178 potuit,
908 2143 945 2166 ut
970 2137 1098 2168 Camilla
1123 2137 1233 2167 Dianae
1258 2147 1328 2175 sup.

763 2185 827 2225 559
856 2194 941 2225 seqq.
961 2183 1105 2215 Proclive
1133 2189 1231 2221 esset,
1257 2191 1332 2211 cum
