1414 2435
103 96 168 131 344
473 99 508 127 Ρ.
528 96 709 128 VIRGILII
733 95 931 129 MARONIS

105 151 237 188 Omnis
256 160 297 189 ut
315 151 483 190 historiae
498 166 568 204 per
584 153 717 190 ludum
736 162 918 191 consonet
933 153 1029 191 ordo

103 211 274 257 Notitiae,
295 211 431 249 ducam
451 226 583 259 voces;
603 213 692 250 licet
710 212 862 250 invidus
882 213 991 251 adsit.
1287 220 1302 245 5

103 271 283 320 Quisquis
303 271 374 309 erit
391 273 545 323 culpare
561 273 668 323 jocos
686 275 913 323 Musamque
932 281 1106 323 paratus,

101 329 270 367 Pondere
288 331 348 368 vel
367 332 505 369 Culicis
521 332 644 369 levior
663 333 837 382 famaque
858 333 1013 370 feretur.

101 391 290 428 Posterius
309 392 485 441 graviore
504 405 597 430 sono
618 391 689 428 tibi
708 395 820 429 Musa
835 392 1015 441 loquetur

99 451 254 495 Nostra,
272 449 418 488 dabunt
434 465 552 501 quum
573 464 726 488 securos
743 450 838 487 mihi
858 458 1031 500 tempora
1047 449 1210 496 fructus;

100 511 152 545 Ut
174 509 242 545 tibi
263 509 375 559 digna
393 519 458 548 tuo
478 511 675 560 poliantur
692 511 860 547 carmina
880 523 1005 547 sensu.
1270 527 1300 542 ιο

152 571 307 606 Latonae
324 571 530 620 magnique
548 571 664 608 decus
680 571 785 608 Jovis
806 583 922 607 aurea
939 569 1084 620 proles,

99 627 281 674 Phoebus,
300 629 372 666 erit
391 630 512 666 nostri
531 630 708 679 princeps
726 639 763 666 et
786 629 962 666 carminis
981 638 1135 674 auctor,

99 689 145 724 Et
163 689 354 726 recinente
373 690 454 738 lyra
476 690 602 727 fautor
622 705 630 727 :
652 690 732 727 sive
753 689 890 727 educat
907 689 1015 726 illum

100 747 210 783 Alma
228 746 438 783 Chimaereo
458 748 635 785 Xanthus
655 748 808 797 perfusa
828 748 995 797 liquore3

101 807 176 841 Seu
195 818 326 842 nemus
346 806 523 850 Asteriae;
542 819 609 842 seu
626 819 700 855 qua
719 807 916 843 Parnassia
934 819 1048 855 rupes
1271 815 1301 838 15

99 864 199 901 Hinc
217 872 330 913 atque
350 864 439 901 hinc
458 865 587 914 patula
606 864 819 915 praepandit
839 877 982 902 cornua
1000 865 1142 911 fronte,

100 924 347 973 Castaliaeque
365 938 501 962 sonans
518 925 665 974 liquido
684 925 780 975 pede
797 924 940 961 labitur
958 923 1071 961 unda.

100 986 245 1030 Quare,
264 984 379 1020 Pierii
398 984 518 1021 laticis
539 984 672 1030 decus,
690 985 762 1030 ite,
780 997 930 1022 sorores

97 1042 255 1089 Naides,
276 1052 313 1079 et
333 1043 521 1080 celebrate
540 1043 652 1080 deum
670 1043 874 1093 plaudente
894 1043 1046 1080 chorea.

97 1103 145 1137 Et
164 1101 252 1148 tihi,
275 1111 402 1139 sancta
420 1104 543 1150 Pales,
565 1104 612 1139 ad
629 1116 743 1153 quam
760 1112 921 1140 ventura
941 1103 1105 1140 recurrit
1267 1118 1298 1134 ιο

98 1163 299 1210 Agrestum
318 1161 419 1198 bona
439 1175 547 1208 cura,
565 1163 671 1212 sequi
691 1163 740 1200 sit
754 1175 847 1200 cura
866 1161 1027 1199 tenentis

97 1224 239 1258 Aereos
258 1235 457 1258 nemorum
478 1230 620 1260 tractus
642 1223 831 1273 silvasque
850 1223 1034 1268 virentes;

98 1283 150 1317 Tc
170 1280 343 1327 cultrice,
363 1294 481 1331 vagus
501 1283 616 1319 saltus
637 1283 739 1319 feror
757 1283 858 1319 inter
876 1290 914 1318 et
930 1290 1042 1319 astra.

148 1343 198 1378 At
216 1350 275 1387 tu,
296 1341 357 1378 cui
374 1342 518 1379 meritis
536 1342 659 1380 oritur
680 1342 817 1380 fiducia
837 1341 998 1388 chartis,

147 1461 198 1489 13.
227 1461 368 1497 Educ-ac,
397 1462 492 1492 (lebet
519 1473 583 1492 esse
609 1473 668 1503 pro

97 1512 198 1542 tenet,
212 1506 325 1543 liabet3
340 1513 375 1536 ut
387 1508 521 1544 nutrire,
536 1507 668 1550 τρέφειν,

97 1548 280 1593 φέρ’ῧεσθκι;
294 1553 416 1582 dictum
434 1565 473 1583 ex
491 1555 668 1584 imitatione

95 1597 158 1625 loci
179 1597 301 1628 AEnvid.
318 1598 373 1628 lib.
391 1602 438 1636 X,
457 1600 520 1628 518
538 1600 667 1629 totidem

96 1653 173 1682 quos
187 1643 304 1672 educat
318 1643 433 1685 Ufens,
457 1645 601 1674 ‘vit-entes
615 1656 666 1674 ra-

93 1696 156 1728 ptr.

149 1736 198 1765 15.
226 1737 348 1765 Nemus
376 1736 521 1767 Asteris&
552 1737 666 1772 Delus,

97 1788 200 1810 velere
221 1784 361 1812 nomine.
383 1794 413 1813 v.
432 1783 614 1813 Callimach.
635 1785 668 1813 iu

98 1827 166 1856 Del.
187 1827 248 1862 313,
268 1829 324 1865 373
343 1828 422 1859 Pliu.
441 1832 496 1861 lv,
512 1840 535 1859 5.
555 1830 607 1859 23.

148 1882 159 1902 1
170 1874 199 1910 Ξῖ,
219 1874 267 1904 1('›.
285 1877 451 1904 Parnassus
465 1886 556 1905 mons
573 1875 667 1917 longe

96 1920 257 1959 procurrit
273 1931 382 1950 versus
397 1923 664 1962 septemtrionem.

97 1965 198 1995 donec
221 1977 292 1995 cum
322 1969 438 1997 OEnvis
458 1969 540 2009 jugis
565 1969 666 1998 conli-

99 2019 225 2042 nuatur.
245 2023 274 2042 v.
291 2014 391 2044 strab.
413 2016 476 2046 lx.
496 2026 527 2054 p.
547 2015 612 2043 038
631 2016 664 2044 Β.

97 2058 156 2085 scd
173 2065 284 2087 :unctor
298 2067 415 2099 partem
431 2062 546 2090 montis
560 2071 666 2090 versus

98 2103 258 2133 meridiem
279 2107 310 2134 in
333 2106 443 2136 theatri
461 2107 590 2136 modum
614 2117 666 2146 pn-

98 2155 215 2179 tcnlem
240 2150 416 2181 describere
444 2154 556 2183 voluit.
584 2153 665 2182 Sub-

97 2195 175 2233 jectn
207 2203 270 2225 erat
305 2208 488 2239 campofflum
522 2200 666 2240 planities

722 1473 832 1493 versus
855 1472 940 1492 mare
965 1457 1112 1498 declivis,
1140 1469 1203 1499 qua
1226 1458 1294 1490 ludi

722 1509 850 1549 Pythici
865 1507 1076 1537 habebantur.

777 1555 814 1583 18
833 1565 900 1593 sqq.
919 1555 1047 1582 Sorores
1061 1550 1200 1586 IVaides,
1221 1550 1253 1581 h.
1270 1550 1292 1580 l.

722 1601 835 1629 Musae.
850 1601 881 1629 Si
894 1599 1027 1639 legimus
1042 1607 1050 1628 τ
1064 1598 1107 1626 Et
1120 1596 1190 1632 eibi,
1203 1606 1294 1625 sanc-

723 1653 756 1675 ta
772 1645 884 1679 Pales,
901 1645 948 1673 ad
960 1654 1058 1684 qnam
1082 1650 1223 1672 ventura
1244 1653 1293 1672 re-

723 1691 819 1720 currit
849 1692 1018 1731 Agrestmn
1040 1688 1170 1730 fetura,
1205 1687 1296 1729 seqm'

722 1737 762 1766 sit
777 1747 852 1766 cura
868 1736 989 1766 tem-1111*
1000 1735 1209 1764 —sententia
1224 1740 1291 1764 est:

723 1785 815 1812 etiam
841 1790 874 1812 tu
893 1781 993 1818 adsis,
1018 1792 1038 1811 o
1058 1781 1161 1817 Pales,
1179 1780 1220 1809 sit
1233 1779 1294 1810 tibi

723 1840 796 1859 cura
812 1828 965 1869 sequendi
978 1827 1109 1863 Naidas,
1128 1826 1187 1856 tibi
1198 1847 1207 1862 ,
1221 1835 1294 1866 quae

724 1883 810 1905 tenes
823 1875 968 1905 saltus....
979 1881 1008 1904 et
1020 1872 1130 1914 paullo
1142 1878 1233 1901 ante:
1248 1871 1296 1901 ad

723 1933 819 1962 quam
842 1920 988 1956 recurrit,
1016 1918 1112 1955 redit,
1129 1919 1181 1947 cui
1203 1927 1291 1947 man-

722 1968 791 1998 data
808 1966 989 2008 &susinum
1012 1971 1188 2006 agrestum,
1209 1963 1291 1993 fetus

721 2013 879 2055 pecudum
889 2035 897 2047 ,
911 2022 988 2052 quas
1001 2017 1135 2051 agrestes
1145 2015 1289 2050 pascunt.

769 2061 822 2089 23.
844 2061 886 2089 Te
898 2057 1039 2092 cultrice,
1059 2055 1135 2085 dum
1157 2063 1191 2085 lu
1214 2054 1291 2085 colis

720 2115 847 2136 nemora
865 2111 897 2134 et
915 2103 1024 2138 silvas,
1045 2101 1099 2132 sed
1121 2101 1234 2138 saltus,
1255 2100 1289 2131 h.

720 2163 747 2182 e.
764 2161 876 2191 pascua
888 2173 897 2187 ‚
919 2160 1015 2189 vagor
1030 2159 1088 2189 ego
1105 2147 1201 2183 inter,
1221 2156 1289 2187 per,

720 2198 818 2227 saltus
833 2203 862 2226 et
883 2202 997 2232 antra,
1020 2203 1057 2225 ut
1070 2193 1251 2236 legendum.

1403 1805 1414 1933 Δ.”α-Λ
1408 1775 1414 1787 -
