1414 2435
618 55 742 86 LIBER
766 57 841 86 XII.
1269 68 1305 96 24
1316 63 1331 91 'i

130 115 240 150 Nunc
256 114 435 163 juvenem
452 111 650 161 inparibus
669 112 782 149 video
802 126 1032 151 concurrere
1052 116 1156 162 fatis,

132 175 412 221 Parcarumque
429 171 526 218 dies,
547 181 584 209 et
603 172 662 208 vis
683 172 837 209 inimica
855 174 1099 223 propinquat.
1288 187 1334 209 15⁰

132 236 219 270 Non
239 245 403 282 pugnam
423 232 619 283 adspicere
638 232 737 269 hanc
755 233 890 278 oculis,
911 246 987 270 non
1009 234 1151 272 foedera
1167 248 1335 286 possum.

132 295 208 338 Tu,
228 304 298 341 pro
318 305 497 342 germano
515 293 547 330 si
565 292 658 342 quid
678 292 902 342 praesentius
923 293 1057 339 audes,

131 354 267 401 Perge;
288 352 396 390 decet
415 368 423 389 τ
444 353 574 390 forsan
595 353 752 390 miseros
773 353 931 389 meliora
951 362 1168 403 sequentur.
1186 371 1201 387 υ

129 412 203 448 Vix
223 425 286 459 ea,
309 426 426 462 quum
443 413 617 449 lacrimas
639 413 758 449 oculis
778 415 941 449 Juturna
960 414 1150 463 profudit,

128 472 278 520 Terque
297 480 509 520 quaterque
527 484 641 508 manu
658 479 790 521 pectus
810 473 996 521 percussit
1013 473 1225 511 honestum.
1285 483 1332 507 155

129 546 146 564 α
165 532 253 567 Non
271 530 435 568 lacrimis
455 530 529 567 hoc
550 539 716 581 tempus,
738 532 791 568 ait
810 532 990 568 Saturnia
1006 535 1106 570 Juno
1127 547 1135 567 :

128 588 331 635 Adcelera,
350 599 387 627 et
405 589 577 636 fratrem,
597 591 628 627 si
644 591 729 640 quis
749 590 904 637 modus,
923 592 1028 640 eripe
1044 592 1176 638 morti3

128 652 206 685 Aut
226 658 266 686 tu
289 649 388 687 bella
408 651 481 696 cie,
501 660 805 700 conceptumque
827 660 963 688 excute
982 652 1114 689 foedus.

128 712 275 745 Auctor
294 722 364 760 ego
388 710 565 747 audendi.
589 727 603 743 υ
624 711 686 747 Sic
707 710 907 747 exhortata
928 711 1082 759 reliquit

128 770 334 814 Incertam,
354 779 391 806 et
411 770 510 806 tristi
525 769 718 806 turbatam
735 769 891 806 volnere
910 772 1057 807 mentis.
1284 780 1329 803 υἱ0

179 830 329 865 Interea
346 841 472 878 reges,
492 828 637 878 ingenti
655 828 754 865 mole
771 829 928 865 Latinus

129 888 366 939 Quadrijugo
383 888 537 926 vehitur
557 902 693 935 curru,
715 889 776 925 cui
796 897 969 938 tempora
987 888 1131 926 circum

126 949 262 986 Aurati
281 948 340 987 bis
358 963 424 987 sex
442 949 540 987 radii
559 949 741 999 fulgentia
759 949 933 999 cingunt,

129 1106 274 1148 ingratas
290 1107 459 1140 retrahere.
477 1109 606 1140 Servius
618 1109 703 1138 varie

129 1154 241 1178 tentat.
252 1164 298 1170 —-
312 1156 326 1177 1
334 1155 351 1178 o
360 1157 373 1177 1
381 1171 388 1178 .
399 1150 595 1189 Comparant
610 1148 700 1178 Iliad.

131 1205 172 1237 γ,
200 1195 287 1231 305,
312 1194 399 1232 306,
426 1196 488 1233 307
503 1217 512 1232 ‚
532 1195 641 1225 saltem
665 1193 705 1224 ad

131 1239 239 1271 verba.
255 1239 304 1271 Ad
322 1250 389 1269 rem
403 1246 478 1270 nota
497 1239 598 1270 Servii
610 1240 684 1269 facit
694 1263 703 1277 ‚

132 1287 188 1327 qui
216 1287 346 1316 numina
358 1308 366 1324 ,
390 1287 515 1327 quoties
531 1286 705 1316 morituros

133 1332 273 1363 viderint
292 1344 364 1369 eos,
385 1333 504 1373 quibus
526 1331 633 1362 favent
643 1354 652 1369 ,
665 1332 704 1362 ab

134 1381 171 1409 iis
185 1379 329 1410 recedere
342 1385 462 1409 monet.
475 1378 540 1408 vid.
557 1380 705 1409 stat.V11

132 1425 234 1456 Theb.
255 1427 337 1466 789,
357 1432 389 1456 et
406 1424 495 1455 Iliad.
511 1436 552 1465 χ,
571 1425 705 1455 213.—

136 1482 148 1501 1
158 1473 175 1502 5
181 1473 211 1502 3.
225 1474 327 1502 Decet
332 1483 346 1508 ,·
361 1472 434 1512 plus
447 1478 493 1501 est
507 1482 601 1511 quam
614 1471 704 1502 licet:

135 1516 382 1560 ἔεικεν,[οι·.ςαη.
402 1519 486 1547 Bene
504 1518 650 1554 Servius,
669 1523 706 1547 ut

131 1565 214 1595 forte
229 1566 331 1606 possit
350 1565 488 1594 fatorum
507 1563 586 1594 ordo
603 1570 706 1593 muta—

132 1612 171 1640 ri.
180 1629 227 1634 --
238 1611 312 1641 155.
325 1612 518 1646 Honestum,
531 1609 705 1650 pulchrum

134 1667 175 1686 ex
196 1654 304 1686 καλόν.
319 1666 349 1686 ν.
365 1657 423 1686 Ge.
442 1658 474 1686 ΙΙ
485 1679 494 1693 ,
515 1657 593 1696 392,
608 1662 708 1696 caput

134 1701 368 1732 lconestmn.—-
385 1703 460 1739 157.
488 1701 523 1731 Si
544 1701 614 1741 quis
637 1713 704 1731 mo-

134 1749 211 1784 dus,
237 1749 393 1788 exquisite
412 1757 490 1787 pro,
510 1757 705 1786 quocunque

134 1794 230 1825 modo
243 1806 251 1832 3
270 1795 363 1824 etiam
387 1793 480 1823 docte
507 1802 584 1821 mox
608 1803 705 1822 excu-

134 1849 199 1871 tere
206 1852 265 1882 pro
279 1847 448 1871 concutere
458 1862 465 1874 ‚
479 1838 606 1868 turbare
617 1860 625 1875 ‚
634 1848 707 1881 συγ-

136 1885 229 1927 χέειν.
258 1898 329 1928 sup.
344 1888 424 1923 Vll,
448 1886 512 1925 339
532 1894 540 1914 :
559 1883 706 1924 disjicere

130 1943 258 1973 pacem.
278 1932 455 1964 Consilium
478 1937 580 1961 autem
601 1932 705 1960 Juno-

135 1980 186 2009 nis
198 1990 239 2010 ex
251 1982 392 2010 Homero
405 1979 542 2019 petitum
558 1976 648 2007 Iliad.
666 1973 704 2013 ὃ,

137 2025 183 2061 64
209 2036 277 2067 sqq.
292 2043 339 2048 —-
360 2026 435 2056 160.
463 2026 623 2054 Incertam
641 2034 651 2052 .·
679 2033 704 2052 s.

138 2077 246 2101 utrum
274 2078 409 2102 tentaret
432 2071 520 2112 quod
538 2072 627 2101 Juno
640 2071 706 2108 jus-

137 2117 236 2154 serat'3
252 2128 277 2148 s.
293 2117 332 2148 de
349 2125 466 2148 eventu
481 2118 613 2147 incerta.
628 2117 708 2146 Nam

138 2173 169 2192 v.
197 2164 277 2202 153,
288 2163 405 2207 forsan
425 2163 554 2195 miseros
573 2162 708 2194 meliora

757 1115 937 1141 sequentur.
963 1125 1009 1131 —
1047 1107 1185 1137 Vulnere
1222 1108 1329 1135 mortis

758 1144 824 1177 duo
847 1147 975 1185 Hamb.;
997 1147 1052 1178 sed
1069 1149 1191 1178 vulnus
1215 1150 1331 1179 mentis

756 1204 817 1234 pro
833 1193 944 1224 dolore
953 1217 962 1230 ‚
975 1201 1011 1224 ut
1023 1196 1128 1224 statim
1141 1197 1213 1225 AEn.
1228 1197 1257 1232 1,
1275 1196 1330 1226 36.

809 1240 883 1270 161.
904 1239 957 1270 Ad
975 1238 1092 1281 figuras
1114 1240 1251 1280 Virgilio
1271 1251 1330 1271 no-

758 1296 796 1315 ve
815 1293 979 1326 usurpatas
996 1287 1091 1315 refert
1103 1286 1250 1316 Mam-ob.
1263 1287 1310 1316 VI
1321 1309 1329 1323 ‚

759 1331 779 1360 6
792 1354 800 1369 ,
818 1332 907 1372 quod
933 1331 972 1362 de
997 1331 1126 1361 duobus
1148 1332 1262 1372 incipit
1283 1331 1332 1361 di-

760 1388 830 1407 cere
842 1400 850 1414 ‚
867 1385 899 1408 et
910 1379 945 1408 in
963 1388 1065 1408 unum
1087 1377 1213 1408 desinit.
1231 1377 1331 1418 Quod

759 1431 863 1454 tamen
879 1435 919 1454 ex
934 1426 1077 1454 Homero
1086 1423 1331 1464 laudat‚0dyss.

759 1482 782 1512 μ
792 1492 801 1507 ,
820 1471 861 1508 73
873 1493 882 1506 ‚
902 1477 944 1508 74
955 1493 964 1508 ‚
979 1470 1118 1500 alienum
1132 1476 1188 1500 est.
1204 1470 1330 1501 Conve-

759 1518 843 1546 niret
861 1516 985 1546 schema
1004 1517 1228 1546 Alcmam'cum
1247 1515 1331 1556 apud

758 1562 932 1594 Pindarum
956 1562 1098 1592 obvium.
1118 1562 1331 1603 Hyperbaton

759 1619 824 1639 esse
845 1609 928 1638 dixit
942 1609 1083 1645 Servius,
1106 1615 1143 1638 ut
1159 1607 1239 1638 ordo
1263 1609 1304 1638 sit
1322 1618 1330 1638 ;

759 1657 889 1684 Interea
904 1665 994 1696 reges
1009 1654 1187 1694 procedunt
1197 1654 1326 1689 castris,

758 1708 860 1731 cetera
886 1702 920 1730 in
941 1701 1121 1740 parenthesi
1145 1700 1228 1729 dicta
1255 1700 1329 1729 sint.

759 1749 830 1776 Hoc
842 1753 1040 1786 sequnntur,
1057 1752 1212 1785 quantum
1226 1744 1332 1781 video,

758 1793 965 1832 interpretes;
985 1791 1102 1831 quihus
1128 1798 1232 1820 tamen
1265 1800 1332 1820 non

760 1837 918 1867 accedam.
944 1837 1039 1866 Ponit
1062 1836 1101 1865 ab
1123 1837 1216 1866 initio
1239 1843 1332 1876 poeta

759 1894 858 1924 genus
870 1906 878 1919 ‚
895 1889 926 1912 et
942 1888 1010 1911 tum
1023 1881 1187 1911 individua
1202 1881 1333 1920 subjun-

760 1930 823 1970 git,
848 1928 966 1958 inflexa
991 1927 1029 1957 ad
1049 1928 1084 1958 id
1099 1929 1252 1958 oratione.
1279 1929 1332 1957 In-

761 1982 917 2016 terpungo
929 1976 1035 2014 itaque
1050 1984 1058 2004 :
1076 1976 1206 2004 Interea
1221 1983 1312 2016 reges
1322 1996 1330 2009 ,

760 2021 771 2062 (
783 2029 814 2051 et
834 2021 964 2062 quidem
982 2021 1086 2061 primo
1098 2020 1195 2062 loco)
1211 2019 1336 2062 ingenti

761 2068 844 2098 mole
863 2067 998 2097 Latinus
1022 2066 1152 2097 vehitur
1173 2073 1234 2097 etc.
1253 2065 1333 2108 bigis

761 2113 786 2143 ιί
806 2116 834 2144 T
832 2124 928 2144 urnas
959 2120 1020 2145 etc.
1049 2113 1133 2143 Hinc
1151 2120 1250 2154 pater
1273 2112 1332 2142 AE-

763 2171 889 2192 nea-tm.
913 2162 1023 2192 Romae
1038 2171 1049 2189 :
1067 2159 1248 2191 Procedant
1265 2158 1329 2197 (sc.
