1414 2435
557 39 706 70 CULEx.

1166 41 1227 79 357

32 98 203 136 AEacides
223 112 230 134 :
252 99 381 135 Peleus
398 109 576 146 namque,
598 105 634 134 et
654 97 872 135 Telamonia
890 99 1010 137 virtus

34 162 105 196 Per
124 172 256 196 secura
274 158 392 208 patris
408 157 582 194 laetantur
600 158 773 204 numina,
795 172 959 208 quorum

36 217 243 255 Connubiis
258 220 384 254 Venus
403 226 440 254 et
459 219 589 254 Virtus
609 217 770 267 injunxit
787 217 984 258 honorem.

38 281 147 315 Hunc
164 277 291 327 rapuit
310 290 419 314 serva
437 293 444 313 z
466 286 522 314 ast
538 277 644 313 illum
661 278 793 315 Nereis
814 279 965 316 amavit.

36 337 192 374 Adsidet
208 336 278 372 hac
292 337 462 386 juvenis,
483 335 600 373 sociat
620 349 732 385 quem
752 337 890 386 gloria,
909 339 1034 385 fortis,
1180 349 1228 372 300

34 402 150 443 Acer,
170 398 408 441 inexcussus‚
429 396 595 432 referens
616 409 637 432 a
654 396 815 434 navibus
834 398 939 447 ignes

35 457 220 508 Argolicis
240 456 423 506 Phrygios
441 466 550 493 torva
571 456 718 493 feritate
741 458 925 507 repulsos.

36 521 70 556 Ο
91 518 174 568 quis
191 531 267 554 non
283 517 422 554 referat
441 517 523 554 talis
543 516 708 554 divortia
727 517 836 565 belli,

37 581 132 624 Quae
149 578 271 627 Trojae
288 577 420 614 videre
438 577 529 623 viri,
548 577 754 627 videreque
775 579 899 616 Graii!

36 637 197 674 Teucria
217 650 334 687 quum
351 649 487 686 magno
507 647 676 674 manaret
692 640 873 687 sanguine
892 639 1019 685 tellus,
1183 648 1230 672 305

36 699 84 732 Et
103 697 258 743 Simois,
276 697 496 746 Xanthique
514 698 657 746 liquor3
677 698 863 747 Sigeaque
882 707 1020 748 praeter

37 755 168 792 Litora
187 769 305 805 quum
323 760 459 802 Troas,
479 757 569 794 saevi
589 757 694 793 ducis
714 758 887 794 Hectoris
907 758 980 804 ira,

36 815 175 852 Videre
194 816 233 852 in
252 817 377 853 classis
395 816 548 853 inimica
567 826 691 853 mente
710 817 882 866 Pelasgas

37 876 219 920 Volnera,
241 876 331 921 tela,
351 889 480 921 neces,
497 876 593 925 ignis
612 877 752 914 inferre
771 886 933 927 paratos.

38 939 125 985 Ipsa
138 935 240 986 jugis
259 949 422 986 namque
440 937 525 980 Ida,
544 945 677 985 potem
696 937 873 983 feritatis,
893 947 930 974 et
949 938 1030 987 ipsa
1181 947 1229 971 3¹0

37 997 158 1044 AEqua
178 996 276 1032 faces
295 996 406 1032 altrix
426 995 573 1044 cupidis
594 995 788 1044 praebebat
807 997 984 1043 alumnis,

37 1054 169 1090 Omnis
188 1062 230 1089 ut
249 1055 289 1090 in
309 1054 454 1090 cineres
472 1054 624 1090 Rhoetei
640 1055 760 1092 litoris
779 1068 847 1093 ora

39 1112 228 1149 Classibus
249 1112 431 1149 ambustis
450 1113 599 1148 flamma
618 1122 821 1160 superante
841 1114 1005 1152 daretur.

38 1172 136 1208 Hinc
157 1180 237 1207 erat
253 1170 450 1220 oppositus
471 1178 604 1206 contra
623 1171 864 1208 Telamonius
882 1173 1013 1219 heros,

39 1230 276 1280 Objectoque
296 1229 411 1265 dabat
429 1229 562 1279 clypeo
584 1230 806 1278 certamina3
827 1240 863 1267 et
882 1231 984 1268 illinc
1184 1243 1232 1266 315

38 1293 181 1326 Hector
200 1298 299 1336 erat,
316 1291 439 1339 Trojae
459 1303 647 1326 summum
665 1290 779 1328 decus
799 1305 807 1326 ε
829 1304 915 1327 acer
934 1300 1112 1342 uterquc,

39 1350 275 1387 Fulminibus
295 1350 388 1387 coelo
411 1350 529 1387 veluti
550 1351 678 1400 fragor
697 1351 820 1388 editus
840 1352 933 1397 alto;

40 1411 196 1460 Ignibus
217 1410 279 1446 hic
299 1410 456 1459 telisque
476 1423 608 1459 super,
628 1411 659 1446 si
679 1410 858 1447 classibus
877 1413 998 1460 Argos

40 1470 187 1519 Eripiat
204 1469 348 1506 reditus
367 1483 374 1504 :
395 1469 456 1505 ille
478 1477 521 1504 ut
538 1469 721 1505 Vulcania
740 1469 841 1505 ferro

40 1530 204 1566 Volnera
222 1530 415 1579 protectus
435 1527 625 1578 depellere
645 1528 805 1566 navibus
823 1529 945 1566 instet.
1184 1542 1232 1566 320

40 1593 122 1627 Hoc
139 1600 220 1627 erat
236 1590 407 1627 AEacides
425 1589 519 1627 alter
534 1588 680 1627 laetatus
700 1590 844 1627 honore
863 1604 870 1626 :

44 1734 80 1757 ut
97 1734 128 1756 et
142 1726 282 1757 heroinae
305 1727 474 1767 aliquando
487 1729 521 1758 in
535 1730 611 1770 Ely-

44 1776 125 1804 sium
140 1783 214 1802 cum
226 1773 378 1802 heroibus
393 1774 610 1805 admittantur.

92 1820 169 1850 303.
191 1819 333 1848 Dz'vorcia
353 1819 429 1849 belli
436 1832 449 1856 ;
465 1820 552 1860 quod
567 1822 614 1850 in-

45 1873 90 1896 ter
103 1865 244 1896 diversos
254 1865 318 1895 duo
332 1866 467 1905 populos
482 1868 612 1907 geritur,

45 1913 134 1952 quasi
155 1912 194 1941 ad
212 1911 276 1941 duo
301 1911 486 1948 divertitur,
510 1919 546 1942 ut
568 1913 614 1941 di-

45 1957 142 1987 «torcia
163 1958 310 1993 viarum,
329 1968 485 1997 aquarum
496 1970 509 1994 ,·
525 1966 556 1988 et
574 1969 614 1989 ex

46 2003 139 2034 altera
154 2011 242 2044 parte
254 2005 413 2039 similiter,
428 2004 536 2045 jurgia
550 2004 613 2034 bel-

48 2048 91 2084 li,
122 2050 281 2080 discordia
301 2061 441 2092 pugnas,
475 2051 538 2080 dici
565 2061 614 2081 so-

46 2094 122 2125 lent.
145 2096 226 2126 Mox
254 2099 320 2133 304
344 2097 416 2126 facit
439 2098 555 2126 iterum
579 2098 613 2126 in

46 2139 235 2181 digressione
252 2153 368 2173 novam
390 2143 613 2184 digressionem

667 1730 706 1759 de
734 1730 818 1760 bello
847 1731 986 1768 Trojano
1019 1736 1111 1770 poeta
1136 1740 1144 1760 ε
1173 1731 1233 1760 ni³i

667 1783 733 1805 tota
759 1776 825 1805 haec
851 1775 964 1804 lacinia
990 1786 1063 1805 cum
1090 1782 1137 1805 tot
1165 1775 1234 1805 aliis

667 1828 767 1850 assuta
792 1828 838 1851 est
859 1821 898 1850 ab
920 1821 991 1851 alio.
1018 1821 1234 1862 Cogitandum

667 1874 769 1896 autem
787 1866 825 1896 de
839 1864 1029 1909 τειχομαχίᾳ
1048 1867 1136 1898 Iliad.
1156 1879 1182 1905 ν,
1199 1868 1234 1897 in

667 1922 728 1952 qua
753 1914 838 1951 Ajax
863 1913 1066 1943 Telamonius
1085 1915 1191 1954 ignem
1218 1924 1234 1941 a

667 1959 761 1988 classe
783 1959 981 1999 propulsavit
1004 1970 1063 1996 107
1084 1970 1130 1999 sq.
1149 1961 1233 1989 Tum

652 2005 745 2035 .alter
761 2005 902 2035 AEacides
912 2028 920 2042 ,
937 2016 982 2035 τε.
999 2007 1062 2035 322
1078 2004 1231 2041 Achilles,

668 2052 836 2081 Hectorem
854 2052 1024 2082 interemit.

716 2098 756 2126 32
767 2108 793 2127 r.
810 2097 961 2127 AEacides
973 2097 1065 2134 alter,
1081 2099 1164 2136 Ajax
1177 2099 1234 2128 Te-

666 2143 839 2181 lamonius,
855 2145 911 2184 qui
932 2154 947 2173 a
964 2144 1097 2174 navibus
1114 2146 1201 2184 ignes
1218 2155 1233 2172 a
