<?xml version="1.0" encoding="UTF-8"?>
<!DOCTYPE html PUBLIC "-//W3C//DTD XHTML 1.0 Transitional//EN"
    "http://www.w3.org/TR/xhtml1/DTD/xhtml1-transitional.dtd">
<html xmlns="http://www.w3.org/1999/xhtml" xml:lang="en" lang="en">
 <head>
  <title>
</title>
<meta http-equiv="Content-Type" content="text/html;charset=utf-8" />
  <meta name='ocr-system' content='tesseract 3.04.00' />
  <meta name='ocr-capabilities' content='ocr_page ocr_carea ocr_par ocr_line ocrx_word'/>
</head>
<body>
  <div class='ocr_page' id='page_1' title='image "./operahey04virguoft_0158.png"; bbox 0 0 1414 2435; ppageno 0'>
   <div class='ocr_carea' id='block_1_1' title="bbox 130 78 191 113">
    <p class='ocr_par' dir='ltr' id='par_1_1' title="bbox 130 78 191 113">
     <span class='ocr_line' id='line_1_1' title="bbox 130 78 191 113; baseline -0.016 -5"><span class='ocrx_word' id='word_1_1' title='bbox 130 78 191 113; x_wconf 76' lang='lat'>148</span> 
     </span>
    </p>
   </div>
   <div class='ocr_carea' id='block_1_2' title="bbox 625 77 819 108">
    <p class='ocr_par' dir='ltr' id='par_1_2' title="bbox 625 77 819 108">
     <span class='ocr_line' id='line_1_2' title="bbox 625 77 819 108; baseline 0 0"><span class='ocrx_word' id='word_1_2' title='bbox 625 77 819 108; x_wconf 79' lang='lat' dir='ltr'>AENEIDOS</span> 
     </span>
    </p>
   </div>
   <div class='ocr_carea' id='block_1_3' title="bbox 124 132 1250 300">
    <p class='ocr_par' dir='ltr' id='par_1_3' title="bbox 124 132 1250 300">
     <span class='ocr_line' id='line_1_3' title="bbox 124 132 996 183; baseline -0.002 -12"><span class='ocrx_word' id='word_1_3' title='bbox 124 137 172 171; x_wconf 87' lang='lat' dir='ltr'>Et</span> <span class='ocrx_word' id='word_1_4' title='bbox 191 146 250 169; x_wconf 89' lang='lat' dir='ltr'>me</span> <span class='ocrx_word' id='word_1_5' title='bbox 268 139 482 169; x_wconf 85' lang='lat' dir='ltr'><strong>consortem</strong></span> <span class='ocrx_word' id='word_1_6' title='bbox 497 132 576 169; x_wconf 87' lang='lat' dir='ltr'>nati</span> <span class='ocrx_word' id='word_1_7' title='bbox 594 133 758 170; x_wconf 85' lang='lat' dir='ltr'>concede</span> <span class='ocrx_word' id='word_1_8' title='bbox 776 133 960 183; x_wconf 88' lang='lat' dir='ltr'>sepulcro.</span> <span class='ocrx_word' id='word_1_9' title='bbox 982 152 996 165; x_wconf 87' lang='lat'><strong><em>»</em></strong></span> 
     </span>
     <span class='ocr_line' id='line_1_4' title="bbox 124 190 1250 242; baseline 0.002 -13"><span class='ocrx_word' id='word_1_10' title='bbox 124 196 215 231; x_wconf 84' lang='lat' dir='ltr'>Haec</span> <span class='ocrx_word' id='word_1_11' title='bbox 234 191 420 239; x_wconf 81' lang='lat' dir='ltr'>loquitur,</span> <span class='ocrx_word' id='word_1_12' title='bbox 435 190 645 240; x_wconf 81' lang='lat' dir='ltr'>juguloque</span> <span class='ocrx_word' id='word_1_13' title='bbox 661 191 765 228; x_wconf 87' lang='lat' dir='ltr'>haud</span> <span class='ocrx_word' id='word_1_14' title='bbox 783 192 922 229; x_wconf 84' lang='lat' dir='ltr'>inscius</span> <span class='ocrx_word' id='word_1_15' title='bbox 942 192 1084 242; x_wconf 82' lang='lat' dir='ltr'>adcipit</span> <span class='ocrx_word' id='word_1_16' title='bbox 1104 206 1250 240; x_wconf 90' lang='lat' dir='ltr'>ensem,</span> 
     </span>
     <span class='ocr_line' id='line_1_5' title="bbox 126 250 1099 300; baseline -0.002 -9"><span class='ocrx_word' id='word_1_17' title='bbox 126 250 369 300; x_wconf 80' lang='lat' dir='ltr'>Undantique</span> <span class='ocrx_word' id='word_1_18' title='bbox 390 250 553 288; x_wconf 85' lang='lat' dir='ltr'>animam</span> <span class='ocrx_word' id='word_1_19' title='bbox 572 251 752 289; x_wconf 80' lang='lat' dir='ltr'>diffundit</span> <span class='ocrx_word' id='word_1_20' title='bbox 770 253 811 289; x_wconf 89' lang='lat' dir='ltr'>in</span> <span class='ocrx_word' id='word_1_21' title='bbox 829 264 933 289; x_wconf 85' lang='lat' dir='ltr'>arma</span> <span class='ocrx_word' id='word_1_22' title='bbox 952 265 1099 290; x_wconf 84' lang='lat' dir='ltr'>cruore.</span> 
     </span>
    </p>
   </div>
   <div class='ocr_carea' id='block_1_4' title="bbox 127 389 710 1210">
    <p class='ocr_par' dir='ltr' id='par_1_4' title="bbox 127 389 710 1210">
     <span class='ocr_line' id='line_1_6' title="bbox 127 389 698 430; baseline 0.002 -11"><span class='ocrx_word' id='word_1_23' title='bbox 127 392 205 427; x_wconf 83' lang='lat' dir='ltr'>iras,</span> <span class='ocrx_word' id='word_1_24' title='bbox 232 389 404 429; x_wconf 88' lang='lat' dir='ltr'><strong>quominus</strong></span> <span class='ocrx_word' id='word_1_25' title='bbox 438 399 553 430; x_wconf 87' lang='lat' dir='ltr'>corpus</span> <span class='ocrx_word' id='word_1_26' title='bbox 591 400 698 420; x_wconf 89' lang='lat' dir='ltr'>meum</span> 
     </span>
     <span class='ocr_line' id='line_1_7' title="bbox 127 435 699 475; baseline 0.002 -11"><span class='ocrx_word' id='word_1_27' title='bbox 127 435 321 475; x_wconf 88' lang='lat' dir='ltr'>insepultum</span> <span class='ocrx_word' id='word_1_28' title='bbox 330 435 478 472; x_wconf 79' lang='lat' dir='ltr'>abjiciant</span> <span class='ocrx_word' id='word_1_29' title='bbox 487 442 518 465; x_wconf 90' lang='lat' dir='ltr'>et</span> <span class='ocrx_word' id='word_1_30' title='bbox 525 436 606 465; x_wconf 89' lang='lat' dir='ltr'>male</span> <span class='ocrx_word' id='word_1_31' title='bbox 618 436 699 465; x_wconf 88' lang='lat' dir='ltr'>mul-</span> 
     </span>
     <span class='ocr_line' id='line_1_8' title="bbox 129 477 699 521; baseline 0.002 -10"><span class='ocrx_word' id='word_1_32' title='bbox 129 488 222 518; x_wconf 87' lang='lat' dir='ltr'>cent;</span> <span class='ocrx_word' id='word_1_33' title='bbox 238 477 418 516; x_wconf 75' lang='grc' dir='ltr'><strong>αἰκίζεσθαι.</strong></span> <span class='ocrx_word' id='word_1_34' title='bbox 431 498 477 505; x_wconf 86' lang='lat'>——</span> <span class='ocrx_word' id='word_1_35' title='bbox 493 482 572 521; x_wconf 87' lang='lat'><strong>906.</strong></span> <span class='ocrx_word' id='word_1_36' title='bbox 588 484 634 512; x_wconf 85' lang='lat' dir='ltr'>Ec</span> <span class='ocrx_word' id='word_1_37' title='bbox 649 493 699 512; x_wconf 87' lang='lat' dir='ltr'>me</span> 
     </span>
     <span class='ocr_line' id='line_1_9' title="bbox 127 526 699 569; baseline 0.003 -13"><span class='ocrx_word' id='word_1_38' title='bbox 127 534 304 557; x_wconf 81' lang='lat' dir='ltr'><em>consortem</em></span> <span class='ocrx_word' id='word_1_39' title='bbox 322 526 393 556; x_wconf 80' lang='lat' dir='ltr'>nati</span> <span class='ocrx_word' id='word_1_40' title='bbox 411 538 472 567; x_wconf 92' lang='lat' dir='ltr'>pro</span> <span class='ocrx_word' id='word_1_41' title='bbox 490 528 614 569; x_wconf 86' lang='lat' dir='ltr'>vulgari</span> <span class='ocrx_word' id='word_1_42' title='bbox 628 538 699 558; x_wconf 81' lang='lat' dir='ltr'>ora-</span> 
     </span>
     <span class='ocr_line' id='line_1_10' title="bbox 130 574 701 613; baseline -0.002 -10"><span class='ocrx_word' id='word_1_43' title='bbox 130 574 216 603; x_wconf 76' lang='lat' dir='ltr'>tione</span> <span class='ocrx_word' id='word_1_44' title='bbox 254 579 432 603; x_wconf 82' lang='lat' dir='ltr'>consortem</span> <span class='ocrx_word' id='word_1_45' title='bbox 456 574 593 613; x_wconf 81' lang='lat' dir='ltr'><em>sepulcri</em></span> <span class='ocrx_word' id='word_1_46' title='bbox 621 581 701 604; x_wconf 84' lang='lat' dir='ltr'>nato</span> 
     </span>
     <span class='ocr_line' id='line_1_11' title="bbox 129 620 702 661; baseline 0.002 -12"><span class='ocrx_word' id='word_1_47' title='bbox 129 620 238 659; x_wconf 86' lang='lat' dir='ltr'>posuit</span> <span class='ocrx_word' id='word_1_48' title='bbox 254 620 453 659; x_wconf 82' lang='lat' dir='ltr'>exquisitius,</span> <span class='ocrx_word' id='word_1_49' title='bbox 473 621 546 650; x_wconf 86' lang='lat' dir='ltr'>Esse</span> <span class='ocrx_word' id='word_1_50' title='bbox 566 631 625 661; x_wconf 89' lang='lat' dir='ltr'>pro</span> <span class='ocrx_word' id='word_1_51' title='bbox 640 621 702 650; x_wconf 85' lang='lat' dir='ltr'>hoc</span> 
     </span>
     <span class='ocr_line' id='line_1_12' title="bbox 131 665 702 701; baseline 0.005 -8"><span class='ocrx_word' id='word_1_52' title='bbox 131 665 253 694; x_wconf 82' lang='lat' dir='ltr'>dietum</span> <span class='ocrx_word' id='word_1_53' title='bbox 264 665 347 694; x_wconf 89' lang='lat' dir='ltr'>illud</span> <span class='ocrx_word' id='word_1_54' title='bbox 356 686 365 701; x_wconf 91' lang='lat'>,</span> <span class='ocrx_word' id='word_1_55' title='bbox 380 666 473 694; x_wconf 83' lang='lat' dir='ltr'>etiam</span> <span class='ocrx_word' id='word_1_56' title='bbox 487 667 568 697; x_wconf 86' lang='lat' dir='ltr'>Aur.</span> <span class='ocrx_word' id='word_1_57' title='bbox 577 668 702 696; x_wconf 88' lang='lat' dir='ltr'>Macro-</span> 
     </span>
     <span class='ocr_line' id='line_1_13' title="bbox 130 709 702 752; baseline 0.003 -12"><span class='ocrx_word' id='word_1_58' title='bbox 130 711 178 740; x_wconf 88' lang='lat' dir='ltr'>bii</span> <span class='ocrx_word' id='word_1_59' title='bbox 189 710 345 740; x_wconf 83' lang='lat' dir='ltr'>Satumal.</span> <span class='ocrx_word' id='word_1_60' title='bbox 358 709 415 740; x_wconf 88' lang='lat' dir='ltr'>lib.</span> <span class='ocrx_word' id='word_1_61' title='bbox 429 712 492 747; x_wconf 81' lang='lat' dir='ltr'>VI,</span> <span class='ocrx_word' id='word_1_62' title='bbox 506 722 574 752; x_wconf 89' lang='lat' dir='ltr'>cap.</span> <span class='ocrx_word' id='word_1_63' title='bbox 587 712 607 741; x_wconf 89' lang='lat'>6</span> <span class='ocrx_word' id='word_1_64' title='bbox 618 735 627 750; x_wconf 88' lang='lat'><strong>,</strong></span> <span class='ocrx_word' id='word_1_65' title='bbox 637 723 702 742; x_wconf 93' lang='lat' dir='ltr'>mo-</span> 
     </span>
     <span class='ocr_line' id='line_1_14' title="bbox 132 755 706 788; baseline 0.007 -4"><span class='ocrx_word' id='word_1_66' title='bbox 132 756 214 785; x_wconf 84' lang='lat' dir='ltr'>nuit.</span> <span class='ocrx_word' id='word_1_67' title='bbox 230 757 268 784; x_wconf 90' lang='lat' dir='ltr'>In</span> <span class='ocrx_word' id='word_1_68' title='bbox 282 762 349 785; x_wconf 91' lang='lat' dir='ltr'>toto</span> <span class='ocrx_word' id='word_1_69' title='bbox 362 755 425 785; x_wconf 91' lang='lat' dir='ltr'>hoc</span> <span class='ocrx_word' id='word_1_70' title='bbox 440 756 480 786; x_wconf 92' lang='lat' dir='ltr'>de</span> <span class='ocrx_word' id='word_1_71' title='bbox 493 758 586 786; x_wconf 89' lang='lat' dir='ltr'>Lausi</span> <span class='ocrx_word' id='word_1_72' title='bbox 598 765 628 787; x_wconf 89' lang='lat' dir='ltr'>et</span> <span class='ocrx_word' id='word_1_73' title='bbox 637 760 706 788; x_wconf 89' lang='lat' dir='ltr'>Me-</span> 
     </span>
     <span class='ocr_line' id='line_1_15' title="bbox 133 801 703 842; baseline 0.004 -12"><span class='ocrx_word' id='word_1_74' title='bbox 133 802 228 831; x_wconf 84' lang='lat' dir='ltr'>zentii</span> <span class='ocrx_word' id='word_1_75' title='bbox 252 808 353 831; x_wconf 91' lang='lat' dir='ltr'>morte</span> <span class='ocrx_word' id='word_1_76' title='bbox 375 801 448 831; x_wconf 92' lang='lat' dir='ltr'>loco</span> <span class='ocrx_word' id='word_1_77' title='bbox 475 813 507 831; x_wconf 89' lang='lat' dir='ltr'>se</span> <span class='ocrx_word' id='word_1_78' title='bbox 530 803 636 842; x_wconf 89' lang='lat' dir='ltr'>ipsum</span> <span class='ocrx_word' id='word_1_79' title='bbox 651 814 703 832; x_wconf 89' lang='lat' dir='ltr'>su-</span> 
     </span>
     <span class='ocr_line' id='line_1_16' title="bbox 134 848 704 888; baseline 0.005 -13"><span class='ocrx_word' id='word_1_80' title='bbox 134 856 256 887; x_wconf 82' lang='lat' dir='ltr'>perasse</span> <span class='ocrx_word' id='word_1_81' title='bbox 286 853 412 886; x_wconf 90' lang='lat' dir='ltr'>poetam</span> <span class='ocrx_word' id='word_1_82' title='bbox 444 848 565 888; x_wconf 86' lang='lat' dir='ltr'>tragico</span> <span class='ocrx_word' id='word_1_83' title='bbox 587 849 704 878; x_wconf 88' lang='lat' dir='ltr'>affectu</span> 
     </span>
     <span class='ocr_line' id='line_1_17' title="bbox 135 892 706 934; baseline 0.005 -13"><span class='ocrx_word' id='word_1_84' title='bbox 135 898 166 921; x_wconf 88' lang='lat' dir='ltr'>et</span> <span class='ocrx_word' id='word_1_85' title='bbox 183 892 331 922; x_wconf 75' lang='lat' dir='ltr'>carminis</span> <span class='ocrx_word' id='word_1_86' title='bbox 345 892 496 933; x_wconf 79' lang='lat' dir='ltr'>dignitate</span> <span class='ocrx_word' id='word_1_87' title='bbox 510 895 598 934; x_wconf 86' lang='lat' dir='ltr'>epica</span> <span class='ocrx_word' id='word_1_88' title='bbox 611 894 706 924; x_wconf 87' lang='lat' dir='ltr'>faten-</span> 
     </span>
     <span class='ocr_line' id='line_1_18' title="bbox 138 937 705 978; baseline 0.004 -11"><span class='ocrx_word' id='word_1_89' title='bbox 138 937 215 967; x_wconf 90' lang='lat' dir='ltr'>dum</span> <span class='ocrx_word' id='word_1_90' title='bbox 230 944 286 967; x_wconf 86' lang='lat' dir='ltr'>est.</span> <span class='ocrx_word' id='word_1_91' title='bbox 297 955 343 961; x_wconf 92' lang='lat'>-—-</span> <span class='ocrx_word' id='word_1_92' title='bbox 353 939 431 978; x_wconf 87' lang='lat'>908.</span> <span class='ocrx_word' id='word_1_93' title='bbox 448 938 608 978; x_wconf 80' lang='lat' dir='ltr'>Defimdic</span> <span class='ocrx_word' id='word_1_94' title='bbox 619 939 705 970; x_wconf 88' lang='lat' dir='ltr'>Gud.</span> 
     </span>
     <span class='ocr_line' id='line_1_19' title="bbox 139 984 706 1025; baseline 0.005 -12"><span class='ocrx_word' id='word_1_95' title='bbox 139 994 156 1013; x_wconf 81' lang='lat' dir='ltr'>a</span> <span class='ocrx_word' id='word_1_96' title='bbox 176 994 217 1014; x_wconf 90' lang='lat' dir='ltr'>m.</span> <span class='ocrx_word' id='word_1_97' title='bbox 237 994 286 1023; x_wconf 88' lang='lat' dir='ltr'>pr.</span> <span class='ocrx_word' id='word_1_98' title='bbox 301 990 332 1013; x_wconf 87' lang='lat' dir='ltr'>et</span> <span class='ocrx_word' id='word_1_99' title='bbox 346 986 439 1015; x_wconf 87' lang='lat' dir='ltr'>Rom.</span> <span class='ocrx_word' id='word_1_100' title='bbox 461 984 594 1025; x_wconf 73' lang='lat' dir='ltr'>dzfficdc&#39;c</span> <span class='ocrx_word' id='word_1_101' title='bbox 608 985 706 1016; x_wconf 87' lang='lat' dir='ltr'>Goth.</span> 
     </span>
     <span class='ocr_line' id='line_1_20' title="bbox 139 1029 706 1072; baseline 0.004 -13"><span class='ocrx_word' id='word_1_102' title='bbox 139 1029 218 1059; x_wconf 85' lang='lat' dir='ltr'>alter</span> <span class='ocrx_word' id='word_1_103' title='bbox 245 1035 278 1058; x_wconf 88' lang='lat' dir='ltr'>et</span> <span class='ocrx_word' id='word_1_104' title='bbox 305 1036 376 1060; x_wconf 86' lang='lat' dir='ltr'>tert.</span> <span class='ocrx_word' id='word_1_105' title='bbox 407 1031 448 1059; x_wconf 82' lang='lat' dir='ltr'>In</span> <span class='ocrx_word' id='word_1_106' title='bbox 475 1041 553 1060; x_wconf 73' lang='lat' dir='ltr'>arva</span> <span class='ocrx_word' id='word_1_107' title='bbox 578 1030 627 1061; x_wconf 90' lang='lat' dir='ltr'>ed.</span> <span class='ocrx_word' id='word_1_108' title='bbox 658 1042 706 1072; x_wconf 84' lang='lat' dir='ltr'>pr.</span> 
     </span>
     <span class='ocr_line' id='line_1_21' title="bbox 138 1075 709 1116; baseline 0.005 -13"><span class='ocrx_word' id='word_1_109' title='bbox 138 1075 248 1104; x_wconf 72' lang='lat' dir='ltr'>Burin.</span> <span class='ocrx_word' id='word_1_110' title='bbox 264 1081 296 1104; x_wconf 87' lang='lat' dir='ltr'>et</span> <span class='ocrx_word' id='word_1_111' title='bbox 304 1076 431 1116; x_wconf 86' lang='lat' dir='ltr'>Menag.</span> <span class='ocrx_word' id='word_1_112' title='bbox 444 1086 493 1116; x_wconf 89' lang='lat' dir='ltr'>pr.</span> <span class='ocrx_word' id='word_1_113' title='bbox 502 1098 511 1114; x_wconf 88' lang='lat'><strong>,</strong></span> <span class='ocrx_word' id='word_1_114' title='bbox 522 1077 612 1108; x_wconf 88' lang='lat' dir='ltr'>male.</span> <span class='ocrx_word' id='word_1_115' title='bbox 625 1078 647 1107; x_wconf 86' lang='lat' dir='ltr'><strong>J</strong></span> <span class='ocrx_word' id='word_1_116' title='bbox 649 1087 709 1106; x_wconf 90' lang='lat' dir='ltr'>un-</span> 
     </span>
     <span class='ocr_line' id='line_1_22' title="bbox 140 1120 710 1161; baseline 0.005 -12"><span class='ocrx_word' id='word_1_117' title='bbox 140 1120 241 1161; x_wconf 84' lang='lat' dir='ltr'>genda</span> <span class='ocrx_word' id='word_1_118' title='bbox 257 1128 333 1150; x_wconf 88' lang='lat' dir='ltr'>sunt</span> <span class='ocrx_word' id='word_1_119' title='bbox 355 1130 364 1151; x_wconf 73' lang='grc' dir='ltr'>ε</span> <span class='ocrx_word' id='word_1_120' title='bbox 388 1132 497 1152; x_wconf 81' lang='lat' dir='ltr'>cruore</span> <span class='ocrx_word' id='word_1_121' title='bbox 522 1122 659 1152; x_wconf 79' lang='lat' dir='ltr'><em>undanti</em></span> <span class='ocrx_word' id='word_1_122' title='bbox 677 1122 710 1152; x_wconf 84' lang='lat' dir='ltr'>in</span> 
     </span>
     <span class='ocr_line' id='line_1_23' title="bbox 142 1166 680 1210; baseline 0.009 -16"><span class='ocrx_word' id='word_1_123' title='bbox 142 1176 255 1210; x_wconf 37' lang='lat' dir='ltr'>armag</span> <span class='ocrx_word' id='word_1_124' title='bbox 273 1166 434 1197; x_wconf 85' lang='lat' dir='ltr'><strong>thoracem</strong></span> <span class='ocrx_word' id='word_1_125' title='bbox 448 1178 504 1198; x_wconf 88' lang='lat' dir='ltr'>seu</span> <span class='ocrx_word' id='word_1_126' title='bbox 519 1168 680 1209; x_wconf 82' lang='lat' dir='ltr'>clypeum.</span> 
     </span>
    </p>
   </div>
   <div class='ocr_carea' id='block_1_5' title="bbox 350 1247 522 1254">
    <p class='ocr_par' dir='ltr' id='par_1_5' title="bbox 350 1247 522 1254">
     <span class='ocr_line' id='line_1_24' title="bbox 350 1247 522 1254; baseline 0 0"><span class='ocrx_word' id='word_1_127' title='bbox 350 1247 522 1254; x_wconf 95' lang='lat' dir='ltr'> </span> 
     </span>
    </p>
   </div>
   <div class='ocr_carea' id='block_1_6' title="bbox 141 1309 719 2220">
    <p class='ocr_par' dir='ltr' id='par_1_6' title="bbox 141 1309 719 2220">
     <span class='ocr_line' id='line_1_25' title="bbox 188 1309 715 1340; baseline 0.002 -2"><span class='ocrx_word' id='word_1_128' title='bbox 188 1310 227 1338; x_wconf 90' lang='lat' dir='ltr'>In</span> <span class='ocrx_word' id='word_1_129' title='bbox 239 1309 301 1339; x_wconf 89' lang='lat' dir='ltr'>hoc</span> <span class='ocrx_word' id='word_1_130' title='bbox 311 1309 438 1340; x_wconf 89' lang='lat' dir='ltr'>tandem</span> <span class='ocrx_word' id='word_1_131' title='bbox 453 1310 536 1340; x_wconf 87' lang='lat' dir='ltr'>libro</span> <span class='ocrx_word' id='word_1_132' title='bbox 551 1311 663 1339; x_wconf 82' lang='lat' dir='ltr'>AEneas</span> <span class='ocrx_word' id='word_1_133' title='bbox 676 1309 715 1340; x_wconf 87' lang='lat' dir='ltr'>ad</span> 
     </span>
     <span class='ocr_line' id='line_1_26' title="bbox 141 1355 715 1397; baseline 0.007 -15"><span class='ocrx_word' id='word_1_134' title='bbox 141 1364 281 1395; x_wconf 82' lang='lat' dir='ltr'>pugnam</span> <span class='ocrx_word' id='word_1_135' title='bbox 301 1355 446 1395; x_wconf 81' lang='lat' dir='ltr'>procedit</span> <span class='ocrx_word' id='word_1_136' title='bbox 463 1366 471 1386; x_wconf 91' lang='lat'>:</span> <span class='ocrx_word' id='word_1_137' title='bbox 497 1355 586 1397; x_wconf 88' lang='lat' dir='ltr'>quod</span> <span class='ocrx_word' id='word_1_138' title='bbox 607 1355 715 1386; x_wconf 79' lang='lat' dir='ltr'>multis</span> 
     </span>
     <span class='ocr_line' id='line_1_27' title="bbox 142 1400 712 1438; baseline 0.005 -10"><span class='ocrx_word' id='word_1_139' title='bbox 142 1400 236 1429; x_wconf 85' lang='lat' dir='ltr'>nimis</span> <span class='ocrx_word' id='word_1_140' title='bbox 265 1411 336 1431; x_wconf 87' lang='lat' dir='ltr'>sero</span> <span class='ocrx_word' id='word_1_141' title='bbox 360 1402 477 1431; x_wconf 85' lang='lat' dir='ltr'>factum</span> <span class='ocrx_word' id='word_1_142' title='bbox 514 1402 619 1431; x_wconf 79' lang='lat' dir='ltr'>visum</span> <span class='ocrx_word' id='word_1_143' title='bbox 649 1409 712 1438; x_wconf 92' lang='lat' dir='ltr'>est,</span> 
     </span>
     <span class='ocr_line' id='line_1_28' title="bbox 141 1447 715 1488; baseline 0.005 -14"><span class='ocrx_word' id='word_1_144' title='bbox 141 1447 295 1485; x_wconf 85' lang='lat' dir='ltr'>quoniam</span> <span class='ocrx_word' id='word_1_145' title='bbox 317 1457 357 1476; x_wconf 81' lang='lat' dir='ltr'>ex</span> <span class='ocrx_word' id='word_1_146' title='bbox 383 1457 439 1477; x_wconf 90' lang='lat' dir='ltr'>sua</span> <span class='ocrx_word' id='word_1_147' title='bbox 463 1448 633 1488; x_wconf 86' lang='lat' dir='ltr'>opinione,</span> <span class='ocrx_word' id='word_1_148' title='bbox 647 1458 715 1477; x_wconf 88' lang='lat' dir='ltr'>non</span> 
     </span>
     <span class='ocr_line' id='line_1_29' title="bbox 142 1494 715 1531; baseline 0.005 -12"><span class='ocrx_word' id='word_1_149' title='bbox 142 1501 182 1520; x_wconf 79' lang='lat' dir='ltr'>ex</span> <span class='ocrx_word' id='word_1_150' title='bbox 195 1494 373 1531; x_wconf 85' lang='lat' dir='ltr'>argumenti</span> <span class='ocrx_word' id='word_1_151' title='bbox 389 1500 420 1523; x_wconf 90' lang='lat' dir='ltr'>et</span> <span class='ocrx_word' id='word_1_152' title='bbox 432 1494 571 1523; x_wconf 87' lang='lat' dir='ltr'>materiae</span> <span class='ocrx_word' id='word_1_153' title='bbox 584 1499 695 1522; x_wconf 85' lang='lat' dir='ltr'>natura</span> <span class='ocrx_word' id='word_1_154' title='bbox 706 1515 715 1530; x_wconf 94' lang='lat'>,</span> 
     </span>
     <span class='ocr_line' id='line_1_30' title="bbox 141 1535 714 1577; baseline 0.005 -13"><span class='ocrx_word' id='word_1_155' title='bbox 141 1535 297 1573; x_wconf 83' lang='lat' dir='ltr'>judicium</span> <span class='ocrx_word' id='word_1_156' title='bbox 321 1537 484 1569; x_wconf 87' lang='lat' dir='ltr'>faciebant.</span> <span class='ocrx_word' id='word_1_157' title='bbox 503 1539 584 1568; x_wconf 84' lang='lat' dir='ltr'>Aliis</span> <span class='ocrx_word' id='word_1_158' title='bbox 605 1537 714 1577; x_wconf 89' lang='lat' dir='ltr'>displi-</span> 
     </span>
     <span class='ocr_line' id='line_1_31' title="bbox 143 1582 716 1623; baseline 0.003 -13"><span class='ocrx_word' id='word_1_159' title='bbox 143 1582 244 1611; x_wconf 83' lang='lat' dir='ltr'>cuisse</span> <span class='ocrx_word' id='word_1_160' title='bbox 257 1582 349 1612; x_wconf 89' lang='lat' dir='ltr'>video</span> <span class='ocrx_word' id='word_1_161' title='bbox 358 1605 367 1620; x_wconf 90' lang='lat'>,</span> <span class='ocrx_word' id='word_1_162' title='bbox 380 1583 467 1623; x_wconf 89' lang='lat' dir='ltr'>quod</span> <span class='ocrx_word' id='word_1_163' title='bbox 484 1585 596 1613; x_wconf 84' lang='lat' dir='ltr'>AEneas</span> <span class='ocrx_word' id='word_1_164' title='bbox 610 1583 716 1612; x_wconf 80' lang='lat' dir='ltr'>militis</span> 
     </span>
     <span class='ocr_line' id='line_1_32' title="bbox 143 1627 715 1669; baseline 0.005 -14"><span class='ocrx_word' id='word_1_165' title='bbox 143 1627 260 1668; x_wconf 83' lang='lat' dir='ltr'>magis,</span> <span class='ocrx_word' id='word_1_166' title='bbox 283 1638 377 1668; x_wconf 89' lang='lat' dir='ltr'>quam</span> <span class='ocrx_word' id='word_1_167' title='bbox 400 1629 509 1665; x_wconf 82' lang='lat' dir='ltr'>(lucis,</span> <span class='ocrx_word' id='word_1_168' title='bbox 530 1635 634 1669; x_wconf 84' lang='lat' dir='ltr'>partes</span> <span class='ocrx_word' id='word_1_169' title='bbox 663 1640 715 1658; x_wconf 83' lang='lat' dir='ltr'>ex-</span> 
     </span>
     <span class='ocr_line' id='line_1_33' title="bbox 143 1672 715 1716; baseline 0.003 -15"><span class='ocrx_word' id='word_1_170' title='bbox 143 1673 208 1713; x_wconf 83' lang='lat' dir='ltr'>plet</span> <span class='ocrx_word' id='word_1_171' title='bbox 219 1695 227 1709; x_wconf 91' lang='lat'>‚</span> <span class='ocrx_word' id='word_1_172' title='bbox 245 1672 321 1702; x_wconf 86' lang='lat' dir='ltr'>dum</span> <span class='ocrx_word' id='word_1_173' title='bbox 337 1681 473 1705; x_wconf 84' lang='lat' dir='ltr'>veterem</span> <span class='ocrx_word' id='word_1_174' title='bbox 489 1675 623 1704; x_wconf 84' lang='lat' dir='ltr'>heroum</span> <span class='ocrx_word' id='word_1_175' title='bbox 639 1685 715 1716; x_wconf 81' lang='lat' dir='ltr'>pug-</span> 
     </span>
     <span class='ocr_line' id='line_1_34' title="bbox 144 1718 714 1761; baseline 0 -12"><span class='ocrx_word' id='word_1_176' title='bbox 144 1718 242 1749; x_wconf 88' lang='lat' dir='ltr'>nandi</span> <span class='ocrx_word' id='word_1_177' title='bbox 260 1729 380 1749; x_wconf 88' lang='lat' dir='ltr'>morem</span> <span class='ocrx_word' id='word_1_178' title='bbox 399 1731 511 1761; x_wconf 85' lang='lat' dir='ltr'>parum</span> <span class='ocrx_word' id='word_1_179' title='bbox 526 1722 695 1750; x_wconf 78' lang='lat' dir='ltr'>meminere</span> <span class='ocrx_word' id='word_1_180' title='bbox 706 1743 714 1757; x_wconf 94' lang='lat'>‚</span> 
     </span>
     <span class='ocr_line' id='line_1_35' title="bbox 143 1765 715 1807; baseline 0.003 -14"><span class='ocrx_word' id='word_1_181' title='bbox 143 1775 202 1794; x_wconf 86' lang='lat' dir='ltr'>nec</span> <span class='ocrx_word' id='word_1_182' title='bbox 220 1765 299 1794; x_wconf 90' lang='lat' dir='ltr'>illud</span> <span class='ocrx_word' id='word_1_183' title='bbox 314 1774 478 1806; x_wconf 87' lang='lat' dir='ltr'>reputant,</span> <span class='ocrx_word' id='word_1_184' title='bbox 495 1777 590 1807; x_wconf 88' lang='lat' dir='ltr'>quam</span> <span class='ocrx_word' id='word_1_185' title='bbox 604 1776 715 1807; x_wconf 86' lang='lat' dir='ltr'>parum</span> 
     </span>
     <span class='ocr_line' id='line_1_36' title="bbox 144 1812 715 1853; baseline 0.004 -14"><span class='ocrx_word' id='word_1_186' title='bbox 144 1812 282 1840; x_wconf 63' lang='lat' dir='ltr'>materiae</span> <span class='ocrx_word' id='word_1_187' title='bbox 300 1814 471 1843; x_wconf 78' lang='lat' dir='ltr'>narrationi</span> <span class='ocrx_word' id='word_1_188' title='bbox 488 1814 585 1853; x_wconf 78' lang='lat' dir='ltr'>epicae</span> <span class='ocrx_word' id='word_1_189' title='bbox 601 1812 715 1853; x_wconf 78' lang='lat' dir='ltr'>praebi-</span> 
     </span>
     <span class='ocr_line' id='line_1_37' title="bbox 145 1857 717 1901; baseline 0.003 -16"><span class='ocrx_word' id='word_1_190' title='bbox 145 1864 214 1886; x_wconf 84' lang='lat' dir='ltr'>tura</span> <span class='ocrx_word' id='word_1_191' title='bbox 228 1858 267 1886; x_wconf 88' lang='lat' dir='ltr'>sit</span> <span class='ocrx_word' id='word_1_192' title='bbox 281 1857 371 1887; x_wconf 85' lang='lat' dir='ltr'>ducis</span> <span class='ocrx_word' id='word_1_193' title='bbox 384 1861 532 1901; x_wconf 77' lang='lat' dir='ltr'>sagacitas</span> <span class='ocrx_word' id='word_1_194' title='bbox 542 1867 572 1889; x_wconf 86' lang='lat' dir='ltr'>et</span> <span class='ocrx_word' id='word_1_195' title='bbox 582 1858 717 1899; x_wconf 83' lang='lat' dir='ltr'>pruden—</span> 
     </span>
     <span class='ocr_line' id='line_1_38' title="bbox 146 1903 717 1942; baseline 0.004 -11"><span class='ocrx_word' id='word_1_196' title='bbox 146 1903 186 1931; x_wconf 82' lang='lat' dir='ltr'>tia</span> <span class='ocrx_word' id='word_1_197' title='bbox 199 1925 206 1937; x_wconf 89' lang='lat'>‚</span> <span class='ocrx_word' id='word_1_198' title='bbox 224 1904 306 1933; x_wconf 83' lang='lat' dir='ltr'>iutra</span> <span class='ocrx_word' id='word_1_199' title='bbox 328 1905 411 1942; x_wconf 79' lang='lat' dir='ltr'>jussa</span> <span class='ocrx_word' id='word_1_200' title='bbox 424 1928 431 1942; x_wconf 92' lang='lat'><strong><em>‚</em></strong></span> <span class='ocrx_word' id='word_1_201' title='bbox 450 1905 594 1936; x_wconf 85' lang='lat' dir='ltr'>mandata</span> <span class='ocrx_word' id='word_1_202' title='bbox 611 1912 641 1934; x_wconf 88' lang='lat' dir='ltr'>ct</span> <span class='ocrx_word' id='word_1_203' title='bbox 658 1906 717 1934; x_wconf 90' lang='lat' dir='ltr'>im-</span> 
     </span>
     <span class='ocr_line' id='line_1_39' title="bbox 145 1953 718 1991; baseline 0.005 -15"><span class='ocrx_word' id='word_1_204' title='bbox 145 1956 250 1987; x_wconf 80' lang='lat' dir='ltr'>perata</span> <span class='ocrx_word' id='word_1_205' title='bbox 275 1960 307 1978; x_wconf 86' lang='lat' dir='ltr'>se</span> <span class='ocrx_word' id='word_1_206' title='bbox 331 1953 518 1988; x_wconf 82' lang='lat' dir='ltr'>continens,</span> <span class='ocrx_word' id='word_1_207' title='bbox 545 1957 718 1991; x_wconf 84' lang='lat' dir='ltr'>prospectu</span> 
     </span>
     <span class='ocr_line' id='line_1_40' title="bbox 147 1994 719 2038; baseline 0.007 -17"><span class='ocrx_word' id='word_1_208' title='bbox 147 2005 186 2022; x_wconf 73' lang='lat' dir='ltr'>vx</span> <span class='ocrx_word' id='word_1_209' title='bbox 200 1994 263 2023; x_wconf 85' lang='lat' dir='ltr'>alto</span> <span class='ocrx_word' id='word_1_210' title='bbox 280 2005 314 2024; x_wconf 85' lang='lat' dir='ltr'>ac</span> <span class='ocrx_word' id='word_1_211' title='bbox 336 1996 513 2038; x_wconf 83' lang='lat' dir='ltr'>longinquo</span> <span class='ocrx_word' id='word_1_212' title='bbox 526 2004 635 2037; x_wconf 84' lang='lat' dir='ltr'>capto;</span> <span class='ocrx_word' id='word_1_213' title='bbox 647 2007 719 2037; x_wconf 84' lang='lat' dir='ltr'>qua-</span> 
     </span>
     <span class='ocr_line' id='line_1_41' title="bbox 147 2039 718 2083; baseline 0.007 -16"><span class='ocrx_word' id='word_1_214' title='bbox 147 2039 209 2068; x_wconf 80' lang='lat' dir='ltr'>lem</span> <span class='ocrx_word' id='word_1_215' title='bbox 228 2043 327 2071; x_wconf 77' lang='lat' dir='ltr'>nostri</span> <span class='ocrx_word' id='word_1_216' title='bbox 344 2043 403 2072; x_wconf 83' lang='lat' dir='ltr'>aevi</span> <span class='ocrx_word' id='word_1_217' title='bbox 423 2054 470 2073; x_wconf 85' lang='lat' dir='ltr'>res</span> <span class='ocrx_word' id='word_1_218' title='bbox 489 2044 633 2073; x_wconf 79' lang='lat' dir='ltr'>militaris</span> <span class='ocrx_word' id='word_1_219' title='bbox 648 2053 718 2083; x_wconf 87' lang='lat' dir='ltr'>pos-</span> 
     </span>
     <span class='ocr_line' id='line_1_42' title="bbox 148 2085 718 2129; baseline 0.009 -17"><span class='ocrx_word' id='word_1_220' title='bbox 148 2085 236 2114; x_wconf 86' lang='lat' dir='ltr'>tulat.</span> <span class='ocrx_word' id='word_1_221' title='bbox 251 2087 282 2114; x_wconf 76' lang='lat' dir='ltr'>Si</span> <span class='ocrx_word' id='word_1_222' title='bbox 296 2088 566 2127; x_wconf 78' lang='lat' dir='ltr'>phantasmatibus</span> <span class='ocrx_word' id='word_1_223' title='bbox 582 2089 718 2129; x_wconf 78' lang='lat' dir='ltr'>magnis,</span> 
     </span>
     <span class='ocr_line' id='line_1_43' title="bbox 150 2130 717 2176; baseline 0.009 -18"><span class='ocrx_word' id='word_1_224' title='bbox 150 2130 307 2170; x_wconf 81' lang='lat' dir='ltr'>rebusque</span> <span class='ocrx_word' id='word_1_225' title='bbox 324 2144 394 2173; x_wconf 73' lang='lat' dir='ltr'>qum</span> <span class='ocrx_word' id='word_1_226' title='bbox 411 2146 520 2166; x_wconf 69' lang='lat' dir='ltr'>sensus</span> <span class='ocrx_word' id='word_1_227' title='bbox 536 2135 697 2176; x_wconf 76' lang='lat' dir='ltr'>impellant</span> <span class='ocrx_word' id='word_1_228' title='bbox 710 2157 717 2169; x_wconf 86' lang='grc'><strong>,</strong></span> 
     </span>
     <span class='ocr_line' id='line_1_44' title="bbox 152 2177 718 2220; baseline 0.007 -14"><span class='ocrx_word' id='word_1_229' title='bbox 152 2177 237 2216; x_wconf 68' lang='lat' dir='ltr'>opica</span> <span class='ocrx_word' id='word_1_230' title='bbox 255 2179 299 2208; x_wconf 73' lang='lat' dir='ltr'>vis</span> <span class='ocrx_word' id='word_1_231' title='bbox 317 2182 515 2220; x_wconf 65' lang='lat' dir='ltr'>conductui-3</span> <span class='ocrx_word' id='word_1_232' title='bbox 535 2189 659 2212; x_wconf 81' lang='lat' dir='ltr'>strenua</span> <span class='ocrx_word' id='word_1_233' title='bbox 677 2180 718 2210; x_wconf 80' lang='lat' dir='ltr'>fa-</span> 
     </span>
    </p>
   </div>
   <div class='ocr_carea' id='block_1_7' title="bbox 751 390 1348 2217">
    <p class='ocr_par' dir='ltr' id='par_1_7' title="bbox 751 390 1348 2217">
     <span class='ocr_line' id='line_1_45' title="bbox 751 390 1320 428; baseline -0.004 -8"><span class='ocrx_word' id='word_1_234' title='bbox 751 391 877 428; x_wconf 87' lang='lat' dir='ltr'>cinora,</span> <span class='ocrx_word' id='word_1_235' title='bbox 903 391 1001 420; x_wconf 84' lang='lat' dir='ltr'>animi</span> <span class='ocrx_word' id='word_1_236' title='bbox 1034 390 1178 428; x_wconf 86' lang='lat' dir='ltr'>audacia,</span> <span class='ocrx_word' id='word_1_237' title='bbox 1208 400 1320 419; x_wconf 81' lang='lat' dir='ltr'>manus</span> 
     </span>
     <span class='ocr_line' id='line_1_46' title="bbox 753 435 1321 476; baseline 0 -11"><span class='ocrx_word' id='word_1_238' title='bbox 753 435 907 466; x_wconf 85' lang='lat' dir='ltr'>fortitudo</span> <span class='ocrx_word' id='word_1_239' title='bbox 931 447 966 466; x_wconf 87' lang='lat' dir='ltr'>ac</span> <span class='ocrx_word' id='word_1_240' title='bbox 985 436 1085 466; x_wconf 85' lang='lat' dir='ltr'>robur</span> <span class='ocrx_word' id='word_1_241' title='bbox 1105 438 1321 476; x_wconf 87' lang='lat' dir='ltr'>requiruntur.</span> 
     </span>
     <span class='ocr_line' id='line_1_47' title="bbox 752 481 1324 522; baseline -0.002 -10"><span class='ocrx_word' id='word_1_242' title='bbox 752 481 836 512; x_wconf 85' lang='lat' dir='ltr'>Mihi</span> <span class='ocrx_word' id='word_1_243' title='bbox 853 482 982 522; x_wconf 88' lang='lat' dir='ltr'>quidem</span> <span class='ocrx_word' id='word_1_244' title='bbox 996 483 1031 511; x_wconf 90' lang='lat' dir='ltr'>in</span> <span class='ocrx_word' id='word_1_245' title='bbox 1045 493 1113 522; x_wconf 86' lang='lat' dir='ltr'>sqq.</span> <span class='ocrx_word' id='word_1_246' title='bbox 1132 482 1222 511; x_wconf 87' lang='lat' dir='ltr'>libris</span> <span class='ocrx_word' id='word_1_247' title='bbox 1238 482 1324 511; x_wconf 78' lang='lat' dir='ltr'>haud</span> 
     </span>
     <span class='ocr_line' id='line_1_48' title="bbox 753 529 1323 568; baseline 0.002 -12"><span class='ocrx_word' id='word_1_248' title='bbox 753 537 851 567; x_wconf 87' lang='lat' dir='ltr'>pauca</span> <span class='ocrx_word' id='word_1_249' title='bbox 879 538 920 557; x_wconf 82' lang='lat' dir='ltr'>ex</span> <span class='ocrx_word' id='word_1_250' title='bbox 954 529 1009 565; x_wconf 87' lang='lat' dir='ltr'>iis,</span> <span class='ocrx_word' id='word_1_251' title='bbox 1041 538 1113 568; x_wconf 88' lang='lat' dir='ltr'>quae</span> <span class='ocrx_word' id='word_1_252' title='bbox 1148 529 1183 557; x_wconf 90' lang='lat' dir='ltr'>in</span> <span class='ocrx_word' id='word_1_253' title='bbox 1222 537 1323 568; x_wconf 86' lang='lat' dir='ltr'>repre-</span> 
     </span>
     <span class='ocr_line' id='line_1_49' title="bbox 752 573 1324 609; baseline -0.002 -6"><span class='ocrx_word' id='word_1_254' title='bbox 752 573 939 603; x_wconf 88' lang='lat' dir='ltr'>hensionem</span> <span class='ocrx_word' id='word_1_255' title='bbox 967 575 1130 603; x_wconf 86' lang='lat' dir='ltr'>incurrere</span> <span class='ocrx_word' id='word_1_256' title='bbox 1153 573 1324 609; x_wconf 71' lang='lat' dir='ltr'>videntur,</span> 
     </span>
     <span class='ocr_line' id='line_1_50' title="bbox 755 619 1326 660; baseline -0.002 -11"><span class='ocrx_word' id='word_1_257' title='bbox 755 630 822 650; x_wconf 91' lang='lat' dir='ltr'>non</span> <span class='ocrx_word' id='word_1_258' title='bbox 851 619 982 660; x_wconf 89' lang='lat' dir='ltr'>quidem</span> <span class='ocrx_word' id='word_1_259' title='bbox 1009 621 1167 656; x_wconf 86' lang='lat' dir='ltr'>novitate,</span> <span class='ocrx_word' id='word_1_260' title='bbox 1189 626 1326 649; x_wconf 85' lang='lat' dir='ltr'>attamen</span> 
     </span>
     <span class='ocr_line' id='line_1_51' title="bbox 756 666 1326 706; baseline -0.004 -11"><span class='ocrx_word' id='word_1_261' title='bbox 756 667 996 706; x_wconf 84' lang='lat' dir='ltr'>opportunitate</span> <span class='ocrx_word' id='word_1_262' title='bbox 1021 673 1052 696; x_wconf 88' lang='lat' dir='ltr'>et</span> <span class='ocrx_word' id='word_1_263' title='bbox 1079 666 1227 695; x_wconf 80' lang='lat' dir='ltr'>varietate</span> <span class='ocrx_word' id='word_1_264' title='bbox 1251 675 1326 700; x_wconf 87' lang='lat' dir='ltr'>sua,</span> 
     </span>
     <span class='ocr_line' id='line_1_52' title="bbox 756 711 1327 752; baseline -0.004 -11"><span class='ocrx_word' id='word_1_265' title='bbox 756 712 876 752; x_wconf 85' lang='lat' dir='ltr'>ingenii</span> <span class='ocrx_word' id='word_1_266' title='bbox 893 711 1133 742; x_wconf 85' lang='lat' dir='ltr'>admirationem</span> <span class='ocrx_word' id='word_1_267' title='bbox 1156 711 1257 741; x_wconf 84' lang='lat' dir='ltr'>facere</span> <span class='ocrx_word' id='word_1_268' title='bbox 1281 721 1327 740; x_wconf 93' lang='lat' dir='ltr'>so-</span> 
     </span>
     <span class='ocr_line' id='line_1_53' title="bbox 756 757 1326 798; baseline -0.002 -12"><span class='ocrx_word' id='word_1_269' title='bbox 756 757 823 787; x_wconf 90' lang='lat' dir='ltr'>lent</span> <span class='ocrx_word' id='word_1_270' title='bbox 846 766 854 787; x_wconf 90' lang='lat'><strong>:</strong></span> <span class='ocrx_word' id='word_1_271' title='bbox 879 757 1142 797; x_wconf 84' lang='lat' dir='ltr'>quandoquidem</span> <span class='ocrx_word' id='word_1_272' title='bbox 1160 766 1326 798; x_wconf 86' lang='lat' dir='ltr'>argumen-</span> 
     </span>
     <span class='ocr_line' id='line_1_54' title="bbox 758 802 1328 843; baseline -0.002 -11"><span class='ocrx_word' id='word_1_273' title='bbox 758 809 825 832; x_wconf 84' lang='lat' dir='ltr'>tum</span> <span class='ocrx_word' id='word_1_274' title='bbox 847 802 923 832; x_wconf 89' lang='lat' dir='ltr'>belli</span> <span class='ocrx_word' id='word_1_275' title='bbox 939 813 974 832; x_wconf 86' lang='lat' dir='ltr'>ac</span> <span class='ocrx_word' id='word_1_276' title='bbox 992 803 1174 843; x_wconf 86' lang='lat' dir='ltr'>praeliorum</span> <span class='ocrx_word' id='word_1_277' title='bbox 1187 825 1195 838; x_wconf 89' lang='lat'>‚</span> <span class='ocrx_word' id='word_1_278' title='bbox 1210 809 1242 833; x_wconf 89' lang='lat' dir='ltr'>et</span> <span class='ocrx_word' id='word_1_279' title='bbox 1257 803 1328 842; x_wconf 88' lang='lat' dir='ltr'>qm&#39;-</span> 
     </span>
     <span class='ocr_line' id='line_1_55' title="bbox 757 847 1327 885; baseline 0.004 -9"><span class='ocrx_word' id='word_1_280' title='bbox 757 847 830 877; x_wconf 89' lang='lat' dir='ltr'>dem</span> <span class='ocrx_word' id='word_1_281' title='bbox 851 848 993 885; x_wconf 85' lang='lat' dir='ltr'>ejusdem</span> <span class='ocrx_word' id='word_1_282' title='bbox 1008 848 1080 877; x_wconf 81' lang='lat' dir='ltr'>vitae</span> <span class='ocrx_word' id='word_1_283' title='bbox 1103 847 1238 878; x_wconf 86' lang='lat' dir='ltr'>heroicae</span> <span class='ocrx_word' id='word_1_284' title='bbox 1250 870 1258 884; x_wconf 89' lang='lat'>‚</span> <span class='ocrx_word' id='word_1_285' title='bbox 1278 849 1327 877; x_wconf 85' lang='lat' dir='ltr'>in-</span> 
     </span>
     <span class='ocr_line' id='line_1_56' title="bbox 759 891 1330 934; baseline -0.002 -11"><span class='ocrx_word' id='word_1_286' title='bbox 759 891 904 923; x_wconf 72' lang='lat' dir='ltr'>credibili</span> <span class='ocrx_word' id='word_1_287' title='bbox 923 903 997 922; x_wconf 91' lang='lat' dir='ltr'>cum</span> <span class='ocrx_word' id='word_1_288' title='bbox 1014 895 1160 923; x_wconf 85' lang='lat' dir='ltr'>varietate</span> <span class='ocrx_word' id='word_1_289' title='bbox 1186 905 1219 924; x_wconf 85' lang='lat' dir='ltr'>ac</span> <span class='ocrx_word' id='word_1_290' title='bbox 1240 895 1330 934; x_wconf 89' lang='lat' dir='ltr'>copia</span> 
     </span>
     <span class='ocr_line' id='line_1_57' title="bbox 760 939 1331 976; baseline 0 -8"><span class='ocrx_word' id='word_1_291' title='bbox 760 939 800 968; x_wconf 88' lang='lat' dir='ltr'>ab</span> <span class='ocrx_word' id='word_1_292' title='bbox 815 940 956 968; x_wconf 90' lang='lat' dir='ltr'>Homero</span> <span class='ocrx_word' id='word_1_293' title='bbox 975 945 1143 969; x_wconf 86' lang='lat' dir='ltr'>tractatum</span> <span class='ocrx_word' id='word_1_294' title='bbox 1155 962 1162 976; x_wconf 89' lang='lat'>‚</span> <span class='ocrx_word' id='word_1_295' title='bbox 1182 941 1274 970; x_wconf 83' lang='lat' dir='ltr'>Maro</span> <span class='ocrx_word' id='word_1_296' title='bbox 1288 946 1331 969; x_wconf 88' lang='lat' dir='ltr'>ta-</span> 
     </span>
     <span class='ocr_line' id='line_1_58' title="bbox 761 984 1332 1024; baseline 0.002 -10"><span class='ocrx_word' id='word_1_297' title='bbox 761 995 834 1014; x_wconf 88' lang='lat' dir='ltr'>men</span> <span class='ocrx_word' id='word_1_298' title='bbox 855 994 912 1024; x_wconf 89' lang='lat' dir='ltr'>per</span> <span class='ocrx_word' id='word_1_299' title='bbox 930 991 992 1014; x_wconf 89' lang='lat' dir='ltr'>tres</span> <span class='ocrx_word' id='word_1_300' title='bbox 1015 984 1114 1015; x_wconf 85' lang='lat' dir='ltr'>libros</span> <span class='ocrx_word' id='word_1_301' title='bbox 1141 987 1265 1015; x_wconf 75' lang='lat' dir='ltr'>variatis</span> <span class='ocrx_word' id='word_1_302' title='bbox 1285 996 1332 1014; x_wconf 87' lang='lat' dir='ltr'>re-</span> 
     </span>
     <span class='ocr_line' id='line_1_59' title="bbox 761 1030 1336 1070; baseline 0.003 -11"><span class='ocrx_word' id='word_1_303' title='bbox 761 1041 833 1060; x_wconf 89' lang='lat' dir='ltr'>rum</span> <span class='ocrx_word' id='word_1_304' title='bbox 848 1030 1016 1070; x_wconf 86' lang='lat' dir='ltr'>generibus</span> <span class='ocrx_word' id='word_1_305' title='bbox 1025 1053 1034 1067; x_wconf 89' lang='lat'>‚</span> <span class='ocrx_word' id='word_1_306' title='bbox 1050 1041 1108 1060; x_wconf 87' lang='lat' dir='ltr'>nec</span> <span class='ocrx_word' id='word_1_307' title='bbox 1121 1032 1253 1061; x_wconf 90' lang='lat' dir='ltr'>omnino</span> <span class='ocrx_word' id='word_1_308' title='bbox 1267 1031 1336 1061; x_wconf 88' lang='lat' dir='ltr'>sine</span> 
     </span>
     <span class='ocr_line' id='line_1_60' title="bbox 762 1075 1335 1113; baseline 0 -7"><span class='ocrx_word' id='word_1_309' title='bbox 762 1077 912 1106; x_wconf 85' lang='lat' dir='ltr'>novitatis</span> <span class='ocrx_word' id='word_1_310' title='bbox 936 1075 1228 1113; x_wconf 87' lang='lat' dir='ltr'>commendatione,</span> <span class='ocrx_word' id='word_1_311' title='bbox 1248 1075 1335 1106; x_wconf 76' lang='lat' dir='ltr'>dete-</span> 
     </span>
     <span class='ocr_line' id='line_1_61' title="bbox 765 1121 1336 1163; baseline -0.004 -10"><span class='ocrx_word' id='word_1_312' title='bbox 765 1122 847 1153; x_wconf 84' lang='lat' dir='ltr'>xuit.</span> <span class='ocrx_word' id='word_1_313' title='bbox 869 1121 982 1151; x_wconf 88' lang='lat' dir='ltr'>Artem</span> <span class='ocrx_word' id='word_1_314' title='bbox 995 1128 1025 1151; x_wconf 85' lang='lat' dir='ltr'>et</span> <span class='ocrx_word' id='word_1_315' title='bbox 1039 1122 1204 1163; x_wconf 83' lang='lat' dir='ltr'>ingenium</span> <span class='ocrx_word' id='word_1_316' title='bbox 1223 1122 1336 1162; x_wconf 83' lang='lat' dir='ltr'>aliquis</span> 
     </span>
     <span class='ocr_line' id='line_1_62' title="bbox 767 1166 1337 1208; baseline -0.002 -10"><span class='ocrx_word' id='word_1_317' title='bbox 767 1175 836 1198; x_wconf 84' lang='lat' dir='ltr'>tum</span> <span class='ocrx_word' id='word_1_318' title='bbox 843 1166 971 1197; x_wconf 88' lang='lat' dir='ltr'>demum</span> <span class='ocrx_word' id='word_1_319' title='bbox 980 1168 1039 1197; x_wconf 89' lang='lat' dir='ltr'>rite</span> <span class='ocrx_word' id='word_1_320' title='bbox 1047 1169 1227 1208; x_wconf 87' lang='lat' dir='ltr'>perspiciat,</span> <span class='ocrx_word' id='word_1_321' title='bbox 1235 1178 1337 1208; x_wconf 86' lang='lat' dir='ltr'>quum</span> 
     </span>
     <span class='ocr_line' id='line_1_63' title="bbox 769 1213 1339 1254; baseline 0.002 -11"><span class='ocrx_word' id='word_1_322' title='bbox 769 1215 947 1254; x_wconf 83' lang='lat' dir='ltr'>argumenti</span> <span class='ocrx_word' id='word_1_323' title='bbox 961 1220 1104 1244; x_wconf 85' lang='lat' dir='ltr'>naturam</span> <span class='ocrx_word' id='word_1_324' title='bbox 1117 1213 1225 1254; x_wconf 85' lang='lat' dir='ltr'>paullo</span> <span class='ocrx_word' id='word_1_325' title='bbox 1238 1214 1339 1244; x_wconf 86' lang='lat' dir='ltr'>curio-</span> 
     </span>
     <span class='ocr_line' id='line_1_64' title="bbox 769 1260 1338 1300; baseline -0.002 -10"><span class='ocrx_word' id='word_1_326' title='bbox 769 1261 834 1290; x_wconf 82' lang='lat' dir='ltr'>sius</span> <span class='ocrx_word' id='word_1_327' title='bbox 860 1260 964 1290; x_wconf 88' lang='lat' dir='ltr'>animo</span> <span class='ocrx_word' id='word_1_328' title='bbox 993 1261 1180 1298; x_wconf 81' lang='lat' dir='ltr'>versaverit,</span> <span class='ocrx_word' id='word_1_329' title='bbox 1204 1269 1338 1300; x_wconf 84' lang='lat' dir='ltr'>quaeque</span> 
     </span>
     <span class='ocr_line' id='line_1_65' title="bbox 767 1305 1338 1347; baseline -0.002 -11"><span class='ocrx_word' id='word_1_330' title='bbox 767 1308 834 1347; x_wconf 86' lang='lat' dir='ltr'>ipse</span> <span class='ocrx_word' id='word_1_331' title='bbox 851 1305 940 1336; x_wconf 90' lang='lat' dir='ltr'>aliter</span> <span class='ocrx_word' id='word_1_332' title='bbox 955 1305 1005 1336; x_wconf 89' lang='lat' dir='ltr'>vel</span> <span class='ocrx_word' id='word_1_333' title='bbox 1018 1306 1129 1336; x_wconf 86' lang='lat' dir='ltr'>melius</span> <span class='ocrx_word' id='word_1_334' title='bbox 1149 1306 1183 1336; x_wconf 92' lang='lat' dir='ltr'>in</span> <span class='ocrx_word' id='word_1_335' title='bbox 1202 1316 1240 1336; x_wconf 90' lang='lat' dir='ltr'>eo</span> <span class='ocrx_word' id='word_1_336' title='bbox 1256 1312 1338 1335; x_wconf 84' lang='lat' dir='ltr'>trac·</span> 
     </span>
     <span class='ocr_line' id='line_1_66' title="bbox 768 1352 1338 1393; baseline -0.002 -11"><span class='ocrx_word' id='word_1_337' title='bbox 768 1352 865 1382; x_wconf 85' lang='lat' dir='ltr'>tando</span> <span class='ocrx_word' id='word_1_338' title='bbox 882 1353 1033 1382; x_wconf 87' lang='lat' dir='ltr'>constitui</span> <span class='ocrx_word' id='word_1_339' title='bbox 1052 1362 1143 1393; x_wconf 86' lang='lat' dir='ltr'>posse</span> <span class='ocrx_word' id='word_1_340' title='bbox 1160 1358 1268 1392; x_wconf 85' lang='lat' dir='ltr'>putet,</span> <span class='ocrx_word' id='word_1_341' title='bbox 1283 1361 1338 1381; x_wconf 86' lang='lat' dir='ltr'>ex-</span> 
     </span>
     <span class='ocr_line' id='line_1_67' title="bbox 767 1398 1340 1440; baseline -0.002 -12"><span class='ocrx_word' id='word_1_342' title='bbox 767 1398 923 1440; x_wconf 86' lang='lat' dir='ltr'>penderit.</span> <span class='ocrx_word' id='word_1_343' title='bbox 939 1400 1026 1428; x_wconf 89' lang='lat' dir='ltr'>Inter</span> <span class='ocrx_word' id='word_1_344' title='bbox 1040 1409 1074 1428; x_wconf 89' lang='lat' dir='ltr'>ea</span> <span class='ocrx_word' id='word_1_345' title='bbox 1085 1421 1094 1435; x_wconf 93' lang='lat'><strong>,</strong></span> <span class='ocrx_word' id='word_1_346' title='bbox 1109 1408 1180 1438; x_wconf 81' lang='lat' dir='ltr'>quae</span> <span class='ocrx_word' id='word_1_347' title='bbox 1197 1398 1340 1439; x_wconf 83' lang='lat' dir='ltr'>ingenio·</span> 
     </span>
     <span class='ocr_line' id='line_1_68' title="bbox 767 1444 1340 1482; baseline -0.005 -8"><span class='ocrx_word' id='word_1_348' title='bbox 767 1455 800 1474; x_wconf 86' lang='lat' dir='ltr'>se</span> <span class='ocrx_word' id='word_1_349' title='bbox 827 1451 858 1474; x_wconf 92' lang='lat' dir='ltr'>et</span> <span class='ocrx_word' id='word_1_350' title='bbox 875 1444 987 1474; x_wconf 85' lang='lat' dir='ltr'>callide</span> <span class='ocrx_word' id='word_1_351' title='bbox 1013 1445 1143 1473; x_wconf 78' lang='lat' dir='ltr'>inventa</span> <span class='ocrx_word' id='word_1_352' title='bbox 1163 1450 1256 1479; x_wconf 84' lang='lat' dir='ltr'>sunt,</span> <span class='ocrx_word' id='word_1_353' title='bbox 1276 1444 1340 1482; x_wconf 89' lang='lat' dir='ltr'>pri-</span> 
     </span>
     <span class='ocr_line' id='line_1_69' title="bbox 768 1487 1341 1528; baseline -0.003 -9"><span class='ocrx_word' id='word_1_354' title='bbox 768 1500 821 1519; x_wconf 91' lang='lat' dir='ltr'>mo</span> <span class='ocrx_word' id='word_1_355' title='bbox 836 1490 909 1519; x_wconf 91' lang='lat' dir='ltr'>loco</span> <span class='ocrx_word' id='word_1_356' title='bbox 930 1491 1045 1519; x_wconf 88' lang='lat' dir='ltr'>eminet</span> <span class='ocrx_word' id='word_1_357' title='bbox 1064 1489 1145 1525; x_wconf 84' lang='lat' dir='ltr'>hoc,</span> <span class='ocrx_word' id='word_1_358' title='bbox 1165 1487 1251 1528; x_wconf 90' lang='lat' dir='ltr'>quod</span> <span class='ocrx_word' id='word_1_359' title='bbox 1265 1498 1341 1528; x_wconf 80' lang='lat' dir='ltr'>prae-</span> 
     </span>
     <span class='ocr_line' id='line_1_70' title="bbox 768 1533 1341 1573; baseline -0.003 -8"><span class='ocrx_word' id='word_1_360' title='bbox 768 1533 886 1565; x_wconf 79' lang='lat' dir='ltr'>tiorum</span> <span class='ocrx_word' id='word_1_361' title='bbox 909 1536 1047 1564; x_wconf 81' lang='lat' dir='ltr'>narratio</span> <span class='ocrx_word' id='word_1_362' title='bbox 1079 1535 1193 1563; x_wconf 76' lang='lat' dir='ltr'>variata</span> <span class='ocrx_word' id='word_1_363' title='bbox 1221 1541 1266 1563; x_wconf 86' lang='lat' dir='ltr'>est</span> <span class='ocrx_word' id='word_1_364' title='bbox 1286 1544 1341 1573; x_wconf 81' lang='lat' dir='ltr'>per</span> 
     </span>
     <span class='ocr_line' id='line_1_71' title="bbox 769 1579 1342 1621; baseline 0 -12"><span class='ocrx_word' id='word_1_365' title='bbox 769 1580 890 1610; x_wconf 79' lang='lat' dir='ltr'>diversa</span> <span class='ocrx_word' id='word_1_366' title='bbox 907 1590 1038 1621; x_wconf 82' lang='lat' dir='ltr'>genera3</span> <span class='ocrx_word' id='word_1_367' title='bbox 1054 1579 1206 1609; x_wconf 80' lang='lat' dir='ltr'>habemus</span> <span class='ocrx_word' id='word_1_368' title='bbox 1229 1579 1290 1609; x_wconf 87' lang='lat' dir='ltr'>hoc</span> <span class='ocrx_word' id='word_1_369' title='bbox 1305 1579 1342 1609; x_wconf 82' lang='lat' dir='ltr'>li-</span> 
     </span>
     <span class='ocr_line' id='line_1_72' title="bbox 771 1625 1341 1666; baseline -0.004 -10"><span class='ocrx_word' id='word_1_370' title='bbox 771 1626 830 1656; x_wconf 87' lang='lat' dir='ltr'>bro</span> <span class='ocrx_word' id='word_1_371' title='bbox 852 1627 983 1655; x_wconf 80' lang='lat' dir='ltr'>navium</span> <span class='ocrx_word' id='word_1_372' title='bbox 1002 1625 1190 1666; x_wconf 79' lang='lat' dir='ltr'>appulsum,</span> <span class='ocrx_word' id='word_1_373' title='bbox 1211 1625 1341 1655; x_wconf 83' lang='lat' dir='ltr'>descen-</span> 
     </span>
     <span class='ocr_line' id='line_1_73' title="bbox 767 1671 1341 1711; baseline -0.002 -10"><span class='ocrx_word' id='word_1_374' title='bbox 767 1683 835 1701; x_wconf 91' lang='lat' dir='ltr'>sum</span> <span class='ocrx_word' id='word_1_375' title='bbox 856 1673 889 1701; x_wconf 88' lang='lat' dir='ltr'>in</span> <span class='ocrx_word' id='word_1_376' title='bbox 907 1671 982 1700; x_wconf 84' lang='lat' dir='ltr'>litus</span> <span class='ocrx_word' id='word_1_377' title='bbox 995 1694 1002 1708; x_wconf 90' lang='lat'>‚</span> <span class='ocrx_word' id='word_1_378' title='bbox 1022 1678 1051 1701; x_wconf 87' lang='lat' dir='ltr'>et</span> <span class='ocrx_word' id='word_1_379' title='bbox 1068 1671 1243 1711; x_wconf 83' lang='lat' dir='ltr'>pedestrem</span> <span class='ocrx_word' id='word_1_380' title='bbox 1262 1682 1341 1711; x_wconf 81' lang='lat' dir='ltr'>pug-</span> 
     </span>
     <span class='ocr_line' id='line_1_74' title="bbox 769 1717 1342 1757; baseline -0.003 -10"><span class='ocrx_word' id='word_1_381' title='bbox 769 1729 860 1754; x_wconf 89' lang='lat' dir='ltr'>nam;</span> <span class='ocrx_word' id='word_1_382' title='bbox 881 1718 914 1746; x_wconf 90' lang='lat' dir='ltr'>iu</span> <span class='ocrx_word' id='word_1_383' title='bbox 936 1717 992 1747; x_wconf 89' lang='lat' dir='ltr'>lib.</span> <span class='ocrx_word' id='word_1_384' title='bbox 1024 1719 1069 1748; x_wconf 76' lang='lat' dir='ltr'>XI</span> <span class='ocrx_word' id='word_1_385' title='bbox 1095 1724 1290 1757; x_wconf 84' lang='lat' dir='ltr'>equestrem,</span> <span class='ocrx_word' id='word_1_386' title='bbox 1309 1717 1342 1746; x_wconf 85' lang='lat' dir='ltr'>in</span> 
     </span>
     <span class='ocr_line' id='line_1_75' title="bbox 768 1763 1341 1804; baseline -0.007 -9"><span class='ocrx_word' id='word_1_387' title='bbox 768 1766 834 1795; x_wconf 81' lang='lat' dir='ltr'>XII</span> <span class='ocrx_word' id='word_1_388' title='bbox 846 1773 986 1804; x_wconf 84' lang='lat' dir='ltr'>pugnam</span> <span class='ocrx_word' id='word_1_389' title='bbox 1001 1763 1236 1793; x_wconf 81' lang='lat' dir='ltr'>tumultuariam</span> <span class='ocrx_word' id='word_1_390' title='bbox 1249 1785 1257 1798; x_wconf 96' lang='lat'>,</span> <span class='ocrx_word' id='word_1_391' title='bbox 1274 1770 1341 1792; x_wconf 88' lang='lat' dir='ltr'>tum</span> 
     </span>
     <span class='ocr_line' id='line_1_76' title="bbox 770 1810 1343 1850; baseline -0.003 -11"><span class='ocrx_word' id='word_1_392' title='bbox 770 1817 928 1839; x_wconf 85' lang='lat' dir='ltr'>certamen</span> <span class='ocrx_word' id='word_1_393' title='bbox 960 1810 1128 1850; x_wconf 79' lang='lat' dir='ltr'>singulare.</span> <span class='ocrx_word' id='word_1_394' title='bbox 1159 1811 1274 1844; x_wconf 83' lang='lat' dir='ltr'>Porro,</span> <span class='ocrx_word' id='word_1_395' title='bbox 1303 1818 1343 1838; x_wconf 74' lang='lat' dir='ltr'>ne</span> 
     </span>
     <span class='ocr_line' id='line_1_77' title="bbox 771 1855 1341 1894; baseline -0.005 -9"><span class='ocrx_word' id='word_1_396' title='bbox 771 1855 899 1886; x_wconf 69' lang='lat' dir='ltr'>taedium</span> <span class='ocrx_word' id='word_1_397' title='bbox 925 1856 1040 1885; x_wconf 81' lang='lat' dir='ltr'>faceret</span> <span class='ocrx_word' id='word_1_398' title='bbox 1065 1855 1245 1885; x_wconf 80' lang='lat' dir='ltr'>continuata</span> <span class='ocrx_word' id='word_1_399' title='bbox 1263 1864 1341 1894; x_wconf 72' lang='lat' dir='ltr'>pra:-</span> 
     </span>
     <span class='ocr_line' id='line_1_78' title="bbox 770 1900 1343 1940; baseline -0.007 -8"><span class='ocrx_word' id='word_1_400' title='bbox 770 1903 887 1932; x_wconf 85' lang='lat' dir='ltr'>liorum</span> <span class='ocrx_word' id='word_1_401' title='bbox 898 1902 1035 1931; x_wconf 85' lang='lat' dir='ltr'>narratio</span> <span class='ocrx_word' id='word_1_402' title='bbox 1045 1923 1053 1936; x_wconf 94' lang='lat'>‚</span> <span class='ocrx_word' id='word_1_403' title='bbox 1069 1900 1254 1940; x_wconf 76' lang='lat' dir='ltr'>interposita</span> <span class='ocrx_word' id='word_1_404' title='bbox 1269 1907 1343 1929; x_wconf 84' lang='lat' dir='ltr'>suut</span> 
     </span>
     <span class='ocr_line' id='line_1_79' title="bbox 772 1946 1342 1989; baseline -0.007 -11"><span class='ocrx_word' id='word_1_405' title='bbox 772 1949 883 1989; x_wconf 79' lang='lat' dir='ltr'>plura,</span> <span class='ocrx_word' id='word_1_406' title='bbox 899 1949 991 1977; x_wconf 86' lang='lat' dir='ltr'>etiam</span> <span class='ocrx_word' id='word_1_407' title='bbox 1019 1946 1058 1975; x_wconf 89' lang='lat' dir='ltr'>de</span> <span class='ocrx_word' id='word_1_408' title='bbox 1089 1956 1164 1986; x_wconf 77' lang='lat' dir='ltr'>pace</span> <span class='ocrx_word' id='word_1_409' title='bbox 1192 1946 1342 1981; x_wconf 71' lang='lat' dir='ltr'>consilia,</span> 
     </span>
     <span class='ocr_line' id='line_1_80' title="bbox 773 1994 1342 2033; baseline -0.002 -10"><span class='ocrx_word' id='word_1_410' title='bbox 773 2001 840 2023; x_wconf 90' lang='lat' dir='ltr'>tum</span> <span class='ocrx_word' id='word_1_411' title='bbox 855 1994 1029 2027; x_wconf 83' lang='lat' dir='ltr'>orationes,</span> <span class='ocrx_word' id='word_1_412' title='bbox 1049 2002 1162 2033; x_wconf 77' lang='lat' dir='ltr'>magno</span> <span class='ocrx_word' id='word_1_413' title='bbox 1179 2002 1251 2021; x_wconf 82' lang='lat' dir='ltr'>eum</span> <span class='ocrx_word' id='word_1_414' title='bbox 1268 2002 1342 2022; x_wconf 72' lang='lat' dir='ltr'>acu-</span> 
     </span>
     <span class='ocr_line' id='line_1_81' title="bbox 772 2037 1346 2079; baseline -0.002 -11"><span class='ocrx_word' id='word_1_415' title='bbox 772 2040 857 2068; x_wconf 80' lang='lat' dir='ltr'>mine</span> <span class='ocrx_word' id='word_1_416' title='bbox 875 2038 963 2067; x_wconf 71' lang='lat' dir='ltr'>facta:</span> <span class='ocrx_word' id='word_1_417' title='bbox 975 2061 982 2073; x_wconf 85' lang='lat'>‚</span> <span class='ocrx_word' id='word_1_418' title='bbox 999 2037 1158 2067; x_wconf 78' lang='lat' dir='ltr'>interdum</span> <span class='ocrx_word' id='word_1_419' title='bbox 1172 2061 1179 2070; x_wconf 83' lang='lat'><strong>.</strong></span> <span class='ocrx_word' id='word_1_420' title='bbox 1200 2045 1235 2067; x_wconf 81' lang='lat' dir='ltr'>ut</span> <span class='ocrx_word' id='word_1_421' title='bbox 1258 2039 1346 2079; x_wconf 85' lang='lat' dir='ltr'>equi·</span> 
     </span>
     <span class='ocr_line' id='line_1_82' title="bbox 773 2084 1343 2119; baseline -0.004 -4"><span class='ocrx_word' id='word_1_422' title='bbox 773 2084 844 2115; x_wconf 86' lang='lat' dir='ltr'>dem</span> <span class='ocrx_word' id='word_1_423' title='bbox 867 2084 1020 2119; x_wconf 79' lang='lat' dir='ltr'>censebo,</span> <span class='ocrx_word' id='word_1_424' title='bbox 1045 2084 1140 2113; x_wconf 83' lang='lat' dir='ltr'>nimia</span> <span class='ocrx_word' id='word_1_425' title='bbox 1168 2094 1240 2113; x_wconf 87' lang='lat' dir='ltr'>cum</span> <span class='ocrx_word' id='word_1_426' title='bbox 1266 2090 1343 2113; x_wconf 80' lang='lat' dir='ltr'>arte.</span> 
     </span>
     <span class='ocr_line' id='line_1_83' title="bbox 774 2129 1346 2173; baseline -0.003 -12"><span class='ocrx_word' id='word_1_427' title='bbox 774 2132 857 2161; x_wconf 82' lang='lat' dir='ltr'>Hinc</span> <span class='ocrx_word' id='word_1_428' title='bbox 872 2129 955 2173; x_wconf 81' lang='lat' dir='ltr'>apud</span> <span class='ocrx_word' id='word_1_429' title='bbox 968 2130 1109 2160; x_wconf 72' lang='lat' dir='ltr'>Mam-ob.</span> <span class='ocrx_word' id='word_1_430' title='bbox 1129 2132 1182 2162; x_wconf 67' lang='lat' dir='ltr'>tv,</span> <span class='ocrx_word' id='word_1_431' title='bbox 1196 2137 1256 2159; x_wconf 85' lang='lat' dir='ltr'>tam</span> <span class='ocrx_word' id='word_1_432' title='bbox 1268 2129 1346 2159; x_wconf 87' lang='lat' dir='ltr'>mul-</span> 
     </span>
     <span class='ocr_line' id='line_1_84' title="bbox 774 2176 1348 2217; baseline -0.005 -10"><span class='ocrx_word' id='word_1_433' title='bbox 774 2184 803 2207; x_wconf 90' lang='lat' dir='ltr'>ta</span> <span class='ocrx_word' id='word_1_434' title='bbox 820 2176 858 2207; x_wconf 86' lang='lat' dir='ltr'>dc</span> <span class='ocrx_word' id='word_1_435' title='bbox 874 2177 1028 2207; x_wconf 66' lang='lat' dir='ltr'>rhetorica</span> <span class='ocrx_word' id='word_1_436' title='bbox 1045 2177 1216 2217; x_wconf 66' lang='lat' dir='ltr'>virgiliana</span> <span class='ocrx_word' id='word_1_437' title='bbox 1233 2186 1348 2206; x_wconf 81' lang='lat' dir='ltr'>memo-</span> 
     </span>
    </p>
   </div>
  </div>
 </body>
</html>
