1414 2435
453 74 513 103 AD
538 74 703 104 LIBRUM
726 75 800 105 XII.
1161 77 1228 115 335>

76 135 123 164 De
142 134 180 163 iis
191 154 199 170 ‚
215 143 285 173 quae
300 134 333 162 in
349 142 405 162 sex
425 131 655 172 posterioribus
672 132 763 162 libris
783 139 959 162 occurrunt
979 132 1074 162 simili
1090 129 1226 163 difficul-

31 188 87 216 tati
110 187 280 228 implicita,
301 187 365 216 suis
386 188 502 227 passim
522 186 601 216 locis
618 193 672 216 aut
693 185 840 227 expedita
852 208 860 223 ‚
886 193 938 216 aut
956 186 1064 216 saltem
1080 193 1227 218 annotata

32 248 106 271 sunt
119 242 131 284 (
137 242 179 283 1).
195 243 303 272 Unum
315 248 377 279 est,
388 240 475 282 quod
484 251 552 271 non
563 240 666 270 habeo
680 240 842 281 quomodo
856 241 931 270 sa'tis
943 240 1110 271 defendam
1121 263 1129 279 ,
1141 241 1228 282 quod

31 296 182 336 templum
209 296 244 324 in
270 295 349 324 urbe
377 297 571 325 Laurentum
595 305 612 324 a
638 295 714 325 Pico
743 294 909 325 conditum
920 316 929 332 ‚
956 305 1023 325 non
1046 295 1142 326 modo
1164 302 1227 324 tam

29 348 191 390 splendide
216 356 413 379 exstructum
430 356 460 378 et
477 355 626 379 ornatum
648 355 892 384 commemorat,
912 348 1000 389 signa
1021 349 1178 387 majorum
1194 350 1228 377 in

28 401 188 432 vestibulo
215 403 362 443 apponit,
388 412 500 432 verum
525 402 617 432 etiam
639 402 758 442 spolia,
779 402 908 431 exuvias
934 408 965 431 et
989 408 1121 442 tropaea,
1142 403 1226 439 VH,

32 457 93 487 183
117 468 205 497 sqq.‚
224 463 256 487 et
276 458 311 487 in
328 457 378 486 his
404 456 481 487 adeo
498 463 607 497 erepta
626 463 728 486 rostra
741 455 859 485 carinis
876 465 887 484 .·
905 466 940 485 ac
960 456 986 485 si
1004 456 1060 486 illo
1084 462 1227 496 tempore

25 512 90 550 jam
104 511 186 541 bella
201 511 359 541 maritima
375 512 442 552 geri
457 512 636 552 potuissent
652 509 712 552 (2).
731 510 917 540 Graviorem
933 515 1038 539 tamen
1052 509 1143 539 aliam
1157 520 1227 539 cen-

27 575 132 594 suram
148 565 276 603 subjicit
287 566 337 595 vir
351 564 475 603 doctus,
483 575 578 605 quem
587 575 682 605 supra
689 564 822 595 honoris
835 574 943 594 caussa
956 564 1129 600 nominavi,
1140 564 1227 604 quod

28 615 102 648 cuin
119 619 168 649 his
177 620 252 660 ipsis
263 620 389 649 Latium
401 625 552 660 perpetua
561 629 639 659 pace
652 617 797 649 floruisse
814 618 881 649 aliis
893 618 972 648 locis
982 618 1140 655 narravit3
1155 620 1226 648 AEn.

28 672 85 704 lib.
101 674 183 711 VII,
202 672 244 708 45
259 682 267 702 :

467 727 538 755 Rex
558 735 632 754 arva
646 726 777 754 Latinus
795 732 827 755 et
844 724 940 754 urbes

166 779 187 809 J
189 788 235 807 am
252 777 357 807 senior
375 777 469 818 longa
487 777 625 817 placidas
640 778 676 806 in
692 787 768 817 pace
784 776 923 818 regebat.

27 845 138 884 Itaque
151 843 236 873 bello
249 852 326 872 mox
340 847 429 872 moto
441 864 450 879 ‚
462 841 519 872 lib.
540 841 649 872 eodem
660 864 669 879 ‚
686 841 752 872 623
769 851 778 871 τ

163 909 265 941 Ardet
277 909 415 939 inexcita
430 908 591 946 Ausonia,
613 915 707 949 atque
719 908 894 939 immobilis
910 915 999 945 ante3

163 966 237 995 Pars
250 963 348 1005 pedes
366 964 412 993 ire
430 969 521 1003 parat
537 964 676 1003 campis;
692 973 763 1003 pars
773 985 782 1000 ,
799 970 858 993 etc.

26 1032 110 1062 Ante
130 1032 278 1062 Latinum
295 1032 421 1062 fuerant
440 1031 568 1060 Faunus
579 1051 587 1066 ‚
601 1029 696 1060 Picus
716 1035 748 1058 et
767 1029 920 1059 Saturnus
936 1038 944 1058 ε
964 1026 1029 1057 vid.
1045 1025 1167 1057 AEneid.
1184 1026 1223 1055 li-

25 1083 120 1112 brum
134 1083 214 1111 VIII
225 1102 234 1118 ‚
251 1083 290 1110 31
307 1093 375 1120 sqq.

164 1143 290 1175 Primus
309 1140 348 1170 ab
365 1139 496 1170 aetherio
510 1138 598 1170 venit
610 1140 765 1170 Saturnus
781 1140 921 1182 Olympo

166 1197 264 1226 Arma
282 1196 303 1225 J
305 1194 373 1225 ovis
387 1193 509 1234 fugiens
519 1215 528 1231 ‚
543 1199 574 1223 et
589 1194 694 1234 reguis
709 1193 800 1223 exsul
814 1193 985 1233 ademptis:

167 1250 196 1278 Is
213 1258 312 1290 genus
325 1247 464 1278 indocile
483 1257 519 1276 ac
533 1246 708 1287 dispersum
724 1247 889 1277 montibus
907 1247 978 1276 altis

168 1302 355 1342 Composuit
365 1323 373 1338 ‚
386 1300 532 1342 legesque
548 1299 652 1336 dedit,
669 1300 860 1340 Latiumque
878 1300 985 1330 vocari

166 1355 282 1386 Maluit
292 1376 301 1392 ,
320 1354 369 1384 his
384 1355 535 1395 quoniam
552 1352 696 1383 latuisset
709 1359 797 1382 tutus
812 1354 847 1382 in
860 1354 942 1390 oris;

167 1409 336 1448 Aureaque
345 1429 354 1444 ‚
374 1413 411 1436 ut
423 1405 609 1447 perhibent,
624 1406 681 1436 illo
695 1405 756 1435 sub
770 1416 842 1446 rege
858 1405 946 1435 fuere

168 1459 308 1499 Saecula3
323 1462 366 1490 sic
383 1459 505 1501 placida
518 1459 655 1501 populos
668 1460 703 1489 in
716 1469 794 1500 pace
805 1459 943 1501 regebat.

28 1525 93 1555 Vix
108 1522 143 1553 hi
158 1533 266 1553 rerum
287 1520 412 1551 annales
431 1521 616 1561 promittere
634 1519 784 1550 videntur
806 1525 948 1559 tempora
965 1517 1042 1548 belli
1057 1523 1222 1558 tempesta—

29 1577 115 1607 tibus
125 1576 236 1617 agitata
248 1598 257 1613 ‚
272 1581 309 1605 ut
323 1573 423 1615 spolia
436 1584 471 1604 ac
486 1580 602 1613 tropaea
616 1584 657 1604 ex
663 1573 806 1603 victoriis
819 1579 908 1614 parta
923 1572 1036 1613 reponi
1047 1572 1221 1612 potuerint.

28 1630 89 1659 Hic
106 1635 212 1658 tamen
225 1634 316 1668 poeta
333 1628 400 1668 ipse
415 1637 479 1657 suae
501 1636 617 1656 caussae
635 1627 817 1667 prospexit3
835 1635 909 1656 nam
923 1624 1035 1656 eodem
1048 1624 1139 1659 loco,
1155 1633 1221 1663 quo

30 1682 68 1712 de
85 1683 222 1714 Saturno
240 1687 359 1722 egerat,
376 1691 486 1711 versus
505 1680 634 1719 subjicit
650 1689 658 1710 ε
680 1680 745 1711 326
759 1690 828 1721 sqq.

167 1747 314 1778 Deterior
327 1746 430 1777 donec
446 1745 608 1786 paullatim
624 1756 658 1776 ac
675 1745 803 1776 decolor
816 1751 888 1774 aetas
899 1767 909 1781 ,

168 1803 208 1832 Et
223 1801 298 1830 belli
312 1800 412 1830 rabies
423 1821 431 1836 ‚
450 1805 481 1829 et
494 1808 582 1828 amor
599 1800 747 1829 successit
763 1797 900 1828 habendi
915 1806 922 1826 :

79 1939 128 1982 (1)
150 1941 193 1969 V.
217 1948 244 1968 c.
271 1937 309 1967 de
328 1937 422 1967 armis
445 1935 526 1966 coelo
551 1934 603 1965 de·
656 1941 689 1964 to
717 1934 850 1972 majores
875 1941 969 1972 quam
998 1940 1057 1970 pro
1091 1931 1225 1960 veritate

35 1987 135 2016 missis
156 1985 195 2015 ad
209 1985 307 2021 VIII,
329 1984 393 2013 520
416 1988 447 2011 et
463 1981 603 2019 6083de
655 1978 768 2018 finxit,
794 1978 856 2008 hoc
887 1978 948 2017 ipsi
979 1975 1225 2006 condonandum

35 2033 147 2062 Turno
165 2040 249 2061 arma
263 2029 448 2070 explorante
464 2027 514 2057 die
531 2034 602 2058 ante
657 2032 723 2056 erat
752 2035 761 2055 :
791 2023 937 2053 carminis
968 2022 1054 2052 enim
1080 2021 1226 2063 dignitati

36 2086 190 2117 pugnam,
209 2077 291 2112 XII,
307 2075 361 2105 81.
655 2073 697 2101 ita
710 2070 888 2111 prospicere
897 2067 1024 2105 debuit;
1039 2073 1075 2097 ut
1084 2068 1196 2107 passim
1207 2077 1225 2096 a

83 2120 131 2161 (2)
149 2121 246 2161 Quod
259 2122 443 2152 Latinorum
458 2130 507 2150 res
522 2118 603 2149 mul·
656 2117 750 2147 nobis
760 2116 973 2151 observatum,
982 2123 1047 2144 xxc.
1060 2114 1134 2149 vn,
1145 2123 1183 2150 27
1193 2113 1221 2143 5.
