1414 2435
94 67 134 96 23
597 67 792 100 AENEIDOS

89 128 179 162 Haec
200 137 270 174 ego
289 133 394 161 vasta
415 122 535 170 dabo,
552 132 590 161 et
609 125 685 162 lato
705 134 742 162 te
761 125 880 163 limite
898 125 1043 162 ducam.
1064 141 1079 154 u

129 185 192 221 Sic
211 194 417 230 memorat,
437 197 647 235 vocemque
669 186 824 235 premit3
842 186 951 222 simul
972 197 1058 221 ense
1077 183 1282 233 superbum

87 243 338 281 Rhamnetem
357 243 598 292 adgreditur,
620 245 686 292 qui
709 246 807 280 forte
827 243 1018 293 tapetibus
1039 243 1121 280 altis
1239 251 1288 274 325

86 307 329 345 Exstructus‚
351 311 431 340 toto
452 302 642 352 proflabat
662 312 817 353 pectore
833 316 1023 350 somnium

88 365 172 399 Rex
192 363 310 408 idem,
334 371 371 399 et
388 363 468 412 regi
487 365 618 398 Turno
639 363 872 412 gratissimus
894 376 1014 412 augur
1035 378 1042 398 :

89 424 165 461 Sed
184 436 261 459 non
280 423 442 472 augurio
462 422 588 472 potuit
605 422 794 471 depellere
813 431 968 472 pestem.

86 483 172 520 Tris
187 484 298 533 juxta
315 482 475 519 famulos
494 491 637 518 temere
656 481 756 518 inter
774 482 847 518 tela
862 482 1039 532 jacentis,

87 543 407 592 Armigerumque
426 541 538 577 Remi
557 540 715 591 premit,
735 542 982 591 aurigamque
1002 541 1073 579 sub
1092 542 1182 592 ipsis
1240 551 1290 575 330

86 605 230 640 Nactus
249 602 373 651 equis3
393 602 573 650 ferroque
596 610 698 638 secat
717 601 920 651 pendentia
941 602 1054 649 colla;

85 666 184 700 Tum
205 670 319 711 caput
337 662 410 712 ipsi
430 661 556 698 aufert
577 661 751 706 domino,
772 669 1027 711 truncumque
1048 662 1228 712 relinquit

89 722 281 772 Sanguine
298 722 585 771 singultantem,
607 730 691 758 atro
712 721 898 771 tepefacta
917 734 1054 758 cruore

91 785 212 819 Terra
224 781 374 830 torique
385 780 537 818 madent
549 794 556 816 ε
569 794 638 818 nec
648 794 723 817 non
735 783 1029 831 Lamyrumque,
1041 784 1289 831 Lamumque,

91 846 139 880 Et
154 844 333 893 juvenem
355 845 580 887 Sarranum,
599 841 663 878 illa
682 842 747 891 qui
764 842 927 891 plurima
946 851 1056 879 nocte
1245 851 1289 874 535

91 905 270 949 Luserat,
288 902 444 951 insignis
464 902 575 950 facie,
598 902 793 951 multoque
808 901 959 952 jacebat

93 1019 132 1049 ad
148 1019 253 1050 Valer.
274 1020 376 1051 Flace.
400 1023 467 1058 111,
486 1033 533 1053 vs.
553 1023 606 1053 38.
621 1039 667 1045 -—-

96 1066 173 1095 323.
190 1067 290 1095 Vasta
306 1067 385 1096 dare
395 1078 454 1107 pro
468 1068 585 1105 facere,
599 1079 667 1097 vas·

94 1118 170 1141 tare.

143 1158 220 1192 324.
239 1159 355 1187 Vocem
365 1158 487 1198 premit
496 1170 507 1188 .·
521 1165 575 1188 aut
590 1159 665 1189 sub-

93 1204 185 1233 missa
197 1213 273 1232 voce
281 1203 436 1244 loquitur,
447 1212 502 1234 aut
512 1212 609 1243 tacet,
621 1207 667 1235 in-

92 1250 164 1289 quit
170 1251 256 1279 SerV.
266 1249 429 1279 Praeferam
438 1252 525 1290 prius
533 1260 541 1281 ε
550 1252 595 1281 sic
605 1262 667 1281 me-

92 1301 196 1324 morat
212 1305 290 1324 voce
303 1306 472 1336 pressa.—
484 1297 548 1327 325
561 1320 569 1334 ,
587 1298 664 1328 326.

93 1342 212 1371 Ornate
223 1363 232 1378 ,
253 1340 346 1371 docta
362 1343 535 1373 verborum
549 1345 665 1373 immu-

93 1388 230 1423 tatione,
246 1398 305 1427 pro
327 1388 451 1429 vulgari
466 1399 474 1419 ε
496 1389 528 1419 in
550 1389 664 1430 tapeti—

93 1432 149 1462 bus
163 1434 228 1463 alce
243 1435 409 1464 exstructis
423 1435 488 1475 ipse
505 1436 666 1466 Rhamnes

85 1480 252 1522 proflabat
268 1490 422 1512 somnum.
438 1484 548 1512 Posuit
562 1489 666 1512 autem

94 1531 211 1565 tapetes
229 1536 288 1566 pro
304 1527 464 1566 pulvinis,
481 1530 536 1567 qui
554 1529 665 1568 tapeti-

93 1571 153 1599 bus
176 1572 300 1601 instrati
324 1580 409 1603 suut.
429 1591 475 1595 ——-
496 1574 572 1604 326.
598 1575 667 1603 Ex-

92 1623 208 1646 stratus
236 1624 307 1647 tert.
342 1620 473 1649 Mentel.
505 1627 667 1649 extractus

93 1661 256 1694 Rufinian.
273 1663 312 1693 de
329 1665 485 1697 schemat.
503 1667 577 1696 Lex.
597 1677 664 1707 pag.

95 1709 172 1747 259.
194 1709 357 1752 Perstabat
369 1712 501 1752 plurimi
519 1712 612 1742 codd.
636 1719 667 1742 et

94 1754 164 1784 edd.
183 1757 265 1785 Ven.
280 1767 313 1795 p.
334 1757 446 1788 ‘m'mun
464 1770 525 1789 see.
549 1760 664 1789 Movet.

93 1802 211 1838 ——327
228 1824 236 1838 ,
262 1802 338 1831 328.
363 1804 486 1833 praeivit
509 1807 666 1834 Homerus

95 1846 185 1878 Iliad.
201 1846 220 1885 β
233 1871 240 1884 ,
261 1849 324 1878 858
339 1871 346 1884 ‚
362 1850 438 1889 859.

144 1894 210 1933 329
233 1912 277 1917 ———
299 1896 374 1931 3:54.
401 1898 535 1926 Remum
551 1895 667 1937 (quem

95 1950 240 1982 expresse
257 1952 322 1971 non
342 1943 506 1984 nominat)
526 1953 598 1972 cum
614 1945 668 1972 tri·

95 1990 143 2016 nis
170 1987 312 2023 famulis,
330 1989 460 2029 ejusque
479 1989 667 2029 armigerum

93 2032 309 2076 (Θερσίπεντα.)
322 2041 350 2063 et
362 2036 501 2075 aurigam
512 2035 522 2076 (
533 2033 668 2074 ἡνίςχιν)

94 2081 256 2120 opprimit.
268 2098 313 2103 —-
327 2082 364 2109 33
374 2082 401 2111 3.
417 2081 545 2111 Servius
557 2088 587 2110 et
601 2082 668 2118 rjus

93 2126 240 2166 exemplo
256 2127 398 2155 Barthius
413 2137 462 2167 ap.
478 2129 586 2157 Burm.
603 2126 666 2156 ‹lis-

94 2172 281 2213 tinguebnnt
312 2181 319 2202 :
351 2173 517 2213 Sanguine
547 2172 666 2215 singul—

720 1029 842 1052 tantem
866 1028 936 1051 atro
954 1030 964 1050 .·
985 1028 1007 1051 t.
1033 1023 1080 1051 Ita
1102 1021 1200 1051 altero
1218 1020 1290 1051 loco

719 1068 884 1108 epitheton
899 1067 1004 1096 minus
1021 1067 1102 1097 bene
1118 1065 1291 1097 deficit.—

722 1115 805 1151 333,
823 1115 900 1149 334.
924 1113 1089 1154 Sanguine
1111 1113 1290 1155 singultan-

719 1168 782 1190 tem
811 1166 976 1194 truncum,
1005 1160 1059 1199 qui
1084 1159 1167 1190 collo
1192 1160 1291 1189 reciso

719 1207 905 1245 sanguinem
927 1206 1044 1234 emittit
1064 1205 1289 1241 ebullientem,

720 1247 946 1286 ἀναιῧλύζοντα.
986 1251 1119 1280 Doctius
1162 1261 1291 1290 quoque

720 1297 803 1327 dixit
837 1297 1064 1338 singultantem
1103 1296 1261 1337 sanguine
1278 1319 1288 1332 ,

720 1354 815 1384 quam
824 1342 1026 1384 sanguinem.
1038 1343 1187 1382 Sequitur
1202 1349 1290 1372 :atro

719 1389 882 1430 tepefacta
911 1399 1021 1419 cruore
1049 1390 1146 1418 Terra
1171 1388 1291 1429 torique

721 1436 854 1465 madent
869 1447 879 1464 :
904 1436 1064 1476 gravitatis
1095 1434 1166 1474 plus
1196 1434 1291 1464 hahet

722 1483 929 1512 Homericum
954 1490 961 1511 :
985 1476 1126 1510 δάπεδον
1153 1476 1183 1509 δ’
1205 1478 1290 1509 ἅπαν

722 1525 832 1570 αἵματι
845 1527 911 1557 θῦεν
923 1549 931 1563 ,
950 1526 1104 1562 fervebat,
1120 1526 1288 1562 aestuabat,

720 1575 754 1603 in
770 1574 842 1603 loco
858 1573 1012 1614 praeclaro
1028 1572 1066 1602 de
1080 1574 1291 1613 Agamemno-

721 1630 762 1650 ne
784 1630 864 1650 caeso
888 1620 971 1649 inter
995 1619 1102 1660 epulas
1120 1618 1235 1659 Odyss.
1253 1622 1290 1653 ).,

722 1672 787 1705 419
803 1674 833 1696 et
852 1665 890 1696 al.
902 1683 947 1688 —-
959 1667 1024 1696 335
1038 1677 1106 1706 sqq.
1121 1666 1197 1695 Haec
1211 1667 1294 1695 etsi-

720 1713 805 1742 milia
820 1720 1005 1742 ornamenta
1020 1722 1135 1753 magno
1156 1710 1293 1751 sublegit

721 1761 881 1795 Homero,
897 1759 953 1799 qui
973 1760 1005 1788 in
1028 1759 1076 1788 his
1099 1759 1198 1787 mirus
1221 1759 1292 1787 arti-

722 1806 784 1835 fex.
802 1805 939 1835 Lusibus
964 1812 994 1835 et
1014 1805 1095 1843 jocis
1113 1805 1196 1833 inter
1214 1814 1292 1843 epu-

721 1851 765 1880 las
777 1853 928 1882 Sarranus
946 1850 1204 1890 maguam'noctis
1223 1860 1293 1889 par-

722 1905 784 1926 tem
803 1903 963 1937 exegerat,
980 1902 1011 1925 et
1026 1905 1113 1925 nuuc
1134 1896 1209 1924 x‘iuo
1227 1906 1292 1935 gra-

723 1950 813 1972 vatus
828 1941 948 1982 (multo
963 1941 1022 1970 deo
1037 1940 1162 1980 victus)
1177 1940 1293 1970 obdor-

722 1991 849 2023 miet-au
874 1994 994 2027 quanto
1026 1987 1138 2016 melius
1168 1987 1273 2017 fuisset
1285 2011 1292 2023 ,

722 2035 747 2063 si
767 2035 960 2074 potationem
979 2044 1035 2075 per
1052 2040 1148 2063 totam
1165 2041 1291 2063 noctem

723 2081 957 2113 continuasset.
977 2087 1010 2110 et
1035 2080 1069 2109 in
1092 2079 1197 2109 lucem
1218 2090 1292 2120 pro-

723 2126 842 2156 tulisset
853 2137 887 2155 ac
904 2126 1124 2167 produxisset!
1145 2128 1189 2155 Ita
1207 2127 1291 2156 enim

721 2173 860 2214 opprimi
875 2183 891 2202 a
907 2173 983 2205 Niso
999 2183 1065 2203 non
1082 2173 1294 2213 potuisset.—
