1414 2435
126 60 190 90 262

629 57 828 89 AENEIDOS

126 118 214 164 Ille,
232 126 274 154 ut
293 114 458 166 depositi
476 114 668 165 proferret
687 115 764 153 fata
783 116 970 167 parentis,

1282 124 1331 158 395

128 178 233 216 Scire
251 184 457 227 potestates
473 173 702 223 herbarum,
723 190 912 227 usumque
931 176 1108 214 medendi

127 238 282 286 Maluit,
303 245 340 275 et
358 246 482 276 mutas
503 238 648 288 agitare
667 238 853 289 inglorius
871 239 974 276 artis.

128 297 262 336 Stabat
280 297 419 335 acerba
434 298 618 345 fremens,
636 299 828 349 ingentem
844 299 958 337 nixus
977 298 1018 336 in
1035 298 1201 344 hastam,

127 360 281 406 AEneas,
298 371 436 409 magno
449 358 636 409 juvenum
655 368 693 396 et
709 359 908 397 moerentis
922 360 997 397 Iuli

127 420 342 465 Concursu,
359 419 538 468 lacrymis
558 418 763 457 inmobilis.
782 419 851 456 Ille
869 428 1018 457 retorto
1284 430 1334 455 φο

127 478 321 515 Paeonium
340 479 379 515 in
397 491 544 516 morem
561 480 690 517 senior
709 479 924 518 succinctus
941 480 1101 526 amictu,

126 539 250 576 Multa
267 552 383 576 manu
400 540 549 578 medica
567 540 779 591 Phoebique
797 540 1021 592 potentibus
1039 540 1171 578 herbis

127 600 398 650 Nequidquam
418 601 604 651 trepidat,
622 602 885 652 nequidquam
903 602 1049 652 spicula
1071 601 1206 639 dextra

129 660 334 706 Sollicitat,
354 670 584 711 prensatque
604 663 729 700 tenaci
749 663 896 714 forcipe
914 662 1070 700 ferrum.

129 719 243 756 Nulla
259 720 361 756 viam
382 723 552 757 Fortuna
569 722 686 770 regit3
702 723 799 758 nihil
823 732 958 759 auctor
976 721 1118 772 Apollo

1287 727 1338 757 405

131 777 338 825 Subvenit3
356 786 394 815 et
411 792 532 817 saevus
554 781 698 830 campis
715 782 834 831 magis
854 795 897 818 ac
915 782 1034 830 magis
1054 781 1196 818 horror

130 838 363 887 Crebrescit,
380 840 617 890 propiusque
636 841 779 878 malum
800 850 856 878 est
874 855 882 877 ε
899 841 979 891 jam
998 841 1157 891 pulvere
1175 840 1311 876 coelum

132 989 163 1012 et
175 981 294 1012 maluit
306 981 461 1012 medicam
475 989 572 1012 artem
587 981 708 1023 (quam,

133 1035 170 1059 ut
185 1035 295 1070 poeta,
312 1039 401 1059 usum
415 1029 497 1059 dixit
507 1028 519 1070 )
529 1029 708 1067 addiscere3

132 1082 168 1106 ut
178 1075 318 1116 depositi
326 1075 488 1118 proferret
501 1076 582 1118 fata
593 1086 710 1116 paren-

133 1121 190 1158 tis,
209 1129 247 1152 ut
259 1124 358 1164 patris
373 1125 424 1153 sui
438 1124 502 1162 jam
519 1123 709 1153 conclamati

132 1175 269 1199 mortem
294 1169 448 1200 differret.
470 1169 575 1207 Idem,
592 1169 648 1199 sed
661 1169 709 1198 di-

132 1225 222 1245 versa
234 1217 372 1253 ratione,
384 1223 430 1246 est
433 1215 581 1257 proferre
590 1215 708 1254 vitam,

132 1260 166 1291 h.
191 1271 219 1292 e.
247 1261 438 1303 producere.
468 1264 508 1293 Et
532 1273 628 1303 quam
657 1273 709 1293 or-

133 1314 207 1338 nate
214 1331 223 1346 ,
235 1315 267 1339 et
279 1308 319 1338 ad
328 1311 476 1350 pietatem
487 1308 710 1339 declarandam

133 1361 281 1394 potenter
300 1364 309 1386 ε
329 1356 442 1386 maluit
460 1363 564 1385 mutas
583 1355 711 1396 agitare

134 1400 291 1442 inglorius
311 1409 407 1433 artes.
423 1420 471 1426 ·-
488 1402 567 1442 398.
584 1402 711 1431 Acerba

125 1445 254 1487 fremit,
269 1455 306 1478 ut
321 1459 416 1490 supra
431 1448 520 1479 soevit
532 1459 563 1478 v.
585 1449 712 1487 387.—

137 1498 215 1528 400.
235 1495 413 1525 Immobilis
431 1495 471 1525 ad
484 1496 640 1535 lacr5mas
659 1506 710 1525 eo-

135 1550 219 1570 rum.
238 1541 296 1571 Ille
310 1548 340 1571 et
356 1542 465 1571 senior
483 1548 514 1572 et
535 1541 712 1571 succinctus

134 1593 252 1617 retorto
269 1587 390 1618 amictu
402 1599 414 1624 ;
430 1589 554 1629 egregie
569 1587 607 1616 ad
624 1587 711 1630 ἐναίρ-

135 1642 225 1675 γειοιν
253 1635 456 1665 narrationis.
476 1636 621 1664 Imitatur
644 1637 713 1665 Ma-

135 1689 248 1709 ronem
263 1680 359 1710 Silius
374 1682 409 1711 in
424 1681 572 1721 Magonis
587 1681 713 1710 medico

135 1724 192 1756 lib.
207 1727 250 1762 V,
268 1727 346 1764 367.
365 1744 412 1750 —
426 1733 504 1762 401.
521 1728 712 1758 Paeonidum

136 1771 267 1809 Medic„
283 1783 351 1803 non
363 1772 574 1813 ineleganter,
590 1781 714 1813 putem,

137 1829 196 1859 pro
212 1819 444 1851 Paeonidarum.
455 1819 573 1850 Probat
583 1830 713 1860 quoque

138 1865 351 1908 Cuningbam.
370 1867 542 1897 Enimvero
561 1867 606 1896 sic
622 1867 656 1896 iu
672 1867 716 1897 le-

136 1923 207 1953 gem
243 1915 407 1944 metricam
443 1921 598 1955 peccatnr
631 1923 639 1944 :
667 1920 715 1944 est

139 1957 243 1989 ῐῐαιὼν
255 1982 264 1997 ,
291 1962 382 1998 ὡνος,
416 1960 502 1990 unde
543 1958 713 1998 Παιώνιςς,

140 2003 545 2042 11αιωνίδης.-Ρ(τοηιίιιη
559 2031 566 2043 ,
588 2008 714 2049 Apolli-

140 2061 247 2082 neum.
274 2055 340 2085 vid.
363 2065 458 2095 supra
472 2056 552 2092 vu,
579 2055 714 2095 769.—

141 2103 219 2133 402.
235 2100 355 2136 Multa,
373 2101 529 2137 multum,
541 2112 641 2132 manu
656 2110 716 2132 tre-

135 2144 250 2185 pidat,·
262 2148 524 2189 novavitegrcgie
539 2158 546 2179 :
562 2159 621 2189 pro
638 2148 718 2179 mul-

139 2196 169 2222 ta
183 2197 299 2229 tentat,
317 2193 370 2224 sed
387 2195 514 2225 turbato
538 2196 664 2234 animo,
684 2203 717 2226 et

763 993 837 1012 cum
863 981 1086 1023 trepidatione.
1114 981 1244 1012 Servius
1271 989 1339 1010 non

762 1030 842 1059 male
859 1036 890 1059 et
913 1031 982 1070 ipse
1004 1038 1012 1060 t
1034 1043 1050 1055 «ι
1073 1027 1270 1069 trepidanter
1294 1027 1340 1056 fa-

764 1078 818 1107 cit.
833 1091 849 1102 »
859 1093 906 1099 —-
916 1076 994 1112 405.
1010 1078 1072 1106 Pro
1085 1075 1210 1115 vulgari
1223 1083 1232 1105 ε
1245 1074 1340 1103 Viam

762 1123 846 1153 hanc
861 1134 896 1153 ac
916 1123 1075 1153 rationem
1088 1120 1274 1151 ferramenti
1287 1129 1342 1149 ex-

766 1169 911 1199 trahendi
927 1170 1056 1199 fortuna
1070 1168 1164 1198 nullo
1186 1165 1283 1197 modo
1294 1176 1342 1196 se-

765 1215 886 1246 cundat
903 1226 910 1246 ;
928 1216 1046 1245 frustra
1058 1215 1166 1244 omnia
1176 1214 1342 1255 experitur

765 1264 865 1303 Iapis,
897 1261 986 1292 nulla
1010 1263 1061 1291 via
1086 1271 1136 1290 τω
1159 1269 1342 1290 successum

763 1309 870 1339 habet.
880 1309 1007 1345 —406.
1023 1309 1161 1343 Horror,
1180 1316 1269 1345 nunc
1281 1315 1343 1347 pro

765 1366 870 1385 caussa
884 1354 1055 1392 horrendi,
1072 1361 1186 1384 terror.
1200 1370 1247 1378 —-
1263 1358 1342 1391 4⁰7·

766 1402 890 1432 Malum
909 1413 985 1432 cum
998 1401 1138 1432 dilectu:
1154 1405 1202 1431 est
1217 1410 1342 1442 pugna,

766 1449 852 1490 fuga,
868 1456 982 1479 terror.
1000 1450 1076 1478 Iam
1082 1447 1216 1488 pulvere
1229 1447 1345 1477 caelum

767 1497 860 1525 Stare
880 1496 1007 1525 vident.
1032 1496 1098 1524 Aer
1118 1493 1253 1534 pulvere
1274 1493 1343 1534 ple-

765 1552 843 1578 nus,
854 1549 884 1571 et
900 1542 990 1582 quasi
1005 1539 1220 1570 condensatus
1233 1546 1345 1580 poten-

766 1594 814 1616 ter
823 1589 867 1617 sic
878 1587 1073 1617 describitur
1081 1596 1096 1616 a
1107 1587 1220 1627 poetis.
1232 1588 1345 1617 Exem-

766 1634 817 1675 pla
828 1633 905 1664 dant
916 1633 1029 1671 (ζει-(13,
1039 1634 1278 1665 alii.Praeiverat
1284 1634 1346 1664 En-

767 1682 841 1711 nius
858 1691 866 1711 :
889 1688 976 1710 stant
987 1680 1117 1721 pulvere
1136 1678 1246 1720 campi
1255 1691 1268 1716 ,·
1282 1689 1346 1721 pro

768 1727 906 1767 vulgari,
927 1734 990 1757 stat
1013 1727 1121 1768 pulvis
1147 1727 1183 1756 in
1206 1727 1346 1768 campis,

768 1775 825 1813 qui
849 1773 1031 1803 escenderat
1048 1774 1083 1803 in
1099 1783 1205 1803 aerem
1227 1781 1236 1803 :
1255 1772 1343 1813 quod

768 1827 814 1849 est
835 1821 1044 1851 Homericum
1060 1829 1068 1850 ε
1084 1814 1192 1850 ποδῶν
1207 1815 1240 1848 δ’
1253 1817 1346 1848 ὑπέν-

770 1867 834 1909 ερθε
857 1865 943 1900 κονίη
964 1865 1048 1902 {eae
1067 1863 1230 1908 ἀειρομένη
1249 1864 1342 1896 Iliad.

769 1911 806 1955 ψ,
826 1915 909 1950 365,
930 1914 1007 1944 366.
1027 1913 1103 1944 Non
1125 1910 1230 1942 multo
1253 1911 1345 1942 aliter

767 1972 838 2002 sup.
861 1962 927 1998 VI,
947 1971 979 1992 v.
999 1961 1084 1996 300,
1103 1964 1193 1988 stane
1215 1957 1344 1989 lwnina

759 2008 921 2051 flamma,
948 2007 982 2038 h.
1011 2016 1039 2036 e.
1063 2011 1125 2035 stat
1153 2003 1280 2035 flamma
1307 2007 1344 2036 in

767 2054 960 2090 luminibus,
983 2058 1058 2083 sunt
1077 2051 1162 2082 oculi
1185 2053 1288 2094 ignei3
1311 2059 1344 2083 et

768 2101 979 2131 Horatianum
994 2108 1002 2129 :
1022 2100 1093 2129 Stat
1110 2100 1242 2128 Soracte
1261 2098 1340 2130 πῖνε.

768 2148 906 2179 Nouum
932 2157 1003 2177 voc.
1035 2153 1119 2176 stare
1149 2157 1166 2176 e
1190 2145 1343 2177 Lucilio:

771 2196 901 2226 Interea
923 2200 989 2225 stae
1009 2192 1147 2224 sentibus
1158 2200 1281 2235 pectus.
1296 2209 1345 2218 —-·
