<?xml version="1.0" encoding="UTF-8"?>
<!DOCTYPE html PUBLIC "-//W3C//DTD XHTML 1.0 Transitional//EN"
    "http://www.w3.org/TR/xhtml1/DTD/xhtml1-transitional.dtd">
<html xmlns="http://www.w3.org/1999/xhtml" xml:lang="en" lang="en">
 <head>
  <title>
</title>
<meta http-equiv="Content-Type" content="text/html;charset=utf-8" />
  <meta name='ocr-system' content='tesseract 3.04.00' />
  <meta name='ocr-capabilities' content='ocr_page ocr_carea ocr_par ocr_line ocrx_word'/>
</head>
<body>
  <div class='ocr_page' id='page_1' title='image "./operahey04virguoft_0285.png"; bbox 0 0 1414 2435; ppageno 0'>
   <div class='ocr_carea' id='block_1_1' title="bbox 607 59 829 89">
    <p class='ocr_par' dir='ltr' id='par_1_1' title="bbox 607 59 829 89">
     <span class='ocr_line' id='line_1_1' title="bbox 607 59 829 89; baseline 0.005 -1"><span class='ocrx_word' id='word_1_1' title='bbox 607 59 731 89; x_wconf 88' lang='lat' dir='ltr'>LIBER</span> <span class='ocrx_word' id='word_1_2' title='bbox 755 59 829 89; x_wconf 82' lang='grc' dir='ltr'>ΧΠ.</span> 
     </span>
    </p>
   </div>
   <div class='ocr_carea' id='block_1_2' title="bbox 122 114 1315 466">
    <p class='ocr_par' dir='ltr' id='par_1_2' title="bbox 123 114 1103 166">
     <span class='ocr_line' id='line_1_2' title="bbox 123 114 1103 166; baseline -0.001 -15"><span class='ocrx_word' id='word_1_3' title='bbox 123 117 281 163; x_wconf 86' lang='lat' dir='ltr'>Eruam,</span> <span class='ocrx_word' id='word_1_4' title='bbox 298 126 334 154; x_wconf 91' lang='lat' dir='ltr'>et</span> <span class='ocrx_word' id='word_1_5' title='bbox 350 128 457 166; x_wconf 88' lang='lat' dir='ltr'>aequa</span> <span class='ocrx_word' id='word_1_6' title='bbox 471 116 551 152; x_wconf 95' lang='lat' dir='ltr'>solo</span> <span class='ocrx_word' id='word_1_7' title='bbox 572 114 757 152; x_wconf 83' lang='lat' dir='ltr'><strong>fumantia</strong></span> <span class='ocrx_word' id='word_1_8' title='bbox 770 116 934 152; x_wconf 87' lang='lat' dir='ltr'>culmina</span> <span class='ocrx_word' id='word_1_9' title='bbox 954 127 1103 166; x_wconf 89' lang='lat' dir='ltr'>ponam.</span> 
     </span>
    </p>

    <p class='ocr_par' dir='ltr' id='par_1_3' title="bbox 122 175 1315 226">
     <span class='ocr_line' id='line_1_3' title="bbox 122 175 1315 226; baseline -0.002 -13"><span class='ocrx_word' id='word_1_10' title='bbox 122 177 271 214; x_wconf 88' lang='lat' dir='ltr'>Scilicet</span> <span class='ocrx_word' id='word_1_11' title='bbox 284 185 515 226; x_wconf 83' lang='lat' dir='ltr'><strong>exspectem,</strong></span> <span class='ocrx_word' id='word_1_12' title='bbox 537 175 652 213; x_wconf 87' lang='lat' dir='ltr'>libeat</span> <span class='ocrx_word' id='word_1_13' title='bbox 672 175 761 212; x_wconf 89' lang='lat' dir='ltr'>dum</span> <span class='ocrx_word' id='word_1_14' title='bbox 779 177 910 225; x_wconf 84' lang='lat' dir='ltr'>praelia</span> <span class='ocrx_word' id='word_1_15' title='bbox 922 178 1053 212; x_wconf 87' lang='lat' dir='ltr'>Turno</span> <span class='ocrx_word' id='word_1_16' title='bbox 1267 184 1315 215; x_wconf 79' lang='lat'>⁵70</span> 
     </span>
    </p>

    <p class='ocr_par' dir='ltr' id='par_1_4' title="bbox 122 235 1112 286">
     <span class='ocr_line' id='line_1_4' title="bbox 122 235 1112 286; baseline 0.001 -15"><span class='ocrx_word' id='word_1_17' title='bbox 122 238 260 273; x_wconf 80' lang='lat' dir='ltr'>Nostra</span> <span class='ocrx_word' id='word_1_18' title='bbox 278 236 375 286; x_wconf 87' lang='lat' dir='ltr'>pati,</span> <span class='ocrx_word' id='word_1_19' title='bbox 392 248 598 286; x_wconf 86' lang='lat' dir='ltr'><strong>rursusque</strong></span> <span class='ocrx_word' id='word_1_20' title='bbox 615 235 706 272; x_wconf 88' lang='lat' dir='ltr'>velit</span> <span class='ocrx_word' id='word_1_21' title='bbox 726 249 953 272; x_wconf 87' lang='lat' dir='ltr'>concurrere</span> <span class='ocrx_word' id='word_1_22' title='bbox 968 236 1112 272; x_wconf 73' lang='lat' dir='ltr'>victus?</span> 
     </span>
    </p>

    <p class='ocr_par' dir='ltr' id='par_1_5' title="bbox 125 296 1106 346">
     <span class='ocr_line' id='line_1_5' title="bbox 125 296 1106 346; baseline 0.001 -15"><span class='ocrx_word' id='word_1_23' title='bbox 125 297 207 332; x_wconf 92' lang='lat' dir='ltr'>Hoc</span> <span class='ocrx_word' id='word_1_24' title='bbox 227 305 358 346; x_wconf 89' lang='lat' dir='ltr'>caput,</span> <span class='ocrx_word' id='word_1_25' title='bbox 379 310 401 334; x_wconf 93' lang='lat' dir='ltr'>o</span> <span class='ocrx_word' id='word_1_26' title='bbox 418 297 538 341; x_wconf 75' lang='lat' dir='ltr'>cives,</span> <span class='ocrx_word' id='word_1_27' title='bbox 558 297 639 333; x_wconf 88' lang='lat' dir='ltr'>haec</span> <span class='ocrx_word' id='word_1_28' title='bbox 655 296 746 334; x_wconf 90' lang='lat' dir='ltr'>belli</span> <span class='ocrx_word' id='word_1_29' title='bbox 766 309 912 334; x_wconf 84' lang='lat' dir='ltr'>summa</span> <span class='ocrx_word' id='word_1_30' title='bbox 929 297 1082 333; x_wconf 84' lang='lat' dir='ltr'>nefandi</span> <span class='ocrx_word' id='word_1_31' title='bbox 1098 311 1106 332; x_wconf 93' lang='lat'>:</span> 
     </span>
    </p>

    <p class='ocr_par' dir='ltr' id='par_1_6' title="bbox 122 356 1193 466">
     <span class='ocr_line' id='line_1_6' title="bbox 122 356 1193 407; baseline 0.002 -17"><span class='ocrx_word' id='word_1_32' title='bbox 122 357 230 391; x_wconf 89' lang='lat' dir='ltr'>Ferte</span> <span class='ocrx_word' id='word_1_33' title='bbox 250 356 348 393; x_wconf 88' lang='lat' dir='ltr'>faces</span> <span class='ocrx_word' id='word_1_34' title='bbox 364 369 548 407; x_wconf 85' lang='lat' dir='ltr'>propere,</span> <span class='ocrx_word' id='word_1_35' title='bbox 569 357 767 406; x_wconf 88' lang='lat' dir='ltr'>foedusque</span> <span class='ocrx_word' id='word_1_36' title='bbox 783 357 970 407; x_wconf 85' lang='lat' dir='ltr'>reposcite</span> <span class='ocrx_word' id='word_1_37' title='bbox 987 356 1156 393; x_wconf 81' lang='lat' dir='ltr'>flaminis.</span> <span class='ocrx_word' id='word_1_38' title='bbox 1178 373 1193 389; x_wconf 75' lang='grc' dir='ltr'><strong>υ</strong></span> 
     </span>
     <span class='ocr_line' id='line_1_7' title="bbox 171 416 1186 466; baseline 0.003 -15"><span class='ocrx_word' id='word_1_39' title='bbox 171 416 346 463; x_wconf 81' lang='lat' dir='ltr'>Dixerat,</span> <span class='ocrx_word' id='word_1_40' title='bbox 364 426 477 466; x_wconf 89' lang='lat' dir='ltr'>atque</span> <span class='ocrx_word' id='word_1_41' title='bbox 495 418 628 454; x_wconf 86' lang='lat' dir='ltr'>animis</span> <span class='ocrx_word' id='word_1_42' title='bbox 648 417 792 466; x_wconf 87' lang='lat' dir='ltr'>pariter</span> <span class='ocrx_word' id='word_1_43' title='bbox 808 416 1042 454; x_wconf 83' lang='lat' dir='ltr'>certantibus</span> <span class='ocrx_word' id='word_1_44' title='bbox 1058 430 1186 454; x_wconf 87' lang='lat' dir='ltr'>omnes</span> 
     </span>
    </p>
   </div>
   <div class='ocr_carea' id='block_1_3' title="bbox 119 475 1144 525">
    <p class='ocr_par' dir='ltr' id='par_1_7' title="bbox 119 475 1144 525">
     <span class='ocr_line' id='line_1_8' title="bbox 119 475 1144 525; baseline 0 -16"><span class='ocrx_word' id='word_1_45' title='bbox 119 475 219 510; x_wconf 90' lang='lat' dir='ltr'>Dant</span> <span class='ocrx_word' id='word_1_46' title='bbox 236 488 416 521; x_wconf 83' lang='lat' dir='ltr'>cuneum3</span> <span class='ocrx_word' id='word_1_47' title='bbox 431 476 622 525; x_wconf 87' lang='lat' dir='ltr'>densaque</span> <span class='ocrx_word' id='word_1_48' title='bbox 637 476 685 512; x_wconf 85' lang='lat' dir='ltr'>ad</span> <span class='ocrx_word' id='word_1_49' title='bbox 698 488 828 512; x_wconf 87' lang='lat' dir='ltr'>muros</span> <span class='ocrx_word' id='word_1_50' title='bbox 843 477 942 511; x_wconf 80' lang='lat' dir='ltr'>mole</span> <span class='ocrx_word' id='word_1_51' title='bbox 957 477 1144 512; x_wconf 82' lang='lat' dir='ltr'>feruntur.</span> 
     </span>
    </p>
   </div>
   <div class='ocr_carea' id='block_1_4' title="bbox 1267 485 1315 517">
    <p class='ocr_par' dir='ltr' id='par_1_8' title="bbox 1267 485 1315 517">
     <span class='ocr_line' id='line_1_9' title="bbox 1267 485 1315 517; baseline 0 -10"><span class='ocrx_word' id='word_1_52' title='bbox 1267 485 1315 517; x_wconf 46' lang='lat'>555</span> 
     </span>
    </p>
   </div>
   <div class='ocr_carea' id='block_1_5' title="bbox 117 535 1151 764">
    <p class='ocr_par' dir='ltr' id='par_1_9' title="bbox 117 535 1151 764">
     <span class='ocr_line' id='line_1_10' title="bbox 123 535 1082 585; baseline -0.001 -14"><span class='ocrx_word' id='word_1_53' title='bbox 123 536 240 572; x_wconf 82' lang='lat' dir='ltr'>scalae</span> <span class='ocrx_word' id='word_1_54' title='bbox 259 536 489 585; x_wconf 76' lang='lat' dir='ltr'>improviso,</span> <span class='ocrx_word' id='word_1_55' title='bbox 513 535 740 584; x_wconf 89' lang='lat' dir='ltr'>subitusque</span> <span class='ocrx_word' id='word_1_56' title='bbox 760 535 937 584; x_wconf 88' lang='lat' dir='ltr'>adparuit</span> <span class='ocrx_word' id='word_1_57' title='bbox 959 535 1055 584; x_wconf 84' lang='lat' dir='ltr'>ignis</span> <span class='ocrx_word' id='word_1_58' title='bbox 1074 548 1082 570; x_wconf 91' lang='lat'>:</span> 
     </span>
     <span class='ocr_line' id='line_1_11' title="bbox 117 594 1130 644; baseline 0.001 -15"><span class='ocrx_word' id='word_1_59' title='bbox 117 594 345 630; x_wconf 88' lang='lat' dir='ltr'>Discurrunt</span> <span class='ocrx_word' id='word_1_60' title='bbox 366 595 429 631; x_wconf 90' lang='lat' dir='ltr'>alii</span> <span class='ocrx_word' id='word_1_61' title='bbox 446 595 493 631; x_wconf 88' lang='lat' dir='ltr'>ad</span> <span class='ocrx_word' id='word_1_62' title='bbox 509 603 655 644; x_wconf 82' lang='lat' dir='ltr'>portas,</span> <span class='ocrx_word' id='word_1_63' title='bbox 678 595 897 644; x_wconf 86' lang='lat' dir='ltr'>primosque</span> <span class='ocrx_word' id='word_1_64' title='bbox 919 594 1130 640; x_wconf 87' lang='lat' dir='ltr'>trucidant;</span> 
     </span>
     <span class='ocr_line' id='line_1_12' title="bbox 119 653 1151 704; baseline 0.002 -15"><span class='ocrx_word' id='word_1_65' title='bbox 119 655 278 689; x_wconf 83' lang='lat' dir='ltr'>Ferrum</span> <span class='ocrx_word' id='word_1_66' title='bbox 294 654 357 690; x_wconf 88' lang='lat' dir='ltr'>alii</span> <span class='ocrx_word' id='word_1_67' title='bbox 378 662 576 704; x_wconf 86' lang='lat' dir='ltr'>torquent,</span> <span class='ocrx_word' id='word_1_68' title='bbox 597 664 635 691; x_wconf 87' lang='lat' dir='ltr'>et</span> <span class='ocrx_word' id='word_1_69' title='bbox 652 653 885 691; x_wconf 86' lang='lat' dir='ltr'>obumbrant</span> <span class='ocrx_word' id='word_1_70' title='bbox 901 654 1043 691; x_wconf 88' lang='lat' dir='ltr'>aethera</span> <span class='ocrx_word' id='word_1_71' title='bbox 1058 655 1151 691; x_wconf 75' lang='lat' dir='ltr'>telis.</span> 
     </span>
     <span class='ocr_line' id='line_1_13' title="bbox 120 714 1046 764; baseline 0.002 -15"><span class='ocrx_word' id='word_1_72' title='bbox 120 716 205 763; x_wconf 87' lang='lat' dir='ltr'>Ipse</span> <span class='ocrx_word' id='word_1_73' title='bbox 221 714 320 751; x_wconf 88' lang='lat' dir='ltr'>inter</span> <span class='ocrx_word' id='word_1_74' title='bbox 333 714 476 764; x_wconf 88' lang='lat' dir='ltr'>primos</span> <span class='ocrx_word' id='word_1_75' title='bbox 492 715 665 752; x_wconf 77' lang='lat' dir='ltr'>dextram</span> <span class='ocrx_word' id='word_1_76' title='bbox 683 714 755 753; x_wconf 91' lang='lat' dir='ltr'>sub</span> <span class='ocrx_word' id='word_1_77' title='bbox 769 716 906 752; x_wconf 88' lang='lat' dir='ltr'>moenia</span> <span class='ocrx_word' id='word_1_78' title='bbox 924 715 1046 751; x_wconf 87' lang='lat' dir='ltr'>tendit</span> 
     </span>
    </p>
   </div>
   <div class='ocr_carea' id='block_1_6' title="bbox 121 774 986 824">
    <p class='ocr_par' dir='ltr' id='par_1_10' title="bbox 121 774 986 824">
     <span class='ocr_line' id='line_1_14' title="bbox 121 774 986 824; baseline 0 -15"><span class='ocrx_word' id='word_1_79' title='bbox 121 776 257 811; x_wconf 87' lang='lat' dir='ltr'>AEneas</span> <span class='ocrx_word' id='word_1_80' title='bbox 270 803 280 820; x_wconf 87' lang='lat'><strong><em>‚</em></strong></span> <span class='ocrx_word' id='word_1_81' title='bbox 296 787 506 824; x_wconf 80' lang='lat' dir='ltr'>magnaque</span> <span class='ocrx_word' id='word_1_82' title='bbox 519 775 667 810; x_wconf 88' lang='lat' dir='ltr'>incusat</span> <span class='ocrx_word' id='word_1_83' title='bbox 679 787 774 810; x_wconf 82' lang='lat' dir='ltr'>voce</span> <span class='ocrx_word' id='word_1_84' title='bbox 788 774 986 819; x_wconf 85' lang='lat' dir='ltr'>Latinum3</span> 
     </span>
    </p>
   </div>
   <div class='ocr_carea' id='block_1_7' title="bbox 1269 783 1316 806">
    <p class='ocr_par' dir='ltr' id='par_1_11' title="bbox 1269 783 1316 806">
     <span class='ocr_line' id='line_1_15' title="bbox 1269 783 1316 806; baseline -0.043 0"><span class='ocrx_word' id='word_1_85' title='bbox 1269 783 1316 806; x_wconf 69' lang='lat'>580</span> 
     </span>
    </p>
   </div>
   <div class='ocr_carea' id='block_1_8' title="bbox 121 834 1095 1062">
    <p class='ocr_par' dir='ltr' id='par_1_12' title="bbox 121 834 1095 1062">
     <span class='ocr_line' id='line_1_16' title="bbox 121 834 1029 884; baseline 0.001 -15"><span class='ocrx_word' id='word_1_86' title='bbox 121 836 372 883; x_wconf 82' lang='lat' dir='ltr'>Testaturque</span> <span class='ocrx_word' id='word_1_87' title='bbox 388 834 479 870; x_wconf 88' lang='lat' dir='ltr'>deos</span> <span class='ocrx_word' id='word_1_88' title='bbox 489 862 499 880; x_wconf 93' lang='lat'>,</span> <span class='ocrx_word' id='word_1_89' title='bbox 513 834 653 871; x_wconf 90' lang='lat' dir='ltr'>iterum</span> <span class='ocrx_word' id='word_1_90' title='bbox 666 847 705 871; x_wconf 89' lang='lat' dir='ltr'>se</span> <span class='ocrx_word' id='word_1_91' title='bbox 720 834 767 871; x_wconf 91' lang='lat' dir='ltr'>ad</span> <span class='ocrx_word' id='word_1_92' title='bbox 778 835 909 884; x_wconf 89' lang='lat' dir='ltr'>praelia</span> <span class='ocrx_word' id='word_1_93' title='bbox 923 834 1029 884; x_wconf 78' lang='lat' dir='ltr'>cogi3</span> 
     </span>
     <span class='ocr_line' id='line_1_17' title="bbox 121 892 1095 944; baseline 0.002 -16"><span class='ocrx_word' id='word_1_94' title='bbox 121 892 182 928; x_wconf 89' lang='lat' dir='ltr'>Bis</span> <span class='ocrx_word' id='word_1_95' title='bbox 194 893 271 942; x_wconf 90' lang='lat' dir='ltr'>jam</span> <span class='ocrx_word' id='word_1_96' title='bbox 286 893 399 930; x_wconf 89' lang='lat' dir='ltr'>Italos</span> <span class='ocrx_word' id='word_1_97' title='bbox 415 893 534 931; x_wconf 87' lang='lat' dir='ltr'>hostis</span> <span class='ocrx_word' id='word_1_98' title='bbox 544 909 554 941; x_wconf 91' lang='lat'>;</span> <span class='ocrx_word' id='word_1_99' title='bbox 572 894 652 931; x_wconf 84' lang='lat' dir='ltr'>haec</span> <span class='ocrx_word' id='word_1_100' title='bbox 671 895 788 930; x_wconf 84' lang='lat' dir='ltr'>altera</span> <span class='ocrx_word' id='word_1_101' title='bbox 802 893 944 931; x_wconf 85' lang='lat' dir='ltr'>foedera</span> <span class='ocrx_word' id='word_1_102' title='bbox 956 894 1095 944; x_wconf 80' lang='lat' dir='ltr'>rumpi.</span> 
     </span>
     <span class='ocr_line' id='line_1_18' title="bbox 121 953 939 1003; baseline 0.001 -15"><span class='ocrx_word' id='word_1_103' title='bbox 121 954 302 989; x_wconf 76' lang='lat' dir='ltr'>Exoritur</span> <span class='ocrx_word' id='word_1_104' title='bbox 316 953 485 1003; x_wconf 88' lang='lat' dir='ltr'>trepidos</span> <span class='ocrx_word' id='word_1_105' title='bbox 501 954 600 990; x_wconf 89' lang='lat' dir='ltr'>inter</span> <span class='ocrx_word' id='word_1_106' title='bbox 615 953 805 989; x_wconf 91' lang='lat' dir='ltr'>discordia</span> <span class='ocrx_word' id='word_1_107' title='bbox 821 953 916 989; x_wconf 83' lang='lat' dir='ltr'>civis</span> <span class='ocrx_word' id='word_1_108' title='bbox 931 968 939 989; x_wconf 90' lang='lat'><strong>:</strong></span> 
     </span>
     <span class='ocr_line' id='line_1_19' title="bbox 122 1011 1095 1062; baseline 0.001 -15"><span class='ocrx_word' id='word_1_109' title='bbox 122 1011 267 1049; x_wconf 83' lang='lat' dir='ltr'>Urbem</span> <span class='ocrx_word' id='word_1_110' title='bbox 287 1013 351 1049; x_wconf 87' lang='lat' dir='ltr'>alii</span> <span class='ocrx_word' id='word_1_111' title='bbox 370 1025 539 1049; x_wconf 87' lang='lat' dir='ltr'>reserare</span> <span class='ocrx_word' id='word_1_112' title='bbox 555 1012 708 1062; x_wconf 88' lang='lat' dir='ltr'>jubent,</span> <span class='ocrx_word' id='word_1_113' title='bbox 729 1021 766 1048; x_wconf 90' lang='lat' dir='ltr'>et</span> <span class='ocrx_word' id='word_1_114' title='bbox 786 1012 953 1061; x_wconf 88' lang='lat' dir='ltr'>pandere</span> <span class='ocrx_word' id='word_1_115' title='bbox 966 1021 1095 1061; x_wconf 88' lang='lat' dir='ltr'>portas</span> 
     </span>
    </p>
   </div>
   <div class='ocr_carea' id='block_1_9' title="bbox 122 1072 1135 1122">
    <p class='ocr_par' dir='ltr' id='par_1_13' title="bbox 122 1072 1135 1122">
     <span class='ocr_line' id='line_1_20' title="bbox 122 1072 1135 1122; baseline -0.002 -12"><span class='ocrx_word' id='word_1_116' title='bbox 122 1073 369 1116; x_wconf 82' lang='lat' dir='ltr'>Dardanidis,</span> <span class='ocrx_word' id='word_1_117' title='bbox 387 1073 586 1122; x_wconf 85' lang='lat' dir='ltr'>ipsumque</span> <span class='ocrx_word' id='word_1_118' title='bbox 605 1072 761 1109; x_wconf 88' lang='lat' dir='ltr'>trahunt</span> <span class='ocrx_word' id='word_1_119' title='bbox 780 1072 820 1108; x_wconf 90' lang='lat' dir='ltr'>in</span> <span class='ocrx_word' id='word_1_120' title='bbox 833 1073 970 1109; x_wconf 84' lang='lat' dir='ltr'>moenia</span> <span class='ocrx_word' id='word_1_121' title='bbox 989 1084 1135 1122; x_wconf 82' lang='lat' dir='ltr'>regem;</span> 
     </span>
    </p>
   </div>
   <div class='ocr_carea' id='block_1_10' title="bbox 121 1204 696 2213">
    <p class='ocr_par' dir='ltr' id='par_1_14' title="bbox 121 1204 695 1972">
     <span class='ocr_line' id='line_1_21' title="bbox 123 1204 692 1245; baseline -0.004 -9"><span class='ocrx_word' id='word_1_122' title='bbox 123 1213 189 1236; x_wconf 85' lang='lat' dir='ltr'>erat</span> <span class='ocrx_word' id='word_1_123' title='bbox 199 1227 207 1242; x_wconf 88' lang='lat'><strong><em>‚</em></strong></span> <span class='ocrx_word' id='word_1_124' title='bbox 225 1212 260 1234; x_wconf 88' lang='lat' dir='ltr'>ut</span> <span class='ocrx_word' id='word_1_125' title='bbox 275 1215 292 1234; x_wconf 91' lang='lat' dir='ltr'>a</span> <span class='ocrx_word' id='word_1_126' title='bbox 307 1204 431 1245; x_wconf 78' lang='lat' dir='ltr'>vulgari</span> <span class='ocrx_word' id='word_1_127' title='bbox 451 1204 612 1234; x_wconf 83' lang='lat' dir='ltr'>recederet</span> <span class='ocrx_word' id='word_1_128' title='bbox 624 1215 692 1236; x_wconf 89' lang='lat' dir='ltr'>ora-</span> 
     </span>
     <span class='ocr_line' id='line_1_22' title="bbox 122 1249 689 1291; baseline -0.004 -9"><span class='ocrx_word' id='word_1_129' title='bbox 122 1254 177 1282; x_wconf 90' lang='lat' dir='ltr'>tio.</span> <span class='ocrx_word' id='word_1_130' title='bbox 192 1268 238 1274; x_wconf 94' lang='lat'>—-</span> <span class='ocrx_word' id='word_1_131' title='bbox 254 1251 330 1288; x_wconf 85' lang='lat'><strong>570.</strong></span> <span class='ocrx_word' id='word_1_132' title='bbox 350 1249 470 1280; x_wconf 82' lang='lat' dir='ltr'>Praelia</span> <span class='ocrx_word' id='word_1_133' title='bbox 484 1258 591 1280; x_wconf 84' lang='lat' dir='ltr'>nostra</span> <span class='ocrx_word' id='word_1_134' title='bbox 599 1251 689 1291; x_wconf 82' lang='lat' dir='ltr'>pati,</span> 
     </span>
     <span class='ocr_line' id='line_1_23' title="bbox 121 1296 692 1337; baseline -0.004 -8"><span class='ocrx_word' id='word_1_135' title='bbox 121 1299 259 1329; x_wconf 76' lang='lat' dir='ltr'>suaviter</span> <span class='ocrx_word' id='word_1_136' title='bbox 278 1296 417 1334; x_wconf 85' lang='lat' dir='ltr'>dictum,</span> <span class='ocrx_word' id='word_1_137' title='bbox 441 1304 592 1337; x_wconf 85' lang='lat' dir='ltr'>tanquam</span> <span class='ocrx_word' id='word_1_138' title='bbox 616 1297 692 1327; x_wconf 83' lang='lat' dir='ltr'>hor-</span> 
     </span>
     <span class='ocr_line' id='line_1_24' title="bbox 121 1343 692 1384; baseline -0.002 -10"><span class='ocrx_word' id='word_1_139' title='bbox 121 1351 190 1374; x_wconf 87' lang='lat' dir='ltr'>tatu</span> <span class='ocrx_word' id='word_1_140' title='bbox 209 1351 240 1373; x_wconf 86' lang='lat' dir='ltr'>et</span> <span class='ocrx_word' id='word_1_141' title='bbox 263 1343 412 1384; x_wconf 85' lang='lat' dir='ltr'>precibus</span> <span class='ocrx_word' id='word_1_142' title='bbox 428 1343 591 1373; x_wconf 82' lang='lat' dir='ltr'>admittere</span> <span class='ocrx_word' id='word_1_143' title='bbox 614 1353 692 1384; x_wconf 85' lang='lat' dir='ltr'>pug-</span> 
     </span>
     <span class='ocr_line' id='line_1_25' title="bbox 122 1389 694 1429; baseline -0.003 -9"><span class='ocrx_word' id='word_1_144' title='bbox 122 1400 195 1420; x_wconf 87' lang='lat' dir='ltr'>nam</span> <span class='ocrx_word' id='word_1_145' title='bbox 223 1399 296 1419; x_wconf 88' lang='lat' dir='ltr'>cum</span> <span class='ocrx_word' id='word_1_146' title='bbox 313 1391 566 1428; x_wconf 60' lang='lat' dir='ltr'>Ainea—572.</span> <span class='ocrx_word' id='word_1_147' title='bbox 592 1389 694 1429; x_wconf 83' lang='lat' dir='ltr'>Caput</span> 
     </span>
     <span class='ocr_line' id='line_1_26' title="bbox 122 1435 691 1477; baseline 0.002 -13"><span class='ocrx_word' id='word_1_148' title='bbox 122 1435 198 1466; x_wconf 80' lang='lat' dir='ltr'>belli</span> <span class='ocrx_word' id='word_1_149' title='bbox 212 1444 244 1465; x_wconf 78' lang='lat' dir='ltr'>et</span> <span class='ocrx_word' id='word_1_150' title='bbox 261 1446 387 1465; x_wconf 85' lang='lat' dir='ltr'>summa</span> <span class='ocrx_word' id='word_1_151' title='bbox 406 1443 451 1466; x_wconf 89' lang='lat' dir='ltr'>est</span> <span class='ocrx_word' id='word_1_152' title='bbox 471 1437 538 1477; x_wconf 87' lang='lat' dir='ltr'>ipsa</span> <span class='ocrx_word' id='word_1_153' title='bbox 552 1438 691 1466; x_wconf 88' lang='lat' dir='ltr'>Lauren-</span> 
     </span>
     <span class='ocr_line' id='line_1_27' title="bbox 122 1482 693 1522; baseline -0.002 -10"><span class='ocrx_word' id='word_1_154' title='bbox 122 1489 190 1512; x_wconf 85' lang='lat' dir='ltr'>tum</span> <span class='ocrx_word' id='word_1_155' title='bbox 213 1482 309 1518; x_wconf 83' lang='lat' dir='ltr'>urbs,</span> <span class='ocrx_word' id='word_1_156' title='bbox 337 1489 494 1521; x_wconf 82' lang='lat' dir='ltr'>quatenns</span> <span class='ocrx_word' id='word_1_157' title='bbox 522 1482 574 1512; x_wconf 86' lang='lat' dir='ltr'>illa</span> <span class='ocrx_word' id='word_1_158' title='bbox 599 1488 693 1522; x_wconf 85' lang='lat' dir='ltr'>caput</span> 
     </span>
     <span class='ocr_line' id='line_1_28' title="bbox 121 1527 690 1569; baseline 0 -11"><span class='ocrx_word' id='word_1_159' title='bbox 121 1535 168 1558; x_wconf 88' lang='lat' dir='ltr'>est</span> <span class='ocrx_word' id='word_1_160' title='bbox 179 1527 291 1568; x_wconf 87' lang='lat' dir='ltr'>populi</span> <span class='ocrx_word' id='word_1_161' title='bbox 309 1527 430 1558; x_wconf 86' lang='lat' dir='ltr'>bellum</span> <span class='ocrx_word' id='word_1_162' title='bbox 445 1529 591 1569; x_wconf 85' lang='lat' dir='ltr'>gerentis.</span> <span class='ocrx_word' id='word_1_163' title='bbox 606 1528 690 1558; x_wconf 87' lang='lat' dir='ltr'>conf.</span> 
     </span>
     <span class='ocr_line' id='line_1_29' title="bbox 121 1564 693 1615; baseline -0.002 -11"><span class='ocrx_word' id='word_1_164' title='bbox 121 1573 161 1604; x_wconf 86' lang='lat' dir='ltr'>ad</span> <span class='ocrx_word' id='word_1_165' title='bbox 177 1574 254 1612; x_wconf 84' lang='lat'>567.</span> <span class='ocrx_word' id='word_1_166' title='bbox 275 1575 324 1604; x_wconf 91' lang='lat' dir='ltr'>De</span> <span class='ocrx_word' id='word_1_167' title='bbox 342 1576 454 1604; x_wconf 87' lang='lat' dir='ltr'>Turno</span> <span class='ocrx_word' id='word_1_168' title='bbox 476 1575 548 1615; x_wconf 82' lang='lat' dir='ltr'>quis</span> <span class='ocrx_word' id='word_1_169' title='bbox 567 1564 693 1604; x_wconf 65' lang='lat' dir='ltr'>{andem</span> 
     </span>
     <span class='ocr_line' id='line_1_30' title="bbox 122 1619 693 1661; baseline -0.002 -11"><span class='ocrx_word' id='word_1_170' title='bbox 122 1619 175 1650; x_wconf 82' lang='lat' dir='ltr'>hic</span> <span class='ocrx_word' id='word_1_171' title='bbox 199 1621 337 1660; x_wconf 80' lang='lat' dir='ltr'>cogitet?</span> <span class='ocrx_word' id='word_1_172' title='bbox 350 1637 395 1643; x_wconf 93' lang='lat'>—</span> <span class='ocrx_word' id='word_1_173' title='bbox 412 1621 451 1658; x_wconf 78' lang='lat'>57</span> <span class='ocrx_word' id='word_1_174' title='bbox 459 1622 488 1651; x_wconf 83' lang='lat'>3.</span> <span class='ocrx_word' id='word_1_175' title='bbox 517 1621 693 1661; x_wconf 83' lang='lat' dir='ltr'>Foedusque</span> 
     </span>
     <span class='ocr_line' id='line_1_31' title="bbox 124 1665 694 1707; baseline 0.004 -13"><span class='ocrx_word' id='word_1_176' title='bbox 124 1666 275 1704; x_wconf 79' lang='lat' dir='ltr'>reposcite</span> <span class='ocrx_word' id='word_1_177' title='bbox 277 1665 437 1707; x_wconf 81' lang='lat' dir='ltr'>flammis.</span> <span class='ocrx_word' id='word_1_178' title='bbox 451 1668 582 1704; x_wconf 82' lang='lat' dir='ltr'>Nescio,</span> <span class='ocrx_word' id='word_1_179' title='bbox 599 1678 639 1697; x_wconf 86' lang='lat' dir='ltr'>an</span> <span class='ocrx_word' id='word_1_180' title='bbox 648 1667 694 1696; x_wconf 92' lang='lat' dir='ltr'>ni-</span> 
     </span>
     <span class='ocr_line' id='line_1_32' title="bbox 123 1710 693 1752; baseline 0.004 -12"><span class='ocrx_word' id='word_1_181' title='bbox 123 1711 181 1740; x_wconf 88' lang='lat' dir='ltr'>mis</span> <span class='ocrx_word' id='word_1_182' title='bbox 196 1717 305 1751; x_wconf 87' lang='lat' dir='ltr'>argute</span> <span class='ocrx_word' id='word_1_183' title='bbox 319 1710 435 1741; x_wconf 84' lang='lat' dir='ltr'>dixerit</span> <span class='ocrx_word' id='word_1_184' title='bbox 449 1719 552 1752; x_wconf 85' lang='lat' dir='ltr'>poeta,</span> <span class='ocrx_word' id='word_1_185' title='bbox 568 1714 595 1742; x_wconf 86' lang='lat' dir='ltr'>si</span> <span class='ocrx_word' id='word_1_186' title='bbox 609 1713 693 1742; x_wconf 88' lang='lat' dir='ltr'>flam-</span> 
     </span>
     <span class='ocr_line' id='line_1_33' title="bbox 124 1757 693 1788; baseline 0.004 -2"><span class='ocrx_word' id='word_1_187' title='bbox 124 1767 206 1786; x_wconf 85' lang='lat' dir='ltr'>mam</span> <span class='ocrx_word' id='word_1_188' title='bbox 230 1766 391 1786; x_wconf 84' lang='lat' dir='ltr'>sacrorum</span> <span class='ocrx_word' id='word_1_189' title='bbox 412 1757 522 1787; x_wconf 83' lang='lat' dir='ltr'>foederi</span> <span class='ocrx_word' id='word_1_190' title='bbox 548 1758 693 1788; x_wconf 77' lang='lat' dir='ltr'>feriando</span> 
     </span>
     <span class='ocr_line' id='line_1_34' title="bbox 124 1802 694 1844; baseline 0.002 -12"><span class='ocrx_word' id='word_1_191' title='bbox 124 1803 273 1843; x_wconf 77' lang='lat' dir='ltr'>respexit.</span> <span class='ocrx_word' id='word_1_192' title='bbox 290 1802 400 1832; x_wconf 85' lang='lat' dir='ltr'>Malim</span> <span class='ocrx_word' id='word_1_193' title='bbox 419 1805 560 1843; x_wconf 79' lang='lat' dir='ltr'>accipere</span> <span class='ocrx_word' id='word_1_194' title='bbox 575 1804 694 1844; x_wconf 83' lang='lat' dir='ltr'>simpli-</span> 
     </span>
     <span class='ocr_line' id='line_1_35' title="bbox 126 1849 695 1890; baseline 0.002 -12"><span class='ocrx_word' id='word_1_195' title='bbox 126 1850 204 1879; x_wconf 87' lang='lat' dir='ltr'>citer</span> <span class='ocrx_word' id='word_1_196' title='bbox 230 1859 238 1879; x_wconf 88' lang='lat'>:</span> <span class='ocrx_word' id='word_1_197' title='bbox 267 1849 354 1879; x_wconf 85' lang='lat' dir='ltr'>illato</span> <span class='ocrx_word' id='word_1_198' title='bbox 376 1849 450 1879; x_wconf 84' lang='lat' dir='ltr'>urbi</span> <span class='ocrx_word' id='word_1_199' title='bbox 474 1850 541 1890; x_wconf 84' lang='lat' dir='ltr'>igni</span> <span class='ocrx_word' id='word_1_200' title='bbox 561 1850 695 1890; x_wconf 83' lang='lat' dir='ltr'>reposci-</span> 
     </span>
     <span class='ocr_line' id='line_1_36' title="bbox 126 1895 692 1937; baseline 0 -12"><span class='ocrx_word' id='word_1_201' title='bbox 126 1902 156 1925; x_wconf 90' lang='lat' dir='ltr'>te</span> <span class='ocrx_word' id='word_1_202' title='bbox 176 1895 227 1931; x_wconf 85' lang='lat' dir='ltr'>id,</span> <span class='ocrx_word' id='word_1_203' title='bbox 244 1895 330 1936; x_wconf 87' lang='lat' dir='ltr'>quod</span> <span class='ocrx_word' id='word_1_204' title='bbox 345 1895 462 1926; x_wconf 76' lang='lat' dir='ltr'>foedere</span> <span class='ocrx_word' id='word_1_205' title='bbox 480 1897 543 1934; x_wconf 82' lang='lat' dir='ltr'>jam</span> <span class='ocrx_word' id='word_1_206' title='bbox 566 1897 692 1937; x_wconf 78' lang='lat' dir='ltr'>pepige-</span> 
     </span>
     <span class='ocr_line' id='line_1_37' title="bbox 127 1943 322 1972; baseline 0.01 -2"><span class='ocrx_word' id='word_1_207' title='bbox 127 1948 198 1971; x_wconf 81' lang='lat' dir='ltr'>rant</span> <span class='ocrx_word' id='word_1_208' title='bbox 210 1943 322 1972; x_wconf 81' lang='lat' dir='ltr'>Latini.</span> 
     </span>
    </p>

    <p class='ocr_par' dir='ltr' id='par_1_15' title="bbox 129 1987 696 2213">
     <span class='ocr_line' id='line_1_38' title="bbox 175 1987 694 2028; baseline 0 -11"><span class='ocrx_word' id='word_1_209' title='bbox 175 1987 251 2024; x_wconf 85' lang='lat'>575.</span> <span class='ocrx_word' id='word_1_210' title='bbox 275 1989 340 2028; x_wconf 88' lang='lat' dir='ltr'>Ipsi</span> <span class='ocrx_word' id='word_1_211' title='bbox 359 1988 520 2024; x_wconf 83' lang='lat' dir='ltr'>certatim,</span> <span class='ocrx_word' id='word_1_212' title='bbox 540 1993 694 2017; x_wconf 84' lang='lat' dir='ltr'>certantes</span> 
     </span>
     <span class='ocr_line' id='line_1_39' title="bbox 129 2033 693 2071; baseline 0.005 -10"><span class='ocrx_word' id='word_1_213' title='bbox 129 2033 211 2062; x_wconf 82' lang='lat' dir='ltr'>inter</span> <span class='ocrx_word' id='word_1_214' title='bbox 223 2044 266 2071; x_wconf 88' lang='lat' dir='ltr'>se,</span> <span class='ocrx_word' id='word_1_215' title='bbox 283 2035 376 2064; x_wconf 81' lang='lat' dir='ltr'>Dant</span> <span class='ocrx_word' id='word_1_216' title='bbox 388 2044 537 2070; x_wconf 83' lang='lat' dir='ltr'>cuneum,</span> <span class='ocrx_word' id='word_1_217' title='bbox 558 2034 693 2069; x_wconf 86' lang='lat' dir='ltr'>faciunt,</span> 
     </span>
     <span class='ocr_line' id='line_1_40' title="bbox 130 2080 693 2121; baseline 0.007 -14"><span class='ocrx_word' id='word_1_218' title='bbox 130 2084 165 2107; x_wconf 91' lang='lat' dir='ltr'>ut</span> <span class='ocrx_word' id='word_1_219' title='bbox 184 2080 274 2109; x_wconf 82' lang='lat' dir='ltr'>toties</span> <span class='ocrx_word' id='word_1_220' title='bbox 289 2080 367 2110; x_wconf 85' lang='lat' dir='ltr'>dare</span> <span class='ocrx_word' id='word_1_221' title='bbox 389 2087 497 2111; x_wconf 83' lang='lat' dir='ltr'>nostro</span> <span class='ocrx_word' id='word_1_222' title='bbox 520 2088 632 2121; x_wconf 85' lang='lat' dir='ltr'>poetae.</span> <span class='ocrx_word' id='word_1_223' title='bbox 649 2098 693 2103; x_wconf 85' lang='lat'>——</span> 
     </span>
     <span class='ocr_line' id='line_1_41' title="bbox 133 2123 692 2167; baseline 0.005 -14"><span class='ocrx_word' id='word_1_224' title='bbox 133 2123 209 2160; x_wconf 80' lang='lat'><strong>576.</strong></span> <span class='ocrx_word' id='word_1_225' title='bbox 233 2126 335 2156; x_wconf 82' lang='lat' dir='ltr'>Scalae</span> <span class='ocrx_word' id='word_1_226' title='bbox 352 2126 517 2167; x_wconf 70' lang='lat' dir='ltr'>improviso</span> <span class='ocrx_word' id='word_1_227' title='bbox 529 2138 540 2156; x_wconf 96' lang='lat'><em>:</em></span> <span class='ocrx_word' id='word_1_228' title='bbox 562 2134 638 2158; x_wconf 85' lang='lat' dir='ltr'>uota</span> <span class='ocrx_word' id='word_1_229' title='bbox 655 2125 692 2156; x_wconf 87' lang='lat' dir='ltr'>fi-</span> 
     </span>
     <span class='ocr_line' id='line_1_42' title="bbox 130 2171 696 2213; baseline 0.007 -14"><span class='ocrx_word' id='word_1_230' title='bbox 130 2179 206 2210; x_wconf 87' lang='lat' dir='ltr'>gura</span> <span class='ocrx_word' id='word_1_231' title='bbox 220 2171 353 2202; x_wconf 83' lang='lat' dir='ltr'>verbum</span> <span class='ocrx_word' id='word_1_232' title='bbox 371 2173 544 2213; x_wconf 85' lang='lat' dir='ltr'>petendum</span> <span class='ocrx_word' id='word_1_233' title='bbox 563 2184 603 2205; x_wconf 87' lang='lat' dir='ltr'>ex</span> <span class='ocrx_word' id='word_1_234' title='bbox 624 2173 696 2204; x_wconf 87' lang='lat' dir='ltr'>alte-</span> 
     </span>
    </p>
   </div>
   <div class='ocr_carea' id='block_1_11' title="bbox 1269 1085 1317 1108">
    <p class='ocr_par' dir='ltr' id='par_1_16' title="bbox 1269 1085 1317 1108">
     <span class='ocr_line' id='line_1_43' title="bbox 1269 1085 1317 1108; baseline 0 -1"><span class='ocrx_word' id='word_1_235' title='bbox 1269 1085 1317 1108; x_wconf 77' lang='lat'>585</span> 
     </span>
    </p>
   </div>
   <div class='ocr_carea' id='block_1_12' title="bbox 744 1205 1318 2215">
    <p class='ocr_par' dir='ltr' id='par_1_17' title="bbox 744 1205 1318 2215">
     <span class='ocr_line' id='line_1_44' title="bbox 745 1205 1318 1247; baseline 0.005 -13"><span class='ocrx_word' id='word_1_236' title='bbox 745 1215 782 1235; x_wconf 86' lang='lat' dir='ltr'>ro</span> <span class='ocrx_word' id='word_1_237' title='bbox 805 1205 966 1242; x_wconf 84' lang='lat' dir='ltr'>membro,</span> <span class='ocrx_word' id='word_1_238' title='bbox 992 1214 1230 1246; x_wconf 81' lang='lat' dir='ltr'>apparuerunt,</span> <span class='ocrx_word' id='word_1_239' title='bbox 1244 1218 1318 1247; x_wconf 85' lang='lat' dir='ltr'>pro-</span> 
     </span>
     <span class='ocr_line' id='line_1_45' title="bbox 746 1251 1318 1291; baseline 0.005 -11"><span class='ocrx_word' id='word_1_240' title='bbox 746 1251 823 1281; x_wconf 81' lang='lat' dir='ltr'>latoe</span> <span class='ocrx_word' id='word_1_241' title='bbox 832 1274 840 1288; x_wconf 94' lang='lat'><strong>‚</strong></span> <span class='ocrx_word' id='word_1_242' title='bbox 856 1251 996 1281; x_wconf 83' lang='lat' dir='ltr'>admotae</span> <span class='ocrx_word' id='word_1_243' title='bbox 1009 1259 1091 1283; x_wconf 78' lang='lat' dir='ltr'>sunt.</span> <span class='ocrx_word' id='word_1_244' title='bbox 1101 1269 1148 1275; x_wconf 88' lang='lat'><strong>—</strong></span> <span class='ocrx_word' id='word_1_245' title='bbox 1159 1253 1177 1282; x_wconf 88' lang='lat'><strong><em>5</em></strong></span> <span class='ocrx_word' id='word_1_246' title='bbox 1184 1263 1198 1290; x_wconf 91' lang='lat'><strong>7</strong></span> <span class='ocrx_word' id='word_1_247' title='bbox 1206 1263 1236 1291; x_wconf 83' lang='lat'>7.</span> <span class='ocrx_word' id='word_1_248' title='bbox 1251 1255 1318 1283; x_wconf 87' lang='lat' dir='ltr'>Pri-</span> 
     </span>
     <span class='ocr_line' id='line_1_46' title="bbox 745 1299 1317 1339; baseline 0.005 -13"><span class='ocrx_word' id='word_1_249' title='bbox 745 1308 822 1328; x_wconf 87' lang='lat' dir='ltr'>mos.</span> <span class='ocrx_word' id='word_1_250' title='bbox 854 1299 937 1327; x_wconf 90' lang='lat' dir='ltr'>Bene</span> <span class='ocrx_word' id='word_1_251' title='bbox 965 1299 1093 1328; x_wconf 75' lang='lat' dir='ltr'>Servius</span> <span class='ocrx_word' id='word_1_252' title='bbox 1115 1307 1123 1328; x_wconf 89' lang='lat'>:</span> <span class='ocrx_word' id='word_1_253' title='bbox 1143 1300 1200 1338; x_wconf 77' lang='lat' dir='ltr'>qui</span> <span class='ocrx_word' id='word_1_254' title='bbox 1222 1300 1317 1339; x_wconf 85' lang='lat' dir='ltr'>primi</span> 
     </span>
     <span class='ocr_line' id='line_1_47' title="bbox 746 1343 1318 1384; baseline 0.003 -11"><span class='ocrx_word' id='word_1_255' title='bbox 746 1343 783 1373; x_wconf 84' lang='lat' dir='ltr'>ad</span> <span class='ocrx_word' id='word_1_256' title='bbox 796 1351 902 1384; x_wconf 86' lang='lat' dir='ltr'>portas</span> <span class='ocrx_word' id='word_1_257' title='bbox 915 1351 1003 1374; x_wconf 86' lang='lat' dir='ltr'>eraut</span> <span class='ocrx_word' id='word_1_258' title='bbox 1014 1344 1119 1381; x_wconf 85' lang='lat' dir='ltr'>obvii,</span> <span class='ocrx_word' id='word_1_259' title='bbox 1132 1344 1250 1375; x_wconf 83' lang='lat' dir='ltr'>seilicet</span> <span class='ocrx_word' id='word_1_260' title='bbox 1259 1352 1318 1375; x_wconf 81' lang='lat' dir='ltr'>sta-</span> 
     </span>
     <span class='ocr_line' id='line_1_48' title="bbox 746 1391 1316 1432; baseline 0.004 -13"><span class='ocrx_word' id='word_1_261' title='bbox 746 1392 865 1420; x_wconf 85' lang='lat' dir='ltr'>tionem</span> <span class='ocrx_word' id='word_1_262' title='bbox 896 1396 1030 1432; x_wconf 83' lang='lat' dir='ltr'>agentes.</span> <span class='ocrx_word' id='word_1_263' title='bbox 1043 1408 1090 1413; x_wconf 93' lang='lat'><em>-</em></span> <span class='ocrx_word' id='word_1_264' title='bbox 1106 1391 1182 1421; x_wconf 83' lang='lat'>582.</span> <span class='ocrx_word' id='word_1_265' title='bbox 1207 1392 1316 1421; x_wconf 74' lang='lat' dir='ltr'>Variat</span> 
     </span>
     <span class='ocr_line' id='line_1_49' title="bbox 745 1435 1314 1478; baseline 0.004 -13"><span class='ocrx_word' id='word_1_266' title='bbox 745 1437 919 1466; x_wconf 86' lang='lat' dir='ltr'>orationem</span> <span class='ocrx_word' id='word_1_267' title='bbox 933 1446 940 1466; x_wconf 90' lang='lat'>:</span> <span class='ocrx_word' id='word_1_268' title='bbox 960 1435 1028 1466; x_wconf 81' lang='lat' dir='ltr'>haec</span> <span class='ocrx_word' id='word_1_269' title='bbox 1039 1437 1108 1476; x_wconf 85' lang='lat' dir='ltr'>jam</span> <span class='ocrx_word' id='word_1_270' title='bbox 1125 1437 1239 1473; x_wconf 78' lang='lat' dir='ltr'>altera,</span> <span class='ocrx_word' id='word_1_271' title='bbox 1254 1448 1314 1478; x_wconf 87' lang='lat' dir='ltr'>pro</span> 
     </span>
     <span class='ocr_line' id='line_1_50' title="bbox 744 1482 1316 1523; baseline 0.002 -11"><span class='ocrx_word' id='word_1_272' title='bbox 744 1482 793 1512; x_wconf 89' lang='lat' dir='ltr'>bis</span> <span class='ocrx_word' id='word_1_273' title='bbox 806 1490 936 1523; x_wconf 87' lang='lat' dir='ltr'>ruptum</span> <span class='ocrx_word' id='word_1_274' title='bbox 949 1482 1052 1512; x_wconf 83' lang='lat' dir='ltr'>foedus</span> <span class='ocrx_word' id='word_1_275' title='bbox 1062 1505 1071 1520; x_wconf 92' lang='lat'><strong>,</strong></span> <span class='ocrx_word' id='word_1_276' title='bbox 1084 1483 1134 1513; x_wconf 85' lang='lat' dir='ltr'>bis</span> <span class='ocrx_word' id='word_1_277' title='bbox 1143 1483 1239 1513; x_wconf 84' lang='lat' dir='ltr'>Italos</span> <span class='ocrx_word' id='word_1_278' title='bbox 1246 1483 1316 1513; x_wconf 78' lang='lat' dir='ltr'>hos-</span> 
     </span>
     <span class='ocr_line' id='line_1_51' title="bbox 746 1528 1316 1570; baseline 0.004 -12"><span class='ocrx_word' id='word_1_279' title='bbox 746 1535 791 1558; x_wconf 85' lang='lat' dir='ltr'>tes</span> <span class='ocrx_word' id='word_1_280' title='bbox 807 1529 906 1559; x_wconf 82' lang='lat' dir='ltr'>factos</span> <span class='ocrx_word' id='word_1_281' title='bbox 926 1539 933 1560; x_wconf 86' lang='lat'><strong>:</strong></span> <span class='ocrx_word' id='word_1_282' title='bbox 956 1528 997 1559; x_wconf 89' lang='lat' dir='ltr'>cf.</span> <span class='ocrx_word' id='word_1_283' title='bbox 1014 1540 1084 1570; x_wconf 90' lang='lat' dir='ltr'>sup.</span> <span class='ocrx_word' id='word_1_284' title='bbox 1106 1540 1171 1559; x_wconf 80' lang='lat'>212</span> <span class='ocrx_word' id='word_1_285' title='bbox 1194 1540 1263 1570; x_wconf 86' lang='lat' dir='ltr'>sqq.</span> <span class='ocrx_word' id='word_1_286' title='bbox 1284 1537 1316 1560; x_wconf 88' lang='lat' dir='ltr'>et</span> 
     </span>
     <span class='ocr_line' id='line_1_52' title="bbox 746 1575 1318 1612; baseline 0.002 -8"><span class='ocrx_word' id='word_1_287' title='bbox 746 1575 825 1612; x_wconf 78' lang='lat' dir='ltr'>vn,</span> <span class='ocrx_word' id='word_1_288' title='bbox 839 1576 922 1612; x_wconf 79' lang='lat'><strong>263,</strong></span> <span class='ocrx_word' id='word_1_289' title='bbox 939 1576 1072 1606; x_wconf 51' lang='grc'>235-</span> <span class='ocrx_word' id='word_1_290' title='bbox 1084 1575 1318 1606; x_wconf 81' lang='lat' dir='ltr'>585.Trahunt</span> 
     </span>
     <span class='ocr_line' id='line_1_53' title="bbox 745 1621 1316 1662; baseline 0.005 -13"><span class='ocrx_word' id='word_1_291' title='bbox 745 1631 848 1662; x_wconf 87' lang='lat' dir='ltr'>regem</span> <span class='ocrx_word' id='word_1_292' title='bbox 862 1621 903 1651; x_wconf 88' lang='lat' dir='ltr'>ad</span> <span class='ocrx_word' id='word_1_293' title='bbox 916 1632 1025 1652; x_wconf 82' lang='lat' dir='ltr'>muros</span> <span class='ocrx_word' id='word_1_294' title='bbox 1035 1644 1044 1659; x_wconf 91' lang='lat'><strong><em>‚</em></strong></span> <span class='ocrx_word' id='word_1_295' title='bbox 1054 1622 1139 1652; x_wconf 88' lang='lat' dir='ltr'>haud</span> <span class='ocrx_word' id='word_1_296' title='bbox 1155 1621 1252 1652; x_wconf 89' lang='lat' dir='ltr'>dubie</span> <span class='ocrx_word' id='word_1_297' title='bbox 1266 1621 1316 1652; x_wconf 85' lang='lat' dir='ltr'>de-</span> 
     </span>
     <span class='ocr_line' id='line_1_54' title="bbox 746 1666 1315 1698; baseline 0.004 -2"><span class='ocrx_word' id='word_1_298' title='bbox 746 1666 857 1697; x_wconf 86' lang='lat' dir='ltr'>dendae</span> <span class='ocrx_word' id='word_1_299' title='bbox 871 1667 959 1697; x_wconf 87' lang='lat' dir='ltr'>urbis</span> <span class='ocrx_word' id='word_1_300' title='bbox 978 1675 1009 1697; x_wconf 90' lang='lat' dir='ltr'>et</span> <span class='ocrx_word' id='word_1_301' title='bbox 1026 1668 1202 1698; x_wconf 71' lang='lat' dir='ltr'>renovandi</span> <span class='ocrx_word' id='word_1_302' title='bbox 1219 1667 1315 1698; x_wconf 80' lang='lat' dir='ltr'>soede-</span> 
     </span>
     <span class='ocr_line' id='line_1_55' title="bbox 746 1713 1316 1754; baseline -0.002 -11"><span class='ocrx_word' id='word_1_303' title='bbox 746 1714 788 1743; x_wconf 82' lang='lat' dir='ltr'>ris</span> <span class='ocrx_word' id='word_1_304' title='bbox 799 1724 914 1744; x_wconf 79' lang='lat' dir='ltr'>caussa.</span> <span class='ocrx_word' id='word_1_305' title='bbox 925 1713 1014 1744; x_wconf 79' lang='lat' dir='ltr'>Nihil</span> <span class='ocrx_word' id='word_1_306' title='bbox 1024 1715 1172 1754; x_wconf 83' lang='lat' dir='ltr'>apertius.</span> <span class='ocrx_word' id='word_1_307' title='bbox 1182 1730 1230 1736; x_wconf 90' lang='lat'>—·-</span> <span class='ocrx_word' id='word_1_308' title='bbox 1240 1715 1268 1743; x_wconf 88' lang='lat' dir='ltr'><em>T</em></span> <span class='ocrx_word' id='word_1_309' title='bbox 1266 1724 1316 1743; x_wconf 86' lang='lat' dir='ltr'>ra-</span> 
     </span>
     <span class='ocr_line' id='line_1_56' title="bbox 746 1758 1316 1799; baseline 0 -11"><span class='ocrx_word' id='word_1_310' title='bbox 746 1758 828 1788; x_wconf 78' lang='grc' dir='ltr'><em>Ιιαηι</em></span> <span class='ocrx_word' id='word_1_311' title='bbox 840 1770 889 1799; x_wconf 89' lang='lat' dir='ltr'>pr.</span> <span class='ocrx_word' id='word_1_312' title='bbox 911 1761 1028 1790; x_wconf 82' lang='lat' dir='ltr'>Moret.</span> <span class='ocrx_word' id='word_1_313' title='bbox 1039 1781 1048 1795; x_wconf 95' lang='lat'>,</span> <span class='ocrx_word' id='word_1_314' title='bbox 1073 1759 1162 1799; x_wconf 87' lang='lat' dir='ltr'>quod</span> <span class='ocrx_word' id='word_1_315' title='bbox 1183 1760 1316 1789; x_wconf 76' lang='lat' dir='ltr'>Heinsio</span> 
     </span>
     <span class='ocr_line' id='line_1_57' title="bbox 746 1804 1314 1844; baseline 0.002 -10"><span class='ocrx_word' id='word_1_316' title='bbox 746 1806 887 1844; x_wconf 84' lang='lat' dir='ltr'>impense</span> <span class='ocrx_word' id='word_1_317' title='bbox 902 1805 1073 1841; x_wconf 86' lang='lat' dir='ltr'>arridebat,</span> <span class='ocrx_word' id='word_1_318' title='bbox 1087 1811 1118 1834; x_wconf 89' lang='lat' dir='ltr'>et</span> <span class='ocrx_word' id='word_1_319' title='bbox 1127 1804 1314 1835; x_wconf 81' lang='lat' dir='ltr'>Wakefield.</span> 
     </span>
     <span class='ocr_line' id='line_1_58' title="bbox 749 1849 1315 1890; baseline 0.004 -11"><span class='ocrx_word' id='word_1_320' title='bbox 749 1850 864 1890; x_wconf 88' lang='lat' dir='ltr'>cupide</span> <span class='ocrx_word' id='word_1_321' title='bbox 877 1851 1024 1890; x_wconf 86' lang='lat' dir='ltr'>arripuit,</span> <span class='ocrx_word' id='word_1_322' title='bbox 1046 1857 1083 1879; x_wconf 90' lang='lat' dir='ltr'>ut</span> <span class='ocrx_word' id='word_1_323' title='bbox 1093 1849 1206 1889; x_wconf 82' lang='lat' dir='ltr'>jubent</span> <span class='ocrx_word' id='word_1_324' title='bbox 1218 1851 1315 1881; x_wconf 90' lang='lat' dir='ltr'>modo</span> 
     </span>
     <span class='ocr_line' id='line_1_59' title="bbox 748 1895 1315 1938; baseline 0.004 -13"><span class='ocrx_word' id='word_1_325' title='bbox 748 1895 1126 1938; x_wconf 82' lang='lat' dir='ltr'>cuminfinitojungatur,</span> <span class='ocrx_word' id='word_1_326' title='bbox 1144 1907 1231 1927; x_wconf 88' lang='lat' dir='ltr'>nunc</span> <span class='ocrx_word' id='word_1_327' title='bbox 1240 1907 1315 1927; x_wconf 86' lang='lat' dir='ltr'>cum</span> 
     </span>
     <span class='ocr_line' id='line_1_60' title="bbox 747 1943 1314 1983; baseline 0.005 -12"><span class='ocrx_word' id='word_1_328' title='bbox 747 1943 964 1980; x_wconf 79' lang='lat' dir='ltr'>conjunctivo.</span> <span class='ocrx_word' id='word_1_329' title='bbox 975 1944 1029 1973; x_wconf 85' lang='lat' dir='ltr'>Est</span> <span class='ocrx_word' id='word_1_330' title='bbox 1041 1953 1115 1973; x_wconf 82' lang='lat' dir='ltr'>sane</span> <span class='ocrx_word' id='word_1_331' title='bbox 1124 1945 1213 1983; x_wconf 83' lang='lat' dir='ltr'>prior</span> <span class='ocrx_word' id='word_1_332' title='bbox 1223 1944 1314 1982; x_wconf 72' lang='lat' dir='ltr'>junc-</span> 
     </span>
     <span class='ocr_line' id='line_1_61' title="bbox 746 1989 1315 2030; baseline 0.005 -13"><span class='ocrx_word' id='word_1_333' title='bbox 746 1995 818 2018; x_wconf 87' lang='lat' dir='ltr'>tura</span> <span class='ocrx_word' id='word_1_334' title='bbox 836 1989 963 2018; x_wconf 77' lang='lat' dir='ltr'>Maroni</span> <span class='ocrx_word' id='word_1_335' title='bbox 983 1995 1151 2030; x_wconf 78' lang='lat' dir='ltr'>perpetua;</span> <span class='ocrx_word' id='word_1_336' title='bbox 1174 1991 1315 2021; x_wconf 83' lang='lat' dir='ltr'>occurrit</span> 
     </span>
     <span class='ocr_line' id='line_1_62' title="bbox 746 2035 1313 2075; baseline 0.009 -12"><span class='ocrx_word' id='word_1_337' title='bbox 746 2041 851 2064; x_wconf 87' lang='lat' dir='ltr'>tamen</span> <span class='ocrx_word' id='word_1_338' title='bbox 879 2045 1008 2075; x_wconf 89' lang='lat' dir='ltr'>quoque</span> <span class='ocrx_word' id='word_1_339' title='bbox 1040 2035 1135 2065; x_wconf 75' lang='lat' dir='ltr'>altera</span> <span class='ocrx_word' id='word_1_340' title='bbox 1161 2045 1170 2066; x_wconf 72' lang='grc' dir='ltr'><strong><em>ε</em></strong></span> <span class='ocrx_word' id='word_1_341' title='bbox 1194 2039 1241 2072; x_wconf 82' lang='lat' dir='ltr'>X,</span> <span class='ocrx_word' id='word_1_342' title='bbox 1271 2037 1313 2072; x_wconf 70' lang='grc'>54</span> 
     </span>
     <span class='ocr_line' id='line_1_63' title="bbox 748 2080 1313 2122; baseline 0.005 -13"><span class='ocrx_word' id='word_1_343' title='bbox 748 2091 868 2122; x_wconf 72' lang='lat' dir='ltr'>magna</span> <span class='ocrx_word' id='word_1_344' title='bbox 882 2080 1022 2117; x_wconf 78' lang='lat' dir='ltr'>dicione,</span> <span class='ocrx_word' id='word_1_345' title='bbox 1038 2081 1163 2121; x_wconf 79' lang='lat' dir='ltr'>jubeto,</span> <span class='ocrx_word' id='word_1_346' title='bbox 1182 2081 1313 2113; x_wconf 78' lang='lat' dir='ltr'>Cartha-</span> 
     </span>
     <span class='ocr_line' id='line_1_64' title="bbox 744 2127 1315 2168; baseline 0.005 -12"><span class='ocrx_word' id='word_1_347' title='bbox 744 2137 788 2168; x_wconf 75' lang='lat' dir='ltr'>go</span> <span class='ocrx_word' id='word_1_348' title='bbox 801 2135 928 2167; x_wconf 81' lang='lat' dir='ltr'>premat</span> <span class='ocrx_word' id='word_1_349' title='bbox 942 2127 1088 2164; x_wconf 63' lang='lat' dir='ltr'>Italiam</span> <span class='ocrx_word' id='word_1_350' title='bbox 1097 2128 1164 2159; x_wconf 85' lang='lat' dir='ltr'>Ecl.</span> <span class='ocrx_word' id='word_1_351' title='bbox 1174 2131 1216 2165; x_wconf 87' lang='lat' dir='ltr'>V,</span> <span class='ocrx_word' id='word_1_352' title='bbox 1231 2129 1270 2159; x_wconf 85' lang='lat'>15</span> <span class='ocrx_word' id='word_1_353' title='bbox 1282 2136 1315 2158; x_wconf 82' lang='lat' dir='ltr'>tu</span> 
     </span>
     <span class='ocr_line' id='line_1_65' title="bbox 750 2173 1313 2215; baseline 0 -12"><span class='ocrx_word' id='word_1_354' title='bbox 750 2173 866 2204; x_wconf 84' lang='lat' dir='ltr'>deinde</span> <span class='ocrx_word' id='word_1_355' title='bbox 886 2173 997 2215; x_wconf 81' lang='lat' dir='ltr'>jubeto</span> <span class='ocrx_word' id='word_1_356' title='bbox 1021 2181 1118 2206; x_wconf 76' lang='lat' dir='ltr'>certet</span> <span class='ocrx_word' id='word_1_357' title='bbox 1142 2177 1205 2205; x_wconf 89' lang='lat' dir='ltr'>Am</span> <span class='ocrx_word' id='word_1_358' title='bbox 1207 2182 1313 2213; x_wconf 66' lang='lat' dir='ltr'>sutas.</span> 
     </span>
    </p>
   </div>
  </div>
 </body>
</html>
