1414 2435
128 80 189 110 ¹90

621 70 815 100 AENEIDOS

122 129 180 163 Tu
199 126 312 176 pedes
333 125 381 162 ad
399 136 528 162 muros
544 123 721 172 subsiste,
741 134 779 163 et
797 126 936 164 moenia
954 139 1072 164 serva.
1095 144 1110 160 n

121 189 271 223 Turnus
290 185 339 222 ad
358 186 458 231 haec,
476 184 605 222 oculos
622 184 815 234 horrenda
831 187 871 223 in
891 187 1038 238 virgine
1057 189 1154 225 fixus
1173 203 1181 225 :

123 265 138 280 «
160 250 211 293 O,
231 247 344 284 decus
363 245 500 292 Italiae,
519 246 646 295 virg0‚
667 259 760 296 quas
780 247 906 285 dicere
925 249 1059 298 gratis,

123 311 272 354 Quasve
294 306 437 344 referre
456 308 609 356 parem?
630 306 696 344 sed
716 321 835 354 nunc,
853 318 909 346 est
927 310 1052 346 omnia
1071 309 1227 359 quando

120 372 195 405 Iste
215 367 360 405 animus
379 380 513 418 supra,
532 379 681 404 mecum
701 368 844 417 partire
863 368 1043 406 laborem.

1263 378 1312 402 510

119 431 271 475 AEneas,
292 436 334 465 ut
353 428 453 465 fama
473 428 586 465 fidem
604 427 784 477 missique
803 437 1000 478 reportant

118 489 403 538 ExploratoreS,
423 488 595 538 equitum
613 488 712 524 levia
728 487 914 538 inprobus
933 501 1037 526 arma

117 548 318 595 Praemisit,
339 555 539 598 quaterent
557 560 710 598 campos
730 562 739 584 :
757 548 838 599 ipse
856 548 975 585 ardua
993 549 1130 589 montis

117 612 186 645 Per
206 607 354 645 deserta
367 608 460 658 jugo
477 621 660 659 superans
680 607 859 645 adventat
878 608 926 645 ad
942 608 1088 646 urbem.

115 671 231 706 Furta
250 680 343 718 paro
361 668 452 705 belli
472 681 644 706 convexo
663 669 703 705 in
720 669 870 706 tramite
891 668 1014 715 silvae,

1261 677 1309 701 515

115 729 168 764 Ut
186 728 308 765 bivias
325 737 469 765 armato
486 728 659 765 obsidam
679 729 796 766 milite
816 729 955 766 fauces.

114 790 173 824 Tu
187 788 428 837 Tyrrhenum
446 788 612 838 equitem
631 789 787 826 conlatis
805 789 938 839 excipe
956 789 1090 838 signis;

114 849 256 884 Tecum
276 860 362 885 acer
381 850 578 898 Messapus
596 848 685 895 erit,
707 857 917 898 turmaeque
936 848 1100 895 Latinae,

115 985 216 1015 80.-
222 985 467 1023 507.Horrenda
480 984 607 1026 virgine
616 986 681 1015 Me-

112 1030 174 1062 dic.
187 1041 203 1061 a
216 1042 258 1062 m.
274 1042 322 1072 pr.
335 1041 342 1061 :
356 1031 440 1061 idem
450 1042 466 1061 a
476 1042 517 1061 m.
530 1030 677 1072 pnfixis,

112 1078 170 1107 etsi
196 1077 302 1107 oculos
330 1084 539 1117 praecesserat.
565 1078 681 1107 Oculos

101 1122 193 1166 fixos
206 1134 255 1164 pr.
267 1125 360 1153 Voss.
372 1130 402 1153 et
415 1134 464 1164 pr.
475 1125 591 1153 Moret.
607 1134 682 1153 cum

113 1171 238 1211 Hugen.
250 1191 258 1206 ‚
276 1168 363 1199 unde
379 1170 528 1199 Heinsius
551 1170 681 1207 conjicit

113 1215 259 1245 oculis....
276 1214 372 1257 fixis.
395 1215 456 1245 Sed
480 1222 606 1254 praestat
630 1225 679 1244 re-

112 1268 202 1302 cepta
218 1261 330 1297 lectio,
347 1261 452 1290 oculos
455 1260 549 1303 ficus
555 1272 568 1296 ;
584 1268 615 1290 et
630 1270 679 1290 er-

111 1317 221 1337 rorum
240 1317 356 1336 caussae
371 1308 444 1337 satis
458 1313 577 1347 patent.
593 1306 682 1337 Fixit

110 1352 208 1383 editio
219 1376 226 1390 ,
241 1363 304 1394 qua
325 1354 446 1384 Pierius
461 1353 609 1383 utebatur
622 1363 630 1384 :
646 1353 679 1383 h.

110 1410 138 1430 e.
157 1399 233 1430 Ald.
262 1410 311 1440 pr.
341 1399 393 1430 vel
416 1399 494 1436 alia,
513 1409 583 1439 quae
605 1399 680 1429 inde

108 1445 218 1484 fluxit,
232 1446 340 1486 sicque
353 1448 459 1486 Sprot.
474 1451 504 1475 et
517 1456 566 1486 pr.
585 1447 680 1475 Ham-

110 1492 200 1533 hurg.
216 1502 275 1532 pro
294 1502 359 1523 var.
374 1492 447 1523 lect.
464 1491 564 1522 Fixus
577 1502 681 1521 emen—

108 1537 218 1567 datum
241 1549 259 1567 a
279 1538 437 1578 Naugerio
455 1537 528 1567 Ald.
547 1544 616 1566 tert.
632 1554 678 1560 -—

109 1583 278 1614 Horrenda
293 1583 324 1612 in
344 1582 476 1624 virgine
485 1583 517 1613 h.
534 1583 556 1613 l.
578 1582 677 1612 admi-

108 1629 215 1660 randa.
227 1630 318 1665 Nam,
329 1639 400 1670 quae
413 1628 673 1664 admirationem,

105 1683 263 1716 stuporem
278 1697 286 1712 ‚
304 1674 463 1705 horrorem
485 1674 623 1711 faciunt,
637 1675 677 1704 ad

106 1722 188 1752 idem
211 1722 276 1752 fere
289 1732 388 1762 genus
404 1722 520 1751 referti.
530 1728 674 1762 possunt.

105 1770 155 1799 Sic
182 1767 342 1812 ἔκπαγλος
369 1769 500 1798 Homer.
523 1785 569 1791 ·—
596 1768 614 1798 5
624 1778 673 1798 ro.

109 1815 233 1845 Parti're
243 1838 251 1851 ,
274 1815 401 1856 respicit
428 1814 509 1845 illud
535 1814 675 1854 Solaque

110 1863 142 1892 T.
162 1873 192 1892 v.
209 1862 286 1898 504.
303 1863 341 1891 Iu
356 1861 417 1891 illis
433 1870 441 1892 ε
457 1861 589 1902 quando
603 1860 675 1890 ani-

105 1919 172 1938 mus
195 1916 242 1938 est
256 1919 350 1948 supra
373 1908 503 1943 omnia,
522 1908 676 1947 expressit

105 1955 336 1995 magnanimam
352 1964 359 1985 ε
380 1954 521 1995 adeoque
540 1955 597 1984 int.
622 1965 674 1984 su-

105 2011 158 2040 pra
185 2001 322 2041 pericula
334 2024 342 2038 ‚
368 2001 505 2031 fortunae
531 2011 618 2030 casus
645 2007 675 2030 et

104 2047 148 2075 sic
164 2058 276 2086 porro;
293 2058 359 2077 nou
377 2048 477 2078 aliter.

167 2094 184 2121 5
194 2103 203 2121 r
218 2104 242 2122 1.
283 2094 391 2124 Fidem
423 2094 582 2135 eleganter
613 2104 673 2134 pro

103 2139 228 2169 nuntio.
257 2141 333 2168 Nam
345 2162 352 2175 ,
367 2151 438 2180 qum
463 2142 671 2176 nuntiantur,

103 2183 197 2215 tidem
221 2185 292 2215 facti
312 2186 442 2217 faciunt.
454 2203 500 2210 -
513 2187 589 2217 512.
609 2188 673 2216 Im-

729 986 872 1026 probus,
905 986 1027 1026 accipio
1056 995 1116 1026 pro
1132 1007 1141 1022 ‚
1172 984 1274 1015 audax
1299 995 1307 1016 τ

734 1033 863 1072 proprie
874 1055 882 1069 ‚
897 1033 952 1072 qui
977 1033 1113 1061 nimium
1135 1030 1242 1061 audet.
1256 1033 1308 1062 Sic

734 1078 794 1108 alia
811 1089 905 1119 supra
921 1079 1047 1119 passim.
1061 1094 1109 1100 —-
1126 1077 1204 1108 513.
1223 1079 1309 1118 Qua-

735 1130 840 1153 terent
873 1134 1004 1163 campos
1018 1146 1028 1159 ‚
1069 1122 1109 1152 ad
1149 1124 1306 1153 incessum

735 1180 891 1210 equorum
906 1170 1017 1200 retem·
1029 1176 1166 1210 praestat.
1177 1171 1304 1200 Lucret.

732 1217 784 1251 11,
806 1216 872 1245 326
901 1215 1020 1256 equites
1047 1215 1230 1255 mediosque
1256 1225 1305 1245 re-

727 1268 827 1301 pente
851 1260 1082 1291 Transmittunt
1093 1260 1210 1291 valido
1227 1271 1305 1301 qua-

732 1307 845 1337 tientes
872 1307 988 1348 impete
1011 1317 1154 1348 campos.
1177 1307 1304 1338 servius

733 1353 772 1382 ad
783 1354 1057 1394 perturbationem
1073 1363 1231 1395 agrorum,
1244 1351 1306 1383 hoe

733 1406 779 1429 est
801 1401 991 1441 agrestium,
1016 1406 1155 1430 revocat.
1176 1415 1225 1423 ——·
1245 1400 1306 1429 Ar-

732 1446 798 1475 dua
818 1446 936 1476 montis
953 1446 1078 1476 deserta
1089 1457 1103 1483 ;
1119 1455 1244 1476 necesse
1258 1451 1305 1475 est

731 1498 888 1522 extremas
915 1492 1118 1522 Albanorum
1145 1491 1305 1521 montium

731 1544 835 1576 partes
849 1538 1021 1578 respexisse
1036 1537 1243 1578 poetam—5
1252 1542 1303 1573 14.

731 1584 893 1622 Super-ans
913 1589 1096 1613 revocatum
1123 1582 1164 1612 ab
1192 1583 1302 1615 Heius,

731 1639 748 1657 e
766 1629 886 1659 Medic.
902 1636 933 1659 et
951 1630 1063 1659 ceteris
1077 1629 1303 1669 prmtautiori-

731 1674 810 1712 bus;
827 1676 872 1705 sic
886 1682 917 1705 et
936 1682 1013 1705 vett.
1037 1674 1108 1706 edd.
1135 1675 1239 1705 Prima
1256 1681 1304 1705 est

730 1720 804 1751 edit.
822 1729 892 1752 tert.
911 1721 984 1751 Ald.
1000 1723 1034 1751 iu
1054 1731 1118 1762 qua
1139 1727 1301 1762 receptum

730 1767 824 1798 video
839 1778 1036 1808 properans,
1055 1767 1143 1809 quod
1162 1769 1256 1799 Rem.
1271 1775 1303 1798 et

730 1814 781 1844 alii
804 1816 939 1845 Pieriani
962 1814 1155 1845 exhibebant
1169 1822 1177 1844 :
1193 1814 1302 1854 sieque

730 1859 828 1891 Goth.
845 1867 916 1892 tert.
930 1860 1128 1901 Exquisitius
1142 1866 1245 1889 tamen
1261 1859 1302 1890 al·

730 1914 844 1938 terum.
863 1908 1000 1948 Superas
1017 1907 1097 1937 alter
1113 1906 1238 1947 Meuag.
1252 1905 1301 1945 ju-

725 1964 803 1995 gum
818 1964 972 1994 superans
985 1952 1064 1983 alter
1081 1951 1193 1983 Hamb.
1203 1974 1212 1987 .
1227 1962 1300 1993 quae

729 1999 885 2041 vulgaris,
913 2006 949 2029 ut
972 2000 1029 2029 inf.
1047 2009 1126 2029 vers.
1145 1998 1232 2038 906,
1252 2005 1299 2029 est

725 2051 899 2083 structura;
914 2045 969 2075 sed
981 2046 1170 2086 exquisitior
1181 2054 1188 2075 :
1196 2044 1278 2087 jugo
1288 2068 1297 2083 ,

725 2092 872 2132 superior
895 2091 1051 2127 evadens,
1073 2098 1222 2133 superato
1244 2092 1297 2130 ju-

725 2148 785 2179 go;
803 2137 888 2169 cous.
915 2149 984 2179 sup.
1002 2137 1039 2168 nd
1063 2137 1118 2168 lib.
1144 2139 1191 2174 11,
1219 2147 1297 2176 207.

725 2201 771 2208 -—-
787 2185 864 2215 515.
881 2186 996 2222 Furta,
1022 2183 1158 2216 solleuni
1181 2190 1291 2226 poeta-
