<?xml version="1.0" encoding="UTF-8"?>
<!DOCTYPE html PUBLIC "-//W3C//DTD XHTML 1.0 Transitional//EN"
    "http://www.w3.org/TR/xhtml1/DTD/xhtml1-transitional.dtd">
<html xmlns="http://www.w3.org/1999/xhtml" xml:lang="en" lang="en">
 <head>
  <title>
</title>
<meta http-equiv="Content-Type" content="text/html;charset=utf-8" />
  <meta name='ocr-system' content='tesseract 3.04.00' />
  <meta name='ocr-capabilities' content='ocr_page ocr_carea ocr_par ocr_line ocrx_word'/>
</head>
<body>
  <div class='ocr_page' id='page_1' title='image "./operahey04virguoft_0076.png"; bbox 0 0 1414 2435; ppageno 0'>
   <div class='ocr_carea' id='block_1_1' title="bbox 77 74 119 103">
    <p class='ocr_par' dir='ltr' id='par_1_1' title="bbox 77 74 119 103">
     <span class='ocr_line' id='line_1_1' title="bbox 77 74 119 103; baseline 0 0"><span class='ocrx_word' id='word_1_1' title='bbox 77 74 119 103; x_wconf 61' lang='lat'><strong>‘36</strong></span> 
     </span>
    </p>
   </div>
   <div class='ocr_carea' id='block_1_2' title="bbox 461 73 885 107">
    <p class='ocr_par' dir='ltr' id='par_1_2' title="bbox 461 73 885 107">
     <span class='ocr_line' id='line_1_2' title="bbox 461 73 885 107; baseline 0.009 -4"><span class='ocrx_word' id='word_1_2' title='bbox 461 73 655 106; x_wconf 81' lang='lat' dir='ltr'>AENEIDOS</span> <span class='ocrx_word' id='word_1_3' title='bbox 679 76 801 107; x_wconf 87' lang='lat' dir='ltr'>LIBER</span> <span class='ocrx_word' id='word_1_4' title='bbox 825 75 885 107; x_wconf 77' lang='lat' dir='ltr'><strong>IX.</strong></span> 
     </span>
    </p>
   </div>
   <div class='ocr_carea' id='block_1_3' title="bbox 74 127 1049 288">
    <p class='ocr_par' dir='ltr' id='par_1_3' title="bbox 74 127 1049 288">
     <span class='ocr_line' id='line_1_3' title="bbox 74 127 1000 182; baseline 0.003 -16"><span class='ocrx_word' id='word_1_5' title='bbox 74 133 119 166; x_wconf 91' lang='lat' dir='ltr'><strong>In</strong></span> <span class='ocrx_word' id='word_1_6' title='bbox 138 129 295 166; x_wconf 82' lang='lat' dir='ltr'><strong>fluvium</strong></span> <span class='ocrx_word' id='word_1_7' title='bbox 316 127 430 166; x_wconf 86' lang='lat' dir='ltr'><strong>dedit.</strong></span> <span class='ocrx_word' id='word_1_8' title='bbox 454 130 522 167; x_wconf 88' lang='lat' dir='ltr'><strong>Ille</strong></span> <span class='ocrx_word' id='word_1_9' title='bbox 541 143 610 167; x_wconf 92' lang='lat' dir='ltr'><strong>suo</strong></span> <span class='ocrx_word' id='word_1_10' title='bbox 630 144 716 168; x_wconf 90' lang='lat' dir='ltr'><strong>curn</strong></span> <span class='ocrx_word' id='word_1_11' title='bbox 735 134 882 182; x_wconf 83' lang='lat' dir='ltr'><strong>gurgite</strong></span> <span class='ocrx_word' id='word_1_12' title='bbox 902 132 1000 169; x_wconf 77' lang='lat' dir='ltr'><strong>flavo</strong></span> 
     </span>
     <span class='ocr_line' id='line_1_4' title="bbox 75 188 1049 239; baseline 0.003 -13"><span class='ocrx_word' id='word_1_13' title='bbox 75 189 237 239; x_wconf 86' lang='lat' dir='ltr'><strong>Adcepit</strong></span> <span class='ocrx_word' id='word_1_14' title='bbox 256 188 488 237; x_wconf 73' lang='lat' dir='ltr'><strong>venientem,</strong></span> <span class='ocrx_word' id='word_1_15' title='bbox 509 202 552 226; x_wconf 87' lang='lat' dir='ltr'><strong>ac</strong></span> <span class='ocrx_word' id='word_1_16' title='bbox 572 190 748 228; x_wconf 85' lang='lat' dir='ltr'><strong>mollibus</strong></span> <span class='ocrx_word' id='word_1_17' title='bbox 768 192 902 229; x_wconf 84' lang='lat' dir='ltr'><strong>extulit</strong></span> <span class='ocrx_word' id='word_1_18' title='bbox 922 192 1049 237; x_wconf 84' lang='lat' dir='ltr'><strong>undis,</strong></span> 
     </span>
     <span class='ocr_line' id='line_1_5' title="bbox 76 247 834 288; baseline 0.007 -5"><span class='ocrx_word' id='word_1_19' title='bbox 76 249 122 284; x_wconf 88' lang='lat' dir='ltr'><strong>Et</strong></span> <span class='ocrx_word' id='word_1_20' title='bbox 141 248 266 284; x_wconf 84' lang='lat' dir='ltr'><strong>laetum</strong></span> <span class='ocrx_word' id='word_1_21' title='bbox 283 247 394 284; x_wconf 90' lang='lat' dir='ltr'><strong>sociis</strong></span> <span class='ocrx_word' id='word_1_22' title='bbox 413 247 542 286; x_wconf 81' lang='lat' dir='ltr'><strong>abluta</strong></span> <span class='ocrx_word' id='word_1_23' title='bbox 561 250 663 287; x_wconf 87' lang='lat' dir='ltr'><strong>caede</strong></span> <span class='ocrx_word' id='word_1_24' title='bbox 678 251 834 288; x_wconf 84' lang='lat' dir='ltr'><strong>remisit.</strong></span> 
     </span>
    </p>
   </div>
   <div class='ocr_carea' id='block_1_4' title="bbox 72 373 647 964">
    <p class='ocr_par' dir='ltr' id='par_1_4' title="bbox 72 373 647 964">
     <span class='ocr_line' id='line_1_6' title="bbox 75 373 645 415; baseline 0.007 -15"><span class='ocrx_word' id='word_1_25' title='bbox 75 382 155 401; x_wconf 67' lang='grc' dir='ltr'>νει-5.</span> <span class='ocrx_word' id='word_1_26' title='bbox 173 382 250 411; x_wconf 83' lang='lat'><strong>790.</strong></span> <span class='ocrx_word' id='word_1_27' title='bbox 261 389 306 395; x_wconf 90' lang='lat'><em>—</em></span> <span class='ocrx_word' id='word_1_28' title='bbox 322 373 399 404; x_wconf 82' lang='lat'>816.</span> <span class='ocrx_word' id='word_1_29' title='bbox 414 374 476 403; x_wconf 76' lang='lat' dir='ltr'><strong>Suo</strong></span> <span class='ocrx_word' id='word_1_30' title='bbox 488 384 559 404; x_wconf 83' lang='lat' dir='ltr'><strong>cum</strong></span> <span class='ocrx_word' id='word_1_31' title='bbox 569 385 645 415; x_wconf 79' lang='lat' dir='ltr'><strong>gnr-</strong></span> 
     </span>
     <span class='ocr_line' id='line_1_7' title="bbox 72 417 644 460; baseline 0.005 -14"><span class='ocrx_word' id='word_1_32' title='bbox 72 417 140 458; x_wconf 65' lang='lat' dir='ltr'><strong>31&#39;ce</strong></span> <span class='ocrx_word' id='word_1_33' title='bbox 158 425 214 447; x_wconf 83' lang='lat' dir='ltr'><strong>aut</strong></span> <span class='ocrx_word' id='word_1_34' title='bbox 229 424 264 448; x_wconf 88' lang='lat' dir='ltr'><strong>ut</strong></span> <span class='ocrx_word' id='word_1_35' title='bbox 277 426 367 449; x_wconf 88' lang='lat' dir='ltr'><strong>vacet</strong></span> <span class='ocrx_word' id='word_1_36' title='bbox 382 430 470 455; x_wconf 81' lang='lat' dir='ltr'><strong>cnm,</strong></span> <span class='ocrx_word' id='word_1_37' title='bbox 497 427 532 450; x_wconf 90' lang='lat' dir='ltr'><strong>ut</strong></span> <span class='ocrx_word' id='word_1_38' title='bbox 547 430 644 460; x_wconf 84' lang='lat' dir='ltr'><strong>saepe,</strong></span> 
     </span>
     <span class='ocr_line' id='line_1_8' title="bbox 75 465 646 504; baseline 0.005 -12"><span class='ocrx_word' id='word_1_39' title='bbox 75 470 131 492; x_wconf 83' lang='lat' dir='ltr'><strong>aut</strong></span> <span class='ocrx_word' id='word_1_40' title='bbox 145 470 180 493; x_wconf 90' lang='lat' dir='ltr'><strong>ut</strong></span> <span class='ocrx_word' id='word_1_41' title='bbox 194 465 337 504; x_wconf 84' lang='lat' dir='ltr'><strong>capiatur</strong></span> <span class='ocrx_word' id='word_1_42' title='bbox 353 476 387 495; x_wconf 77' lang='lat' dir='ltr'><strong>ac</strong></span> <span class='ocrx_word' id='word_1_43' title='bbox 399 466 426 495; x_wconf 91' lang='lat' dir='ltr'><strong>si</strong></span> <span class='ocrx_word' id='word_1_44' title='bbox 441 473 521 495; x_wconf 85' lang='lat' dir='ltr'><strong>esset</strong></span> <span class='ocrx_word' id='word_1_45' title='bbox 535 465 580 496; x_wconf 87' lang='lat' dir='ltr'><strong>in.</strong></span> <span class='ocrx_word' id='word_1_46' title='bbox 595 467 646 496; x_wconf 86' lang='lat' dir='ltr'><strong>Sic</strong></span> 
     </span>
     <span class='ocr_line' id='line_1_9' title="bbox 75 507 644 552; baseline 0.005 -14"><span class='ocrx_word' id='word_1_47' title='bbox 75 507 127 539; x_wconf 73' lang='grc' dir='ltr'><strong>σὺν</strong></span> <span class='ocrx_word' id='word_1_48' title='bbox 143 520 202 549; x_wconf 90' lang='lat' dir='ltr'><strong>pro</strong></span> <span class='ocrx_word' id='word_1_49' title='bbox 219 509 260 541; x_wconf 84' lang='grc' dir='ltr'><strong>ἐν.</strong></span> <span class='ocrx_word' id='word_1_50' title='bbox 283 511 366 541; x_wconf 84' lang='lat' dir='ltr'><strong>Usus</strong></span> <span class='ocrx_word' id='word_1_51' title='bbox 381 511 501 552; x_wconf 89' lang='lat' dir='ltr'><strong>ubique</strong></span> <span class='ocrx_word' id='word_1_52' title='bbox 520 511 644 542; x_wconf 85' lang='lat' dir='ltr'><strong>obvius.</strong></span> 
     </span>
     <span class='ocr_line' id='line_1_10' title="bbox 75 556 646 594; baseline 0.005 -10"><span class='ocrx_word' id='word_1_53' title='bbox 75 573 122 578; x_wconf 98' lang='lat'>—</span> <span class='ocrx_word' id='word_1_54' title='bbox 145 556 223 594; x_wconf 87' lang='lat'>817,</span> <span class='ocrx_word' id='word_1_55' title='bbox 253 557 330 588; x_wconf 81' lang='lat'><strong>818.</strong></span> <span class='ocrx_word' id='word_1_56' title='bbox 358 557 483 588; x_wconf 78' lang='lat' dir='ltr'><strong>Scilicet</strong></span> <span class='ocrx_word' id='word_1_57' title='bbox 505 557 646 588; x_wconf 87' lang='lat' dir='ltr'><strong>secundo</strong></span> 
     </span>
     <span class='ocr_line' id='line_1_11' title="bbox 74 601 647 643; baseline 0.005 -12"><span class='ocrx_word' id='word_1_58' title='bbox 74 601 223 640; x_wconf 87' lang='lat' dir='ltr'><strong>flumine,</strong></span> <span class='ocrx_word' id='word_1_59' title='bbox 242 613 342 643; x_wconf 79' lang='lat' dir='ltr'><strong>parvo</strong></span> <span class='ocrx_word' id='word_1_60' title='bbox 359 604 545 642; x_wconf 84' lang='lat' dir='ltr'><strong>intervallo,</strong></span> <span class='ocrx_word' id='word_1_61' title='bbox 564 603 647 634; x_wconf 87' lang='lat' dir='ltr'><strong>dela-</strong></span> 
     </span>
     <span class='ocr_line' id='line_1_12' title="bbox 75 649 644 690; baseline 0.007 -13"><span class='ocrx_word' id='word_1_62' title='bbox 75 655 125 678; x_wconf 86' lang='lat' dir='ltr'><strong>tus</strong></span> <span class='ocrx_word' id='word_1_63' title='bbox 156 649 195 678; x_wconf 83' lang='lat' dir='ltr'><strong>ad</strong></span> <span class='ocrx_word' id='word_1_64' title='bbox 223 659 298 679; x_wconf 87' lang='lat' dir='ltr'><strong>suos</strong></span> <span class='ocrx_word' id='word_1_65' title='bbox 328 650 495 690; x_wconf 82' lang='lat' dir='ltr'><strong>pervenire</strong></span> <span class='ocrx_word' id='word_1_66' title='bbox 522 650 644 681; x_wconf 87' lang='lat' dir='ltr'><strong>debuit.</strong></span> 
     </span>
     <span class='ocr_line' id='line_1_13' title="bbox 73 694 646 736; baseline 0.005 -13"><span class='ocrx_word' id='word_1_67' title='bbox 73 694 226 724; x_wconf 78' lang='lat' dir='ltr'><strong>Mollibus</strong></span> <span class='ocrx_word' id='word_1_68' title='bbox 257 705 373 725; x_wconf 84' lang='lat' dir='ltr'><strong>ornans</strong></span> <span class='ocrx_word' id='word_1_69' title='bbox 401 696 566 736; x_wconf 83' lang='lat' dir='ltr'><strong>epitheton</strong></span> <span class='ocrx_word' id='word_1_70' title='bbox 576 718 585 733; x_wconf 89' lang='lat'>‚</span> <span class='ocrx_word' id='word_1_71' title='bbox 614 703 646 726; x_wconf 87' lang='lat' dir='ltr'><strong>et</strong></span> 
     </span>
     <span class='ocr_line' id='line_1_14' title="bbox 73 740 643 781; baseline 0.005 -12"><span class='ocrx_word' id='word_1_72' title='bbox 73 740 259 780; x_wconf 85' lang='lat' dir='ltr'><strong>simpliciter</strong></span> <span class='ocrx_word' id='word_1_73' title='bbox 271 749 416 771; x_wconf 85' lang='lat' dir='ltr'><strong>naturam</strong></span> <span class='ocrx_word' id='word_1_74' title='bbox 431 752 521 781; x_wconf 74' lang='lat' dir='ltr'><strong>aquae</strong></span> <span class='ocrx_word' id='word_1_75' title='bbox 536 741 643 772; x_wconf 85' lang='lat' dir='ltr'><strong>refert.</strong></span> 
     </span>
     <span class='ocr_line' id='line_1_15' title="bbox 73 786 646 822; baseline 0.003 -7"><span class='ocrx_word' id='word_1_76' title='bbox 73 802 120 809; x_wconf 89' lang='lat'><strong>—-</strong></span> <span class='ocrx_word' id='word_1_77' title='bbox 131 786 148 815; x_wconf 90' lang='lat'><em>8</em></span> <span class='ocrx_word' id='word_1_78' title='bbox 157 797 169 815; x_wconf 91' lang='lat'>1</span> <span class='ocrx_word' id='word_1_79' title='bbox 178 787 208 816; x_wconf 92' lang='lat'><strong>8.</strong></span> <span class='ocrx_word' id='word_1_80' title='bbox 226 786 348 816; x_wconf 73' lang='lat' dir='ltr'><strong>Ablata</strong></span> <span class='ocrx_word' id='word_1_81' title='bbox 360 787 448 817; x_wconf 81' lang='lat' dir='ltr'><strong>caede</strong></span> <span class='ocrx_word' id='word_1_82' title='bbox 457 799 469 822; x_wconf 89' lang='lat'><strong>‚·</strong></span> <span class='ocrx_word' id='word_1_83' title='bbox 482 798 646 817; x_wconf 83' lang='lat' dir='ltr'><strong>ornamen-</strong></span> 
     </span>
     <span class='ocr_line' id='line_1_16' title="bbox 72 832 643 874; baseline 0.004 -13"><span class='ocrx_word' id='word_1_84' title='bbox 72 839 142 861; x_wconf 85' lang='lat' dir='ltr'><strong>tum</strong></span> <span class='ocrx_word' id='word_1_85' title='bbox 165 843 206 862; x_wconf 80' lang='lat' dir='ltr'><strong>ex</strong></span> <span class='ocrx_word' id='word_1_86' title='bbox 228 832 385 870; x_wconf 85' lang='lat' dir='ltr'><strong>adjunctis</strong></span> <span class='ocrx_word' id='word_1_87' title='bbox 407 840 567 874; x_wconf 87' lang='lat' dir='ltr'><strong>arreptum</strong></span> <span class='ocrx_word' id='word_1_88' title='bbox 582 841 643 871; x_wconf 90' lang='lat' dir='ltr'><strong>est;</strong></span> 
     </span>
     <span class='ocr_line' id='line_1_17' title="bbox 72 878 645 919; baseline 0.005 -12"><span class='ocrx_word' id='word_1_89' title='bbox 72 878 154 908; x_wconf 87' lang='lat' dir='ltr'><strong>nihil</strong></span> <span class='ocrx_word' id='word_1_90' title='bbox 179 878 314 919; x_wconf 87' lang='lat' dir='ltr'><strong>amplius</strong></span> <span class='ocrx_word' id='word_1_91' title='bbox 334 888 342 909; x_wconf 89' lang='lat'>:</span> <span class='ocrx_word' id='word_1_92' title='bbox 361 879 448 909; x_wconf 75' lang='lat' dir='ltr'><strong>coede</strong></span> <span class='ocrx_word' id='word_1_93' title='bbox 473 879 506 910; x_wconf 85' lang='lat' dir='ltr'><strong>h.</strong></span> <span class='ocrx_word' id='word_1_94' title='bbox 528 890 555 911; x_wconf 87' lang='lat' dir='ltr'><strong>e.</strong></span> <span class='ocrx_word' id='word_1_95' title='bbox 575 890 645 910; x_wconf 84' lang='lat' dir='ltr'><strong>san-</strong></span> 
     </span>
     <span class='ocr_line' id='line_1_18' title="bbox 72 925 180 964; baseline 0.019 -11"><span class='ocrx_word' id='word_1_96' title='bbox 72 925 180 964; x_wconf 86' lang='lat' dir='ltr'><strong>guiue.</strong></span> 
     </span>
    </p>
   </div>
   <div class='ocr_carea' id='block_1_5' title="bbox 288 1004 440 1014">
    <p class='ocr_par' dir='ltr' id='par_1_5' title="bbox 288 1004 440 1014">
     <span class='ocr_line' id='line_1_19' title="bbox 288 1004 440 1014; baseline 0 1421"><span class='ocrx_word' id='word_1_97' title='bbox 288 1004 440 1014; x_wconf 95' lang='lat' dir='ltr'><strong> </strong></span> 
     </span>
    </p>
   </div>
   <div class='ocr_carea' id='block_1_6' title="bbox 57 1066 645 1893">
    <p class='ocr_par' dir='ltr' id='par_1_6' title="bbox 57 1066 645 1893">
     <span class='ocr_line' id='line_1_20' title="bbox 117 1066 644 1108; baseline 0.002 -12"><span class='ocrx_word' id='word_1_98' title='bbox 117 1066 214 1107; x_wconf 85' lang='lat' dir='ltr'><strong>Quod</strong></span> <span class='ocrx_word' id='word_1_99' title='bbox 244 1067 311 1107; x_wconf 88' lang='lat' dir='ltr'><strong>ipsa</strong></span> <span class='ocrx_word' id='word_1_100' title='bbox 336 1077 386 1097; x_wconf 87' lang='lat' dir='ltr'><strong>res</strong></span> <span class='ocrx_word' id='word_1_101' title='bbox 413 1074 444 1097; x_wconf 89' lang='lat' dir='ltr'><strong>et</strong></span> <span class='ocrx_word' id='word_1_102' title='bbox 474 1067 644 1108; x_wconf 80' lang='lat' dir='ltr'><strong>prudentia</strong></span> 
     </span>
     <span class='ocr_line' id='line_1_21' title="bbox 70 1112 645 1154; baseline 0.003 -12"><span class='ocrx_word' id='word_1_103' title='bbox 70 1113 201 1143; x_wconf 86' lang='lat' dir='ltr'><strong>suadere</strong></span> <span class='ocrx_word' id='word_1_104' title='bbox 211 1112 341 1150; x_wconf 88' lang='lat' dir='ltr'><strong>debuit,</strong></span> <span class='ocrx_word' id='word_1_105' title='bbox 357 1120 393 1143; x_wconf 86' lang='lat' dir='ltr'><strong>ut</strong></span> <span class='ocrx_word' id='word_1_106' title='bbox 405 1124 462 1154; x_wconf 91' lang='lat' dir='ltr'><strong>per</strong></span> <span class='ocrx_word' id='word_1_107' title='bbox 472 1116 577 1144; x_wconf 86' lang='lat' dir='ltr'><strong>AEneae</strong></span> <span class='ocrx_word' id='word_1_108' title='bbox 590 1114 645 1143; x_wconf 89' lang='lat' dir='ltr'><strong>ab·</strong></span> 
     </span>
     <span class='ocr_line' id='line_1_22' title="bbox 68 1159 642 1201; baseline 0.002 -13"><span class='ocrx_word' id='word_1_109' title='bbox 68 1160 203 1188; x_wconf 87' lang='lat' dir='ltr'><strong>sentiam</strong></span> <span class='ocrx_word' id='word_1_110' title='bbox 220 1159 324 1189; x_wconf 80' lang='lat' dir='ltr'><strong>Latini</strong></span> <span class='ocrx_word' id='word_1_111' title='bbox 342 1165 374 1188; x_wconf 90' lang='lat' dir='ltr'><strong>et</strong></span> <span class='ocrx_word' id='word_1_112' title='bbox 389 1159 501 1190; x_wconf 79' lang='lat' dir='ltr'><strong>Rutuli</strong></span> <span class='ocrx_word' id='word_1_113' title='bbox 518 1171 642 1201; x_wconf 85' lang='lat' dir='ltr'><strong>oppug-</strong></span> 
     </span>
     <span class='ocr_line' id='line_1_23' title="bbox 66 1205 638 1243; baseline 0.002 -9"><span class='ocrx_word' id='word_1_114' title='bbox 66 1212 181 1234; x_wconf 86' lang='lat' dir='ltr'><strong>narent</strong></span> <span class='ocrx_word' id='word_1_115' title='bbox 191 1205 310 1234; x_wconf 79' lang='lat' dir='ltr'><strong>vallum</strong></span> <span class='ocrx_word' id='word_1_116' title='bbox 319 1205 532 1243; x_wconf 81' lang='lat' dir='ltr'><strong>Trojanorum</strong></span> <span class='ocrx_word' id='word_1_117' title='bbox 540 1228 548 1242; x_wconf 93' lang='lat'>‚</span> <span class='ocrx_word' id='word_1_118' title='bbox 559 1206 620 1235; x_wconf 91' lang='lat' dir='ltr'><strong>hoc</strong></span> <span class='ocrx_word' id='word_1_119' title='bbox 630 1228 638 1242; x_wconf 91' lang='lat'>‚</span> 
     </span>
     <span class='ocr_line' id='line_1_24' title="bbox 65 1250 640 1291; baseline 0.003 -11"><span class='ocrx_word' id='word_1_120' title='bbox 65 1251 157 1291; x_wconf 88' lang='lat' dir='ltr'><strong>epico</strong></span> <span class='ocrx_word' id='word_1_121' title='bbox 173 1261 260 1280; x_wconf 86' lang='lat' dir='ltr'><strong>more</strong></span> <span class='ocrx_word' id='word_1_122' title='bbox 270 1273 279 1288; x_wconf 94' lang='lat'>,</span> <span class='ocrx_word' id='word_1_123' title='bbox 294 1250 360 1280; x_wconf 86' lang='lat' dir='ltr'><strong>deae</strong></span> <span class='ocrx_word' id='word_1_124' title='bbox 373 1250 466 1280; x_wconf 88' lang='lat' dir='ltr'><strong>Iridis</strong></span> <span class='ocrx_word' id='word_1_125' title='bbox 479 1261 495 1280; x_wconf 87' lang='lat' dir='ltr'>a</span> <span class='ocrx_word' id='word_1_126' title='bbox 510 1253 530 1281; x_wconf 95' lang='lat' dir='ltr'>J</span> <span class='ocrx_word' id='word_1_127' title='bbox 533 1262 640 1282; x_wconf 89' lang='lat' dir='ltr'><strong>unone</strong></span> 
     </span>
     <span class='ocr_line' id='line_1_25' title="bbox 64 1296 640 1327; baseline 0.002 -1"><span class='ocrx_word' id='word_1_128' title='bbox 64 1298 166 1326; x_wconf 85' lang='lat' dir='ltr'><strong>missae</strong></span> <span class='ocrx_word' id='word_1_129' title='bbox 181 1298 304 1327; x_wconf 84' lang='lat' dir='ltr'><strong>monito</strong></span> <span class='ocrx_word' id='word_1_130' title='bbox 317 1296 472 1326; x_wconf 88' lang='lat' dir='ltr'><strong>tribuitur</strong></span> <span class='ocrx_word' id='word_1_131' title='bbox 485 1306 492 1326; x_wconf 93' lang='lat'><strong>:</strong></span> <span class='ocrx_word' id='word_1_132' title='bbox 508 1298 640 1327; x_wconf 86' lang='lat' dir='ltr'><strong>Homeri</strong></span> 
     </span>
     <span class='ocr_line' id='line_1_26' title="bbox 63 1342 637 1383; baseline 0.003 -11"><span class='ocrx_word' id='word_1_133' title='bbox 63 1343 229 1383; x_wconf 84' lang='lat' dir='ltr'><strong>exemplo,</strong></span> <span class='ocrx_word' id='word_1_134' title='bbox 242 1354 273 1373; x_wconf 94' lang='lat' dir='ltr'><strong>v.</strong></span> <span class='ocrx_word' id='word_1_135' title='bbox 290 1353 318 1373; x_wconf 86' lang='lat' dir='ltr'><strong>c.</strong></span> <span class='ocrx_word' id='word_1_136' title='bbox 334 1342 423 1374; x_wconf 82' lang='lat' dir='ltr'><strong>Iliad.</strong></span> <span class='ocrx_word' id='word_1_137' title='bbox 438 1353 475 1380; x_wconf 88' lang='grc' dir='ltr'><strong>σ,</strong></span> <span class='ocrx_word' id='word_1_138' title='bbox 496 1343 558 1372; x_wconf 86' lang='lat'><strong>166</strong></span> <span class='ocrx_word' id='word_1_139' title='bbox 576 1350 637 1375; x_wconf 89' lang='lat' dir='ltr'><strong>etc.</strong></span> 
     </span>
     <span class='ocr_line' id='line_1_27' title="bbox 63 1387 634 1430; baseline 0.004 -12"><span class='ocrx_word' id='word_1_140' title='bbox 63 1389 115 1419; x_wconf 86' lang='lat' dir='ltr'><strong>Ad</strong></span> <span class='ocrx_word' id='word_1_141' title='bbox 140 1395 242 1429; x_wconf 86' lang='lat' dir='ltr'><strong>poetae</strong></span> <span class='ocrx_word' id='word_1_142' title='bbox 266 1387 438 1418; x_wconf 86' lang='lat' dir='ltr'><strong>artificium</strong></span> <span class='ocrx_word' id='word_1_143' title='bbox 462 1400 634 1430; x_wconf 81' lang='lat' dir='ltr'><strong>agnoscen-</strong></span> 
     </span>
     <span class='ocr_line' id='line_1_28' title="bbox 63 1434 634 1466; baseline 0.004 -2"><span class='ocrx_word' id='word_1_144' title='bbox 63 1435 139 1464; x_wconf 87' lang='lat' dir='ltr'><strong>dum</strong></span> <span class='ocrx_word' id='word_1_145' title='bbox 154 1436 255 1465; x_wconf 88' lang='lat' dir='ltr'><strong>Servii</strong></span> <span class='ocrx_word' id='word_1_146' title='bbox 270 1442 344 1465; x_wconf 86' lang='lat' dir='ltr'><strong>uota</strong></span> <span class='ocrx_word' id='word_1_147' title='bbox 360 1435 450 1466; x_wconf 84' lang='lat' dir='ltr'><strong>facit:</strong></span> <span class='ocrx_word' id='word_1_148' title='bbox 465 1437 505 1465; x_wconf 83' lang='lat' dir='ltr'><strong>In</strong></span> <span class='ocrx_word' id='word_1_149' title='bbox 521 1434 581 1465; x_wconf 79' lang='lat' dir='ltr'><strong>lzoc</strong></span> <span class='ocrx_word' id='word_1_150' title='bbox 593 1435 634 1466; x_wconf 81' lang='lat' dir='ltr'><strong>li-</strong></span> 
     </span>
     <span class='ocr_line' id='line_1_29' title="bbox 62 1480 633 1519; baseline 0.002 -9"><span class='ocrx_word' id='word_1_151' title='bbox 62 1480 117 1511; x_wconf 87' lang='lat' dir='ltr'><strong>bro</strong></span> <span class='ocrx_word' id='word_1_152' title='bbox 137 1480 272 1511; x_wconf 75' lang='lat' dir='ltr'><strong>mutacio</strong></span> <span class='ocrx_word' id='word_1_153' title='bbox 288 1488 336 1511; x_wconf 82' lang='lat' dir='ltr'><strong>ese</strong></span> <span class='ocrx_word' id='word_1_154' title='bbox 346 1480 489 1511; x_wconf 77' lang='lat' dir='ltr'><strong>omnium</strong></span> <span class='ocrx_word' id='word_1_155' title='bbox 506 1492 609 1511; x_wconf 82' lang='lat' dir='ltr'><strong>rerum</strong></span> <span class='ocrx_word' id='word_1_156' title='bbox 618 1494 633 1519; x_wconf 89' lang='lat'><em>;</em></span> 
     </span>
     <span class='ocr_line' id='line_1_30' title="bbox 63 1526 633 1567; baseline 0.004 -12"><span class='ocrx_word' id='word_1_157' title='bbox 63 1537 141 1557; x_wconf 83' lang='lat' dir='ltr'><strong>nam</strong></span> <span class='ocrx_word' id='word_1_158' title='bbox 151 1535 184 1557; x_wconf 85' lang='lat' dir='ltr'><strong>ec</strong></span> <span class='ocrx_word' id='word_1_159' title='bbox 197 1526 272 1557; x_wconf 82' lang='lat' dir='ltr'><strong>aliae</strong></span> <span class='ocrx_word' id='word_1_160' title='bbox 278 1537 427 1567; x_wconf 63' lang='lat' dir='ltr'><strong>personne</strong></span> <span class='ocrx_word' id='word_1_161' title='bbox 436 1535 468 1557; x_wconf 79' lang='lat' dir='ltr'><strong>et</strong></span> <span class='ocrx_word' id='word_1_162' title='bbox 478 1528 551 1558; x_wconf 84' lang='lat' dir='ltr'><em>loca</em></span> <span class='ocrx_word' id='word_1_163' title='bbox 564 1527 633 1557; x_wconf 83' lang='lat' dir='ltr'><strong>alia</strong></span> 
     </span>
     <span class='ocr_line' id='line_1_31' title="bbox 60 1572 633 1615; baseline 0 -13"><span class='ocrx_word' id='word_1_164' title='bbox 60 1580 151 1608; x_wconf 81' lang='lat' dir='ltr'><strong>sune,</strong></span> <span class='ocrx_word' id='word_1_165' title='bbox 170 1580 202 1602; x_wconf 81' lang='lat' dir='ltr'><strong>ec</strong></span> <span class='ocrx_word' id='word_1_166' title='bbox 223 1572 318 1602; x_wconf 78' lang='lat' dir='ltr'><strong>aliud</strong></span> <span class='ocrx_word' id='word_1_167' title='bbox 337 1573 497 1615; x_wconf 78' lang='lat' dir='ltr'><strong>negocium</strong></span> <span class='ocrx_word' id='word_1_168' title='bbox 521 1573 633 1613; x_wconf 76' lang='lat' dir='ltr'><strong>incipi—</strong></span> 
     </span>
     <span class='ocr_line' id='line_1_32' title="bbox 61 1618 634 1649; baseline 0.002 -1"><span class='ocrx_word' id='word_1_169' title='bbox 61 1627 119 1649; x_wconf 78' lang='lat' dir='ltr'><strong>tur.</strong></span> <span class='ocrx_word' id='word_1_170' title='bbox 138 1618 188 1648; x_wconf 76' lang='lat' dir='ltr'><strong>Ab</strong></span> <span class='ocrx_word' id='word_1_171' title='bbox 207 1619 316 1649; x_wconf 79' lang='lat' dir='ltr'><strong>AEnea</strong></span> <span class='ocrx_word' id='word_1_172' title='bbox 334 1619 419 1649; x_wconf 78' lang='lat' dir='ltr'><strong>enim</strong></span> <span class='ocrx_word' id='word_1_173' title='bbox 447 1619 563 1649; x_wconf 75' lang='lat' dir='ltr'><strong>transit</strong></span> <span class='ocrx_word' id='word_1_174' title='bbox 586 1620 634 1649; x_wconf 83' lang='lat' dir='ltr'><strong>ad</strong></span> 
     </span>
     <span class='ocr_line' id='line_1_33' title="bbox 62 1665 629 1702; baseline 0 -7"><span class='ocrx_word' id='word_1_175' title='bbox 62 1667 201 1695; x_wconf 77' lang='lat' dir='ltr'><strong>Turnum</strong></span> <span class='ocrx_word' id='word_1_176' title='bbox 212 1687 222 1700; x_wconf 89' lang='lat'><strong><em>,</em></strong></span> <span class='ocrx_word' id='word_1_177' title='bbox 238 1675 259 1694; x_wconf 84' lang='lat' dir='ltr'><em>a</em></span> <span class='ocrx_word' id='word_1_178' title='bbox 277 1665 389 1695; x_wconf 80' lang='lat' dir='ltr'><em>Tuscia</em></span> <span class='ocrx_word' id='word_1_179' title='bbox 405 1665 452 1695; x_wconf 86' lang='lat' dir='ltr'><strong>ad</strong></span> <span class='ocrx_word' id='word_1_180' title='bbox 463 1665 605 1695; x_wconf 83' lang='lat' dir='ltr'><strong>Ardeam</strong></span> <span class='ocrx_word' id='word_1_181' title='bbox 617 1677 629 1702; x_wconf 76' lang='lat'><strong>‚-</strong></span> 
     </span>
     <span class='ocr_line' id='line_1_34' title="bbox 59 1710 628 1752; baseline 0.004 -13"><span class='ocrx_word' id='word_1_182' title='bbox 59 1722 80 1740; x_wconf 87' lang='lat' dir='ltr'><em>a</em></span> <span class='ocrx_word' id='word_1_183' title='bbox 93 1710 248 1752; x_wconf 77' lang='lat' dir='ltr'><strong>peticione</strong></span> <span class='ocrx_word' id='word_1_184' title='bbox 267 1711 477 1748; x_wconf 75' lang='lat' dir='ltr'><strong>auxiliorum,</strong></span> <span class='ocrx_word' id='word_1_185' title='bbox 501 1712 548 1741; x_wconf 82' lang='lat' dir='ltr'><strong>ad</strong></span> <span class='ocrx_word' id='word_1_186' title='bbox 563 1711 628 1742; x_wconf 84' lang='lat' dir='ltr'><strong>bel-</strong></span> 
     </span>
     <span class='ocr_line' id='line_1_35' title="bbox 58 1756 629 1788; baseline 0.005 -3"><span class='ocrx_word' id='word_1_187' title='bbox 58 1757 135 1787; x_wconf 78' lang='lat' dir='ltr'><strong>lum.</strong></span> <span class='ocrx_word' id='word_1_188' title='bbox 154 1756 302 1788; x_wconf 85' lang='lat' dir='ltr'><strong>Redeunt</strong></span> <span class='ocrx_word' id='word_1_189' title='bbox 324 1765 428 1788; x_wconf 79' lang='lat' dir='ltr'><strong>autem</strong></span> <span class='ocrx_word' id='word_1_190' title='bbox 454 1758 488 1788; x_wconf 86' lang='lat' dir='ltr'><strong>iu</strong></span> <span class='ocrx_word' id='word_1_191' title='bbox 508 1758 570 1788; x_wconf 89' lang='lat' dir='ltr'><strong>hoc</strong></span> <span class='ocrx_word' id='word_1_192' title='bbox 598 1765 629 1788; x_wconf 88' lang='lat' dir='ltr'><strong>et</strong></span> 
     </span>
     <span class='ocr_line' id='line_1_36' title="bbox 57 1803 627 1845; baseline 0.004 -13"><span class='ocrx_word' id='word_1_193' title='bbox 57 1803 264 1844; x_wconf 78' lang='lat' dir='ltr'><strong>sequentibus</strong></span> <span class='ocrx_word' id='word_1_194' title='bbox 280 1803 369 1833; x_wconf 87' lang='lat' dir='ltr'><strong>libris</strong></span> <span class='ocrx_word' id='word_1_195' title='bbox 385 1811 507 1834; x_wconf 82' lang='lat' dir='ltr'><strong>narrata</strong></span> <span class='ocrx_word' id='word_1_196' title='bbox 525 1804 627 1845; x_wconf 83' lang='lat' dir='ltr'><strong>plera—</strong></span> 
     </span>
     <span class='ocr_line' id='line_1_37' title="bbox 59 1849 628 1893; baseline 0.004 -14"><span class='ocrx_word' id='word_1_197' title='bbox 59 1860 120 1890; x_wconf 83' lang='lat' dir='ltr'><strong>que</strong></span> <span class='ocrx_word' id='word_1_198' title='bbox 135 1849 174 1880; x_wconf 84' lang='lat' dir='ltr'><strong>ad</strong></span> <span class='ocrx_word' id='word_1_199' title='bbox 185 1849 314 1881; x_wconf 81' lang='lat' dir='ltr'><strong>bellicos</strong></span> <span class='ocrx_word' id='word_1_200' title='bbox 327 1857 495 1892; x_wconf 82' lang='lat' dir='ltr'><strong>apparatus</strong></span> <span class='ocrx_word' id='word_1_201' title='bbox 509 1857 539 1881; x_wconf 88' lang='lat' dir='ltr'><strong>et</strong></span> <span class='ocrx_word' id='word_1_202' title='bbox 554 1861 628 1893; x_wconf 81' lang='lat' dir='ltr'><strong>pug-</strong></span> 
     </span>
    </p>
   </div>
   <div class='ocr_carea' id='block_1_7' title="bbox 683 375 1273 1891">
    <p class='ocr_par' dir='ltr' id='par_1_7' title="bbox 683 375 1273 1891">
     <span class='ocr_line' id='line_1_38' title="bbox 699 375 1270 416; baseline -0.002 -11"><span class='ocrx_word' id='word_1_203' title='bbox 699 385 754 405; x_wconf 86' lang='lat' dir='ltr'><strong>nas</strong></span> <span class='ocrx_word' id='word_1_204' title='bbox 769 385 776 406; x_wconf 92' lang='lat'>:</span> <span class='ocrx_word' id='word_1_205' title='bbox 790 375 998 416; x_wconf 83' lang='lat' dir='ltr'><strong>quamobrem</strong></span> <span class='ocrx_word' id='word_1_206' title='bbox 1014 382 1107 415; x_wconf 84' lang='lat' dir='ltr'><strong>poeta</strong></span> <span class='ocrx_word' id='word_1_207' title='bbox 1120 385 1151 405; x_wconf 89' lang='lat' dir='ltr'><strong>se</strong></span> <span class='ocrx_word' id='word_1_208' title='bbox 1165 384 1270 404; x_wconf 79' lang='lat' dir='ltr'><strong>coarc-</strong></span> 
     </span>
     <span class='ocr_line' id='line_1_39' title="bbox 698 422 1270 461; baseline -0.002 -11"><span class='ocrx_word' id='word_1_209' title='bbox 698 427 800 451; x_wconf 85' lang='lat' dir='ltr'><strong>tatum</strong></span> <span class='ocrx_word' id='word_1_210' title='bbox 816 429 847 451; x_wconf 87' lang='lat' dir='ltr'><strong>et</strong></span> <span class='ocrx_word' id='word_1_211' title='bbox 863 422 1139 461; x_wconf 87' lang='lat' dir='ltr'><strong>circumscriptum</strong></span> <span class='ocrx_word' id='word_1_212' title='bbox 1155 423 1270 450; x_wconf 82' lang='lat' dir='ltr'><strong>sentire</strong></span> 
     </span>
     <span class='ocr_line' id='line_1_40' title="bbox 700 466 1270 504; baseline 0 -8"><span class='ocrx_word' id='word_1_213' title='bbox 700 466 827 504; x_wconf 84' lang='lat' dir='ltr'><strong>debuit,</strong></span> <span class='ocrx_word' id='word_1_214' title='bbox 859 467 936 497; x_wconf 88' lang='lat' dir='ltr'><strong>dum</strong></span> <span class='ocrx_word' id='word_1_215' title='bbox 962 469 1120 497; x_wconf 86' lang='lat' dir='ltr'><strong>Homerus</strong></span> <span class='ocrx_word' id='word_1_216' title='bbox 1148 467 1270 497; x_wconf 85' lang='lat' dir='ltr'><strong>dudum</strong></span> 
     </span>
     <span class='ocr_line' id='line_1_41' title="bbox 700 512 1271 553; baseline -0.002 -11"><span class='ocrx_word' id='word_1_217' title='bbox 700 523 754 550; x_wconf 87' lang='lat' dir='ltr'><strong>ea,</strong></span> <span class='ocrx_word' id='word_1_218' title='bbox 775 523 848 552; x_wconf 81' lang='lat' dir='ltr'><strong>quae</strong></span> <span class='ocrx_word' id='word_1_219' title='bbox 871 514 907 542; x_wconf 86' lang='lat' dir='ltr'><strong>in</strong></span> <span class='ocrx_word' id='word_1_220' title='bbox 926 523 1033 553; x_wconf 85' lang='lat' dir='ltr'><strong>pugna</strong></span> <span class='ocrx_word' id='word_1_221' title='bbox 1055 512 1125 543; x_wconf 85' lang='lat' dir='ltr'><strong>fieri</strong></span> <span class='ocrx_word' id='word_1_222' title='bbox 1148 513 1271 548; x_wconf 73' lang='lat' dir='ltr'><strong>solent,</strong></span> 
     </span>
     <span class='ocr_line' id='line_1_42' title="bbox 700 559 1271 599; baseline -0.002 -11"><span class='ocrx_word' id='word_1_223' title='bbox 700 569 824 588; x_wconf 85' lang='lat' dir='ltr'><strong>summa</strong></span> <span class='ocrx_word' id='word_1_224' title='bbox 848 569 921 588; x_wconf 90' lang='lat' dir='ltr'><strong>cum</strong></span> <span class='ocrx_word' id='word_1_225' title='bbox 942 559 1089 588; x_wconf 85' lang='lat' dir='ltr'><strong>varietate</strong></span> <span class='ocrx_word' id='word_1_226' title='bbox 1115 566 1146 589; x_wconf 90' lang='lat' dir='ltr'><strong>et</strong></span> <span class='ocrx_word' id='word_1_227' title='bbox 1181 559 1271 599; x_wconf 77' lang='lat' dir='ltr'><strong>copia</strong></span> 
     </span>
     <span class='ocr_line' id='line_1_43' title="bbox 700 605 1269 645; baseline 0 -11"><span class='ocrx_word' id='word_1_228' title='bbox 700 606 913 645; x_wconf 82' lang='lat' dir='ltr'><strong>exposuisset,</strong></span> <span class='ocrx_word' id='word_1_229' title='bbox 931 611 1023 645; x_wconf 81' lang='lat' dir='ltr'><strong>atque</strong></span> <span class='ocrx_word' id='word_1_230' title='bbox 1046 605 1131 634; x_wconf 85' lang='lat' dir='ltr'><strong>circa</strong></span> <span class='ocrx_word' id='word_1_231' title='bbox 1150 615 1199 635; x_wconf 90' lang='lat' dir='ltr'><strong>res</strong></span> <span class='ocrx_word' id='word_1_232' title='bbox 1221 615 1269 634; x_wconf 81' lang='lat' dir='ltr'><strong>ea-</strong></span> 
     </span>
     <span class='ocr_line' id='line_1_44' title="bbox 699 650 1271 681; baseline 0 -1"><span class='ocrx_word' id='word_1_233' title='bbox 699 650 771 681; x_wconf 89' lang='lat' dir='ltr'><strong>dem</strong></span> <span class='ocrx_word' id='word_1_234' title='bbox 790 657 877 681; x_wconf 88' lang='lat' dir='ltr'><strong>aetate</strong></span> <span class='ocrx_word' id='word_1_235' title='bbox 901 657 932 681; x_wconf 86' lang='lat' dir='ltr'><strong>et</strong></span> <span class='ocrx_word' id='word_1_236' title='bbox 954 651 1066 681; x_wconf 85' lang='lat' dir='ltr'><strong>eodem</strong></span> <span class='ocrx_word' id='word_1_237' title='bbox 1080 651 1166 681; x_wconf 84' lang='lat' dir='ltr'><strong>bello</strong></span> <span class='ocrx_word' id='word_1_238' title='bbox 1185 657 1215 680; x_wconf 87' lang='lat' dir='ltr'><strong>et</strong></span> <span class='ocrx_word' id='word_1_239' title='bbox 1231 651 1271 680; x_wconf 82' lang='lat' dir='ltr'><strong>ab</strong></span> 
     </span>
     <span class='ocr_line' id='line_1_45' title="bbox 697 697 1273 738; baseline -0.002 -12"><span class='ocrx_word' id='word_1_240' title='bbox 697 697 773 738; x_wconf 89' lang='lat' dir='ltr'><strong>ipsis</strong></span> <span class='ocrx_word' id='word_1_241' title='bbox 792 698 937 735; x_wconf 82' lang='lat' dir='ltr'><strong>Trojanis</strong></span> <span class='ocrx_word' id='word_1_242' title='bbox 951 704 1050 738; x_wconf 81' lang='lat' dir='ltr'><strong>gestas</strong></span> <span class='ocrx_word' id='word_1_243' title='bbox 1069 703 1209 727; x_wconf 79' lang='lat' dir='ltr'><strong>versatus</strong></span> <span class='ocrx_word' id='word_1_244' title='bbox 1223 707 1273 725; x_wconf 82' lang='lat' dir='ltr'><strong>oc·</strong></span> 
     </span>
     <span class='ocr_line' id='line_1_46' title="bbox 698 743 1270 784; baseline -0.002 -12"><span class='ocrx_word' id='word_1_245' title='bbox 698 744 876 783; x_wconf 85' lang='lat' dir='ltr'><strong>cupavisset</strong></span> <span class='ocrx_word' id='word_1_246' title='bbox 897 743 1051 784; x_wconf 89' lang='lat' dir='ltr'><strong>quicquid</strong></span> <span class='ocrx_word' id='word_1_247' title='bbox 1072 744 1211 773; x_wconf 86' lang='lat' dir='ltr'><strong>novitate</strong></span> <span class='ocrx_word' id='word_1_248' title='bbox 1241 751 1270 771; x_wconf 72' lang='lat' dir='ltr'><strong>ex</strong></span> 
     </span>
     <span class='ocr_line' id='line_1_47' title="bbox 698 788 1270 830; baseline 0.002 -12"><span class='ocrx_word' id='word_1_249' title='bbox 698 790 772 819; x_wconf 78' lang='lat' dir='ltr'><strong>vitae</strong></span> <span class='ocrx_word' id='word_1_250' title='bbox 789 788 926 819; x_wconf 76' lang='lat' dir='ltr'><strong>heroicae</strong></span> <span class='ocrx_word' id='word_1_251' title='bbox 945 800 1032 819; x_wconf 87' lang='lat' dir='ltr'><strong>more</strong></span> <span class='ocrx_word' id='word_1_252' title='bbox 1051 790 1175 829; x_wconf 86' lang='lat' dir='ltr'><strong>plaeere</strong></span> <span class='ocrx_word' id='word_1_253' title='bbox 1196 800 1270 830; x_wconf 75' lang='lat' dir='ltr'><strong>pos-</strong></span> 
     </span>
     <span class='ocr_line' id='line_1_48' title="bbox 698 834 1269 875; baseline 0 -11"><span class='ocrx_word' id='word_1_254' title='bbox 698 841 755 865; x_wconf 83' lang='lat' dir='ltr'><strong>set.</strong></span> <span class='ocrx_word' id='word_1_255' title='bbox 773 836 843 865; x_wconf 88' lang='lat' dir='ltr'><strong>Hoc</strong></span> <span class='ocrx_word' id='word_1_256' title='bbox 867 836 1045 865; x_wconf 84' lang='lat' dir='ltr'><strong>meminisse</strong></span> <span class='ocrx_word' id='word_1_257' title='bbox 1063 834 1199 871; x_wconf 87' lang='lat' dir='ltr'><strong>debent,</strong></span> <span class='ocrx_word' id='word_1_258' title='bbox 1215 838 1269 875; x_wconf 83' lang='lat' dir='ltr'><strong>qui</strong></span> 
     </span>
     <span class='ocr_line' id='line_1_49' title="bbox 698 880 1266 919; baseline 0 -9"><span class='ocrx_word' id='word_1_259' title='bbox 698 880 827 911; x_wconf 87' lang='lat' dir='ltr'><strong>ultimos</strong></span> <span class='ocrx_word' id='word_1_260' title='bbox 851 880 951 911; x_wconf 85' lang='lat' dir='ltr'><strong>libros</strong></span> <span class='ocrx_word' id='word_1_261' title='bbox 977 892 1084 911; x_wconf 90' lang='lat' dir='ltr'><strong>rerum</strong></span> <span class='ocrx_word' id='word_1_262' title='bbox 1109 881 1266 919; x_wconf 84' lang='lat' dir='ltr'><strong>novitate,</strong></span> 
     </span>
     <span class='ocr_line' id='line_1_50' title="bbox 699 927 1270 957; baseline 0.002 -1"><span class='ocrx_word' id='word_1_263' title='bbox 699 933 731 956; x_wconf 88' lang='lat' dir='ltr'><strong>et</strong></span> <span class='ocrx_word' id='word_1_264' title='bbox 744 928 893 956; x_wconf 86' lang='lat' dir='ltr'><strong>varietate</strong></span> <span class='ocrx_word' id='word_1_265' title='bbox 911 937 1015 957; x_wconf 85' lang='lat' dir='ltr'><strong>carere</strong></span> <span class='ocrx_word' id='word_1_266' title='bbox 1041 927 1187 957; x_wconf 84' lang='lat' dir='ltr'><strong>clamant.</strong></span> <span class='ocrx_word' id='word_1_267' title='bbox 1208 929 1270 957; x_wconf 85' lang='lat' dir='ltr'><strong>Ar-</strong></span> 
     </span>
     <span class='ocr_line' id='line_1_51' title="bbox 699 974 1270 1013; baseline 0.002 -11"><span class='ocrx_word' id='word_1_268' title='bbox 699 974 843 1013; x_wconf 88' lang='lat' dir='ltr'><strong>gumeuti</strong></span> <span class='ocrx_word' id='word_1_269' title='bbox 855 979 967 1003; x_wconf 81' lang='lat' dir='ltr'><strong>natura</strong></span> <span class='ocrx_word' id='word_1_270' title='bbox 979 974 1014 1003; x_wconf 83' lang='lat' dir='ltr'><strong>&#39;m</strong></span> <span class='ocrx_word' id='word_1_271' title='bbox 1027 975 1139 1003; x_wconf 86' lang='lat' dir='ltr'><strong>ceteris</strong></span> <span class='ocrx_word' id='word_1_272' title='bbox 1153 980 1215 1003; x_wconf 87' lang='lat' dir='ltr'><strong>tam</strong></span> <span class='ocrx_word' id='word_1_273' title='bbox 1230 974 1270 1003; x_wconf 83' lang='lat' dir='ltr'><strong>fe-</strong></span> 
     </span>
     <span class='ocr_line' id='line_1_52' title="bbox 697 1019 1267 1060; baseline 0.002 -12"><span class='ocrx_word' id='word_1_274' title='bbox 697 1019 762 1056; x_wconf 79' lang='lat' dir='ltr'><strong>lix,</strong></span> <span class='ocrx_word' id='word_1_275' title='bbox 782 1019 841 1048; x_wconf 86' lang='lat' dir='ltr'><strong>hac</strong></span> <span class='ocrx_word' id='word_1_276' title='bbox 864 1025 967 1049; x_wconf 82' lang='lat' dir='ltr'><strong>tamen</strong></span> <span class='ocrx_word' id='word_1_277' title='bbox 989 1020 1023 1049; x_wconf 89' lang='lat' dir='ltr'><strong>in</strong></span> <span class='ocrx_word' id='word_1_278' title='bbox 1044 1026 1132 1060; x_wconf 88' lang='lat' dir='ltr'><strong>parte</strong></span> <span class='ocrx_word' id='word_1_279' title='bbox 1149 1021 1267 1049; x_wconf 86' lang='lat' dir='ltr'><strong>Home-</strong></span> 
     </span>
     <span class='ocr_line' id='line_1_53' title="bbox 697 1064 1265 1101; baseline 0 -7"><span class='ocrx_word' id='word_1_280' title='bbox 697 1065 764 1095; x_wconf 89' lang='lat' dir='ltr'><strong>rico</strong></span> <span class='ocrx_word' id='word_1_281' title='bbox 779 1075 841 1094; x_wconf 89' lang='lat' dir='ltr'><strong>usu</strong></span> <span class='ocrx_word' id='word_1_282' title='bbox 856 1072 1025 1095; x_wconf 81' lang='lat' dir='ltr'><strong>extenuata</strong></span> <span class='ocrx_word' id='word_1_283' title='bbox 1044 1072 1074 1094; x_wconf 88' lang='lat' dir='ltr'><strong>et</strong></span> <span class='ocrx_word' id='word_1_284' title='bbox 1096 1064 1247 1095; x_wconf 75' lang='lat' dir='ltr'><strong>exhausta</strong></span> <span class='ocrx_word' id='word_1_285' title='bbox 1258 1089 1265 1101; x_wconf 92' lang='lat'>‚</span> 
     </span>
     <span class='ocr_line' id='line_1_54' title="bbox 697 1111 1269 1151; baseline 0 -11"><span class='ocrx_word' id='word_1_286' title='bbox 697 1111 856 1141; x_wconf 86' lang='lat' dir='ltr'><strong>abnuebat</strong></span> <span class='ocrx_word' id='word_1_287' title='bbox 874 1122 926 1148; x_wconf 83' lang='lat' dir='ltr'><strong>ea,</strong></span> <span class='ocrx_word' id='word_1_288' title='bbox 947 1121 1017 1151; x_wconf 84' lang='lat' dir='ltr'><strong>quae</strong></span> <span class='ocrx_word' id='word_1_289' title='bbox 1033 1112 1067 1140; x_wconf 87' lang='lat' dir='ltr'><strong>in</strong></span> <span class='ocrx_word' id='word_1_290' title='bbox 1081 1117 1174 1151; x_wconf 81' lang='lat' dir='ltr'><strong>poeta</strong></span> <span class='ocrx_word' id='word_1_291' title='bbox 1189 1111 1269 1141; x_wconf 84' lang='lat' dir='ltr'><strong>desi-</strong></span> 
     </span>
     <span class='ocr_line' id='line_1_55' title="bbox 696 1156 1267 1188; baseline 0.002 -2"><span class='ocrx_word' id='word_1_292' title='bbox 696 1156 833 1187; x_wconf 88' lang='lat' dir='ltr'><strong>deranda</strong></span> <span class='ocrx_word' id='word_1_293' title='bbox 847 1167 912 1187; x_wconf 88' lang='lat' dir='ltr'><strong>esse</strong></span> <span class='ocrx_word' id='word_1_294' title='bbox 927 1157 1132 1187; x_wconf 83' lang='lat' dir='ltr'><strong>arbitrantur.</strong></span> <span class='ocrx_word' id='word_1_295' title='bbox 1152 1156 1212 1188; x_wconf 83' lang='lat' dir='ltr'><strong>Sed</strong></span> <span class='ocrx_word' id='word_1_296' title='bbox 1233 1159 1267 1187; x_wconf 88' lang='lat' dir='ltr'><strong>iu</strong></span> 
     </span>
     <span class='ocr_line' id='line_1_56' title="bbox 694 1202 1266 1244; baseline 0.003 -12"><span class='ocrx_word' id='word_1_297' title='bbox 694 1202 753 1233; x_wconf 86' lang='lat' dir='ltr'><strong>hac</strong></span> <span class='ocrx_word' id='word_1_298' title='bbox 766 1204 832 1243; x_wconf 88' lang='lat' dir='ltr'><strong>ipsa</strong></span> <span class='ocrx_word' id='word_1_299' title='bbox 848 1203 1026 1244; x_wconf 81' lang='lat' dir='ltr'><strong>argumenti</strong></span> <span class='ocrx_word' id='word_1_300' title='bbox 1043 1204 1152 1243; x_wconf 81' lang='lat' dir='ltr'><strong>inopia</strong></span> <span class='ocrx_word' id='word_1_301' title='bbox 1167 1210 1266 1234; x_wconf 86' lang='lat' dir='ltr'><strong>atten-</strong></span> 
     </span>
     <span class='ocr_line' id='line_1_57' title="bbox 693 1249 1267 1290; baseline 0.003 -12"><span class='ocrx_word' id='word_1_302' title='bbox 693 1249 727 1278; x_wconf 89' lang='lat' dir='ltr'><strong>di</strong></span> <span class='ocrx_word' id='word_1_303' title='bbox 741 1249 836 1279; x_wconf 85' lang='lat' dir='ltr'><strong>velim</strong></span> <span class='ocrx_word' id='word_1_304' title='bbox 855 1250 996 1279; x_wconf 84' lang='lat' dir='ltr'><strong>animum</strong></span> <span class='ocrx_word' id='word_1_305' title='bbox 1013 1249 1053 1279; x_wconf 86' lang='lat' dir='ltr'><strong>ad</strong></span> <span class='ocrx_word' id='word_1_306' title='bbox 1069 1259 1122 1286; x_wconf 87' lang='lat' dir='ltr'><strong>ea,</strong></span> <span class='ocrx_word' id='word_1_307' title='bbox 1138 1259 1210 1290; x_wconf 80' lang='lat' dir='ltr'><strong>quae</strong></span> <span class='ocrx_word' id='word_1_308' title='bbox 1225 1250 1267 1280; x_wconf 86' lang='lat' dir='ltr'><strong>al-</strong></span> 
     </span>
     <span class='ocr_line' id='line_1_58' title="bbox 693 1295 1266 1336; baseline 0.003 -12"><span class='ocrx_word' id='word_1_309' title='bbox 693 1302 758 1325; x_wconf 85' lang='lat' dir='ltr'><strong>tera</strong></span> <span class='ocrx_word' id='word_1_310' title='bbox 775 1306 814 1325; x_wconf 84' lang='lat' dir='ltr'><strong>ex</strong></span> <span class='ocrx_word' id='word_1_311' title='bbox 831 1302 920 1336; x_wconf 85' lang='lat' dir='ltr'><strong>parte</strong></span> <span class='ocrx_word' id='word_1_312' title='bbox 935 1302 1028 1336; x_wconf 87' lang='lat' dir='ltr'><strong>poeta</strong></span> <span class='ocrx_word' id='word_1_313' title='bbox 1051 1295 1090 1325; x_wconf 83' lang='lat' dir='ltr'><strong>ad</strong></span> <span class='ocrx_word' id='word_1_314' title='bbox 1114 1295 1266 1326; x_wconf 80' lang='lat' dir='ltr'><strong>tenendas</strong></span> 
     </span>
     <span class='ocr_line' id='line_1_59' title="bbox 693 1341 1265 1383; baseline 0.002 -12"><span class='ocrx_word' id='word_1_315' title='bbox 693 1348 724 1371; x_wconf 89' lang='lat' dir='ltr'><strong>et</strong></span> <span class='ocrx_word' id='word_1_316' title='bbox 741 1342 925 1372; x_wconf 87' lang='lat' dir='ltr'><strong>recreandas</strong></span> <span class='ocrx_word' id='word_1_317' title='bbox 947 1341 1121 1383; x_wconf 84' lang='lat' dir='ltr'><strong>legentium</strong></span> <span class='ocrx_word' id='word_1_318' title='bbox 1144 1349 1265 1373; x_wconf 84' lang='lat' dir='ltr'><strong>mentes</strong></span> 
     </span>
     <span class='ocr_line' id='line_1_60' title="bbox 693 1387 1263 1429; baseline 0.002 -12"><span class='ocrx_word' id='word_1_319' title='bbox 693 1388 886 1429; x_wconf 78' lang='lat' dir='ltr'><strong>excogitavit</strong></span> <span class='ocrx_word' id='word_1_320' title='bbox 907 1387 1118 1418; x_wconf 87' lang='lat' dir='ltr'><strong>sollertissime</strong></span> <span class='ocrx_word' id='word_1_321' title='bbox 1139 1397 1147 1418; x_wconf 74' lang='grc' dir='ltr'><strong><em>ε</em></strong></span> <span class='ocrx_word' id='word_1_322' title='bbox 1170 1395 1206 1418; x_wconf 89' lang='lat' dir='ltr'><strong>ut</strong></span> <span class='ocrx_word' id='word_1_323' title='bbox 1228 1390 1263 1418; x_wconf 90' lang='lat' dir='ltr'><strong>in</strong></span> 
     </span>
     <span class='ocr_line' id='line_1_61' title="bbox 687 1433 1263 1474; baseline 0 -10"><span class='ocrx_word' id='word_1_324' title='bbox 687 1434 749 1464; x_wconf 88' lang='lat' dir='ltr'><strong>hoc</strong></span> <span class='ocrx_word' id='word_1_325' title='bbox 765 1434 849 1464; x_wconf 85' lang='lat' dir='ltr'><strong>libro</strong></span> <span class='ocrx_word' id='word_1_326' title='bbox 867 1433 1046 1474; x_wconf 87' lang='lat' dir='ltr'><strong>episodium</strong></span> <span class='ocrx_word' id='word_1_327' title='bbox 1072 1434 1111 1464; x_wconf 88' lang='lat' dir='ltr'><strong>de</strong></span> <span class='ocrx_word' id='word_1_328' title='bbox 1132 1435 1210 1465; x_wconf 84' lang='lat' dir='ltr'><strong>Niso</strong></span> <span class='ocrx_word' id='word_1_329' title='bbox 1232 1441 1263 1464; x_wconf 87' lang='lat' dir='ltr'><strong>et</strong></span> 
     </span>
     <span class='ocr_line' id='line_1_62' title="bbox 687 1479 1260 1520; baseline 0.002 -11"><span class='ocrx_word' id='word_1_330' title='bbox 687 1480 836 1520; x_wconf 82' lang='lat' dir='ltr'><strong>Euryalo.</strong></span> <span class='ocrx_word' id='word_1_331' title='bbox 870 1481 971 1509; x_wconf 80' lang='lat' dir='ltr'><strong>Etiam</strong></span> <span class='ocrx_word' id='word_1_332' title='bbox 1000 1479 1083 1509; x_wconf 86' lang='lat' dir='ltr'><strong>illud</strong></span> <span class='ocrx_word' id='word_1_333' title='bbox 1111 1479 1260 1520; x_wconf 83' lang='lat' dir='ltr'><strong>praeclare</strong></span> 
     </span>
     <span class='ocr_line' id='line_1_63' title="bbox 686 1525 1256 1566; baseline -0.002 -10"><span class='ocrx_word' id='word_1_334' title='bbox 686 1532 890 1566; x_wconf 85' lang='lat' dir='ltr'><strong>exputatum,</strong></span> <span class='ocrx_word' id='word_1_335' title='bbox 905 1525 992 1565; x_wconf 88' lang='lat' dir='ltr'><strong>quod</strong></span> <span class='ocrx_word' id='word_1_336' title='bbox 1008 1525 1070 1555; x_wconf 90' lang='lat' dir='ltr'><strong>hoc</strong></span> <span class='ocrx_word' id='word_1_337' title='bbox 1088 1525 1172 1555; x_wconf 81' lang='lat' dir='ltr'><strong>libro</strong></span> <span class='ocrx_word' id='word_1_338' title='bbox 1189 1536 1237 1555; x_wconf 90' lang='lat' dir='ltr'><strong>res</strong></span> <span class='ocrx_word' id='word_1_339' title='bbox 1248 1549 1256 1563; x_wconf 89' lang='lat'>‚</span> 
     </span>
     <span class='ocr_line' id='line_1_64' title="bbox 686 1571 1259 1613; baseline 0 -12"><span class='ocrx_word' id='word_1_340' title='bbox 686 1571 813 1601; x_wconf 80' lang='lat' dir='ltr'><strong>absente</strong></span> <span class='ocrx_word' id='word_1_341' title='bbox 837 1572 952 1606; x_wconf 61' lang='lat' dir='ltr'><strong>Ainea,</strong></span> <span class='ocrx_word' id='word_1_342' title='bbox 977 1572 1112 1613; x_wconf 81' lang='lat' dir='ltr'><strong>geritur,</strong></span> <span class='ocrx_word' id='word_1_343' title='bbox 1133 1578 1169 1600; x_wconf 88' lang='lat' dir='ltr'><strong>ut</strong></span> <span class='ocrx_word' id='word_1_344' title='bbox 1192 1572 1259 1610; x_wconf 84' lang='lat' dir='ltr'><strong>ejus</strong></span> 
     </span>
     <span class='ocr_line' id='line_1_65' title="bbox 685 1617 1257 1657; baseline 0.002 -10"><span class='ocrx_word' id='word_1_345' title='bbox 685 1617 825 1647; x_wconf 83' lang='lat' dir='ltr'><strong>adventu</strong></span> <span class='ocrx_word' id='word_1_346' title='bbox 839 1626 923 1646; x_wconf 82' lang='lat' dir='ltr'><strong>nova</strong></span> <span class='ocrx_word' id='word_1_347' title='bbox 937 1627 1042 1647; x_wconf 87' lang='lat' dir='ltr'><strong>rerum</strong></span> <span class='ocrx_word' id='word_1_348' title='bbox 1062 1618 1257 1657; x_wconf 81' lang='lat' dir='ltr'><strong>exspectatio</strong></span> 
     </span>
     <span class='ocr_line' id='line_1_66' title="bbox 683 1663 1257 1704; baseline 0.003 -12"><span class='ocrx_word' id='word_1_349' title='bbox 683 1663 749 1694; x_wconf 85' lang='lat' dir='ltr'><strong>fiat.</strong></span> <span class='ocrx_word' id='word_1_350' title='bbox 770 1664 836 1695; x_wconf 88' lang='lat' dir='ltr'><strong>Nec</strong></span> <span class='ocrx_word' id='word_1_351' title='bbox 850 1663 1020 1704; x_wconf 82' lang='lat' dir='ltr'><strong>quicquam</strong></span> <span class='ocrx_word' id='word_1_352' title='bbox 1039 1664 1180 1704; x_wconf 81' lang='lat' dir='ltr'><strong>iniquius</strong></span> <span class='ocrx_word' id='word_1_353' title='bbox 1195 1663 1257 1694; x_wconf 78' lang='lat' dir='ltr'>fac-</span> 
     </span>
     <span class='ocr_line' id='line_1_67' title="bbox 684 1709 1258 1750; baseline 0.005 -12"><span class='ocrx_word' id='word_1_354' title='bbox 684 1716 752 1739; x_wconf 90' lang='lat' dir='ltr'><strong>tum</strong></span> <span class='ocrx_word' id='word_1_355' title='bbox 781 1709 934 1746; x_wconf 82' lang='lat' dir='ltr'><strong>arbitror,</strong></span> <span class='ocrx_word' id='word_1_356' title='bbox 955 1720 1048 1750; x_wconf 89' lang='lat' dir='ltr'><strong>quam</strong></span> <span class='ocrx_word' id='word_1_357' title='bbox 1080 1709 1166 1750; x_wconf 90' lang='lat' dir='ltr'><strong>quod</strong></span> <span class='ocrx_word' id='word_1_358' title='bbox 1197 1709 1258 1741; x_wconf 89' lang='lat' dir='ltr'><strong>hoc</strong></span> 
     </span>
     <span class='ocr_line' id='line_1_68' title="bbox 683 1755 1255 1797; baseline 0.002 -12"><span class='ocrx_word' id='word_1_359' title='bbox 683 1757 788 1797; x_wconf 86' lang='lat' dir='ltr'><strong>ipsum</strong></span> <span class='ocrx_word' id='word_1_360' title='bbox 799 1755 1026 1796; x_wconf 83' lang='lat' dir='ltr'><strong>reprehensum</strong></span> <span class='ocrx_word' id='word_1_361' title='bbox 1040 1756 1130 1786; x_wconf 87' lang='lat' dir='ltr'><strong>estin</strong></span> <span class='ocrx_word' id='word_1_362' title='bbox 1142 1762 1234 1796; x_wconf 82' lang='lat' dir='ltr'><strong>poeta</strong></span> <span class='ocrx_word' id='word_1_363' title='bbox 1247 1779 1255 1793; x_wconf 90' lang='lat'><strong><em>‚</em></strong></span> 
     </span>
     <span class='ocr_line' id='line_1_69' title="bbox 683 1801 1261 1843; baseline 0.002 -11"><span class='ocrx_word' id='word_1_364' title='bbox 683 1802 769 1842; x_wconf 89' lang='lat' dir='ltr'><strong>quod</strong></span> <span class='ocrx_word' id='word_1_365' title='bbox 784 1802 845 1832; x_wconf 88' lang='lat' dir='ltr'><strong>hoc</strong></span> <span class='ocrx_word' id='word_1_366' title='bbox 858 1802 941 1832; x_wconf 85' lang='lat' dir='ltr'><strong>libro</strong></span> <span class='ocrx_word' id='word_1_367' title='bbox 955 1813 1012 1843; x_wconf 85' lang='lat' dir='ltr'><strong>per</strong></span> <span class='ocrx_word' id='word_1_368' title='bbox 1030 1804 1136 1832; x_wconf 81' lang='lat' dir='ltr'><strong>AEneae</strong></span> <span class='ocrx_word' id='word_1_369' title='bbox 1152 1801 1261 1833; x_wconf 76' lang='lat' dir='ltr'><strong>absen-</strong></span> 
     </span>
     <span class='ocr_line' id='line_1_70' title="bbox 684 1850 1138 1891; baseline 0 -13"><span class='ocrx_word' id='word_1_370' title='bbox 684 1850 759 1879; x_wconf 86' lang='lat' dir='ltr'><strong>tiam</strong></span> <span class='ocrx_word' id='word_1_371' title='bbox 778 1855 878 1879; x_wconf 83' lang='lat' dir='ltr'><strong>castra</strong></span> <span class='ocrx_word' id='word_1_372' title='bbox 900 1854 1138 1891; x_wconf 77' lang='lat' dir='ltr'><strong>oppugnantur.</strong></span> 
     </span>
    </p>
   </div>
  </div>
 </body>
</html>
