1414 2435
549 67 671 97 LIBER
694 68 752 97 xl.

1184 72 1248 102 205

59 126 203 175 Ignotis
220 134 257 163 et
275 138 374 176 equo
391 131 549 160 venator
568 126 707 173 Iapyge
730 123 866 170 fertur3

18 194 25 201 ‘
61 186 131 222 Cui
151 186 256 235 pellis
275 186 369 222 latos
389 184 568 221 humeros
587 190 716 232 erepta
731 182 894 232 juvenco

60 245 266 294 Pugnatori
281 243 423 293 operit3
444 252 557 293 caput
575 243 706 291 ingens
723 242 799 278 oris
816 242 940 279 hiatus

1202 255 1250 279 680

61 307 108 342 Et
124 305 230 341 malae
249 314 377 341 texere
394 303 474 353 lupi
494 315 579 339 cum
597 301 772 339 dentibus
792 302 904 348 albis,

60 364 304 414 Agrestisque
323 377 456 401 manus
476 370 595 399 armat
613 374 746 411 sparus
765 376 773 396 :
793 362 874 411 ipse
893 363 1052 400 catervis

61 425 232 462 Vertitur
251 425 290 461 in
308 424 460 470 mediis,
481 432 518 459 et
539 431 618 459 toto
638 423 781 458 vertice
799 435 914 471 supra
931 431 997 460 est.

61 487 172 522 Hunc
192 484 255 520 illa
273 492 491 532 exceptum,
510 495 633 531 neque
652 482 751 518 enim
770 481 879 520 labor
901 484 1047 534 agmine
1066 497 1193 533 verso,

61 543 233 593 Trajicit,
254 552 290 579 et
309 555 424 591 super
441 541 522 578 haec
539 541 692 577 inimico
709 550 862 591 pectore
880 543 980 580 fatur
996 559 1003 580 :

1203 553 1254 579 685

62 619 77 635 «
97 603 208 639 Silvis
227 611 278 649 te,
297 600 510 650 Tyrrhene,
531 601 627 638 feras
648 602 789 650 agitare
809 603 973 652 putasti?

60 662 226 698 Advenit
242 663 307 712 qui
326 670 451 699 vestra
471 661 550 698 dies
566 661 816 699 muliebribus
835 663 947 700 armis

62 722 189 760 Verba
208 722 444 772 redarguerit
463 737 470 758 :
491 734 630 758 nomen
649 732 772 759 tamen
792 723 894 758 haud
913 723 996 759 leile
1013 732 1164 772 patrum

59 781 237 820 Manibus
258 782 331 818 hoc
352 783 509 826 referes,
530 781 604 817 telo
624 780 802 817 cecidisse
821 781 996 818 Camillae.
1018 798 1032 814 »

60 847 244 881 Protenus
262 842 504 880 Orsilochum
519 850 556 878 et
570 844 710 887 Buten,
728 841 804 877 duo
822 841 986 878 maxima
1003 845 1192 881 Teucrum
1204 853 1253 885 690

61 907 250 955 Corpora3
269 903 336 941 sed
354 905 476 939 Buten
494 914 668 938 aversum
686 900 841 951 cuspide
861 902 942 938 fixit

58 966 231 1002 Loricam
252 964 472 1014 galeamque
490 962 606 1008 inter,
625 974 699 1011 qua
719 962 815 998 colla
831 961 993 999 sedentis

58 1028 222 1070 Lucent,
242 1033 279 1061 et
299 1025 394 1061 laevo
416 1021 603 1072 dependet
622 1034 752 1070 parma
772 1021 929 1068 lacert03

58 1084 322 1128 Orsilochum,
344 1082 489 1131 fugiens
509 1093 762 1130 magnumque
782 1080 920 1130 agitata
938 1094 1006 1130 per
1024 1082 1174 1130 orbem,

57 1143 184 1180 Eludit
203 1154 297 1192 gyro
318 1140 494 1188 interior,
515 1139 761 1190 sequiturque
781 1148 997 1190 sequentem
1005 1156 1015 1189 ;

60 1269 209 1311 intelligit
230 1271 316 1300 Serv.
336 1267 369 1299 h.
385 1268 407 1298 1.
431 1269 554 1309 Iapyge
571 1278 631 1308 pro

60 1317 194 1357 Iapygio
205 1338 213 1352 ‚
230 1315 350 1355 Apulo.
367 1313 431 1344 vid.
445 1325 515 1354 sup.
531 1313 570 1343 ad
584 1324 630 1344 vs.

61 1362 280 1399 nyx—682.
307 1362 424 1401 Sparas
441 1370 452 1388 .·
477 1361 631 1389 rusticum

59 1409 157 1438 telum
170 1409 204 1438 in
217 1406 347 1438 modum
360 1407 433 1447 pedi
450 1416 630 1443 recurvum,

56 1456 163 1494 iuquit
194 1455 330 1484 Servius.
358 1453 398 1483 cf.
423 1452 462 1482 ad
492 1452 632 1482 Sallustii

58 1500 149 1532 Catil.
173 1500 214 1530 56
237 1498 324 1541 (59)
343 1506 374 1528 et
392 1499 524 1538 Nepotis
549 1499 629 1538 Epa-

57 1546 200 1577 minond.
232 1556 263 1586 9.
286 1563 332 1568 -—
361 1545 438 1575 683.
469 1544 624 1580 Vertitur,

57 1599 202 1623 versatur
212 1614 221 1629 ‚
242 1589 480 1634 ἀναστρέφεται.
489 1607 535 1614 --
546 1590 625 1625 684.

57 1641 258 1678 Exceptum,
282 1638 405 1668 insidiis
428 1636 626 1667 circumven'

58 1692 145 1721 tum,
161 1685 203 1713 ait
217 1686 304 1714 Serv.
314 1705 323 1720 ‚
337 1691 372 1712 ut
384 1694 455 1722 sup.
466 1684 513 1712 VI
527 1704 536 1719 ,
552 1683 627 1720 173,

58 1730 113 1760 sed
124 1736 183 1766 est,
197 1735 362 1768 assequuta
370 1729 551 1768 fugientem.
562 1729 629 1757 Ex-

57 1776 162 1816 cipere
178 1785 195 1804 a
207 1774 374 1804 venatione
390 1772 523 1802 ductum
538 1772 571 1802 h.
587 1773 608 1802 l.
619 1795 627 1809 ,

58 1829 93 1853 ut
121 1823 202 1852 bene
221 1821 329 1850 Burm.
350 1818 628 1849 monuit.—688.

58 1866 268 1909 Redargueric
290 1866 398 1895 lleins.
417 1864 558 1904 reposuit
577 1874 628 1893 so-

59 1916 88 1945 la
106 1915 292 1944 auctoritate
313 1911 465 1942 Prisciani
488 1916 519 1938 et
534 1909 627 1940 codd.

58 1961 172 1992 Scheff.
187 1966 218 1989 et
234 1960 360 1998 Menag.
375 1968 423 1998 pr.
443 1957 483 1986 Et
497 1963 542 1985 est
556 1966 630 1986 sane

59 2007 122 2038 hoc
137 2007 175 2036 ad
198 2005 359 2046 elegantiae
377 2013 503 2033 sensum
520 2013 630 2032 venus-

59 2054 138 2090 tius,
154 2062 249 2093 quam
261 2050 467 2091 redargueret
475 2061 488 2085 ;
507 2049 563 2078 etsi
582 2048 630 2078 di-

59 2099 261 2141 ligentissime
291 2096 329 2126 ad
355 2096 630 2138 grammaticorum

62 2150 218 2186 praecepta
244 2144 285 2173 sit
314 2142 435 2173 dictum
464 2151 472 2172 :
502 2141 634 2171 advenit

61 2191 128 2222 dies
138 2213 147 2227 ,
178 2189 234 2230 qui
266 2189 535 2231 redargueret.—
549 2187 628 2228 689.

220 2255 282 2289 IV.

1203 1152 1253 1186 695

683 1267 801 1298 Eadem
823 1278 892 1308 sup.
913 1269 964 1304 X,
986 1267 1052 1307 829
1068 1278 1136 1309 sqq.
1162 1269 1249 1300 conf.

685 1313 795 1344 Cerda.

731 1361 809 1400 690.
832 1361 927 1389 Butes
945 1358 1086 1388 diversus
1111 1359 1191 1390 forte
1210 1361 1249 1391 ab

685 1416 739 1443 eo,
763 1406 819 1446 qui
843 1405 900 1436 lib.
928 1407 992 1441 IX,
1012 1405 1075 1443 647
1094 1417 1161 1446 sqq.
1187 1417 1250 1437 me-

684 1459 844 1488 moratur,
859 1458 889 1480 et
903 1451 942 1480 ab
959 1451 1056 1481 altero
1073 1453 1183 1492 utique
1198 1455 1230 1483 V
1240 1476 1250 1491 ,

685 1499 762 1536 372.
790 1498 834 1527 At
860 1496 1038 1526 Orsilochus
1062 1508 1078 1527 e
1103 1499 1251 1538 Trojanis

681 1555 775 1585 supra
800 1543 877 1573 636.
891 1544 1025 1582 ——692.
1051 1543 1196 1575 Sedentis
1215 1547 1251 1575 in

681 1599 781 1631 equo:
793 1600 851 1630 pro
861 1589 982 1630 vulgari
992 1591 1068 1628 ejus.
1082 1591 1155 1620 Non
1166 1593 1252 1621 enim

681 1637 763 1666 inter
788 1635 855 1666 haec
880 1636 986 1665 omnia
1010 1636 1116 1665 animo
1144 1637 1251 1667 dimit-

682 1682 813 1712 tendum
826 1705 834 1719 ,
849 1692 908 1711 nos
930 1682 964 1711 in
989 1692 1094 1722 pugna
1113 1684 1251 1722 equestri

681 1729 809 1758 versari.
833 1730 971 1763 Lucent,
996 1727 1152 1767 eleganter
1169 1739 1249 1768 pro,

682 1780 834 1813 apparent
847 1771 934 1802 nuda
945 1794 953 1809 ,
968 1778 999 1801 et
1009 1772 1137 1812 quidem
1152 1774 1186 1803 in
1198 1774 1251 1804 lae-

682 1829 724 1847 vo
737 1818 881 1847 humero.
893 1818 978 1847 conf.
993 1818 1050 1847 inf.
1066 1819 1127 1847 XII
1140 1840 1148 1854 ‚
1167 1820 1229 1849 381
1240 1843 1250 1858 ‚

684 1864 760 1893 382.
778 1862 980 1894 Orsilochum
993 1873 1025 1892 se
1034 1864 1252 1903 insequentem

681 1910 750 1949 ipsa
775 1909 874 1949 fugit,
898 1910 940 1938 ita
959 1915 1081 1946 tamen,
1096 1916 1131 1939 ut
1147 1911 1181 1939 in
1198 1922 1251 1941 or-

681 1955 753 1985 bem
778 1965 894 1995 equum
916 1954 1160 1993 circumflectat‚
1182 1957 1251 1997 ipsa

683 2001 812 2041 quidem
826 2001 891 2040 694
901 2023 909 2037 ,
921 2001 986 2041 695
996 2023 1005 2037 ‚
1018 2011 1099 2042 gyro
1110 2001 1246 2039 interior,

684 2047 824 2087 adeoque
850 2047 888 2076 ab
910 2046 987 2077 laeva
1011 2047 1168 2077 Orsilochi
1186 2047 1249 2089 (cf.

684 2104 754 2133 sup.
770 2095 810 2129 V,
839 2092 943 2134 17o);
962 2103 1027 2133 quo
1051 2092 1133 2124 facto
1155 2103 1250 2125 cursu

685 2145 808 2179 aequato
837 2139 890 2168 illa
916 2140 983 2177 ejus
1008 2139 1097 2168 lateri
1122 2140 1228 2178 juncta
1239 2163 1248 2177 ,

685 2186 795 2216 dextra
825 2185 944 2216 sublata
967 2184 1125 2217 Orsiloehi
1157 2187 1253 2227 capiti

1077 2249 1121 2286 18
