1414 2435
445 37 505 72 'AD
529 40 693 71 LIBRUM
717 40 775 71 XI.
1144 42 1208 73 325

21 101 65 130 dii
85 100 162 130 alios
176 100 307 139 heroes;
322 100 409 140 quod
425 106 529 129 tamen
544 98 628 129 idem
644 99 770 138 Jupiter
790 97 824 127 in
842 97 1021 138 Sarpedone
1041 99 1101 129 sibi
1113 99 1208 132 licere

18 156 60 184 ait
70 177 79 191 ‚
98 154 248 194 quodque
263 155 358 185 etiam
374 152 539 194 providet,
557 159 594 182 ut
609 153 674 190 ejus
688 162 804 191 corpus
814 173 822 189 ‚
837 152 966 181 victoris
979 151 1118 184 ludibrio
1132 154 1207 185 sub-

17 207 148 237 ductum
159 230 167 245 ‚
184 209 219 237 in
239 207 364 248 Lyciam
382 207 558 236 abducatur
569 229 578 244 ‚
594 206 627 235 id
642 205 704 235 hoe
726 205 799 235 loco
822 206 924 235 Diana
946 206 1121 237 curandum
1146 207 1206 238 sibi

16 264 122 293 sumit.
137 264 278 292 Mittitur
292 263 370 303 Opis
381 285 389 299 ,
404 263 514 292 Dianae
530 271 607 291 arcu
620 263 790 298 instructa,
806 267 842 291 ut
855 261 993 291 Camillae
1004 262 1206 304 interempto-

15 328 80 347 rem
93 315 251 347 conficiat.
260 317 316 347 Illa
323 319 498 348 Arruntem
511 315 594 346 caede
603 315 742 346 Camjllae
755 316 963 346 exsultantem
979 317 1088 358 sag-itta
1104 324 1203 349 trans-

14 368 98 411 figit,
111 372 279 411 statimque
305 371 345 401 ad
372 371 546 412 Olympum
569 370 688 406 evolat,
710 381 742 401 v.
761 370 824 399 863
836 387 881 392 —
893 370 968 408 867.
988 372 1063 400 Erat
1080 377 1202 411 tamen,

14 430 180 464 antequam
202 424 393 463 discederet,
410 435 526 465 corpus
546 434 662 466 pugnae
683 423 942 461 subducendum,
959 430 990 453 et
1013 425 1047 454 in
1071 426 1203 465 patriam

13 477 245 519 deportandum
257 502 265 517 ‚
281 479 370 520 quod
389 481 455 520 ipsa
472 480 528 509 dea
545 479 733 519 promiserat
744 489 776 508 se
794 478 948 508 facturam
963 489 994 509 v.
1013 478 1077 519 593
1090 502 1099 517 ‚
1118 480 1202 520 594,

12 541 52 560 ne
65 531 254 571 spoliaretur
263 554 271 569 ‚
286 538 341 562 aut
355 538 565 562 truncaretur.
576 531 679 571 Atqui
690 530 750 561 hoc
764 537 856 571 poeta
869 541 937 560 non
951 532 1052 573 attigit
1064 541 1072 562 :
1087 533 1121 562 iu
1137 543 1202 573 quo

13 588 155 615 excusari
170 586 250 616 forte
272 593 394 626 potest3
417 585 457 615 ad
478 584 648 615 artificium
667 592 772 615 tamen
789 591 890 625 poetae
910 584 1026 615 referre
1046 585 1132 616 hunc
1149 587 1203 617 de-

11 638 129 668 fectum
146 638 245 668 nolim
260 648 333 668 cum
349 639 458 668 Servio
471 637 511 667 ad
526 649 556 668 v.
575 638 652 677 593.
669 639 713 668 Ut
726 644 831 667 autem
845 637 913 667 haec
932 639 1068 668 narratio
1084 641 1148 669 vim
1165 640 1202 670 ad

13 693 132 722 animos
155 692 362 722 advertendus
388 692 521 729 habeat,
545 690 730 732 ponendum
751 697 815 728 est,
838 690 932 720 fuisse
957 691 1041 732 apud
1067 693 1202 725 Volscos

11 752 103 776 vetus
129 746 267 777 Camillae
288 752 530 776 monumentum
548 754 555 774 ι
577 744 623 774 uti
639 742 828 783 Sarpedonis
850 743 885 772 in
907 744 1003 782 Lycia
1027 743 1202 776 habebatur

13 800 194 840 sepulcrum
205 822 214 837 ‚
228 810 292 839 quo
314 799 452 828 delatum
474 798 542 836 ejus
556 806 670 837 corpus
685 797 844 826 Homerus
858 806 985 826 narrare
997 796 1100 827 voluit
1113 799 1150 829 11.
1161 810 1198 838 π,

13 855 56 891 45
61 855 77 884 3
93 865 161 895 sqq.
184 855 330 885 Ceterum
347 864 388 884 ex
407 852 535 884 Camilla
556 850 738 883 Glorindam
751 851 838 881 Tassi
852 856 1001 891 tanquam
1018 853 1198 894 exemplum

13 918 76 938 esse
101 918 279 949 expressam
297 908 370 938 satis
388 912 520 938 constat.
539 905 605 936 vid.
630 904 788 935 Gierusal.
806 903 929 935 liberae.
950 911 1031 936 cant.
1049 907 1132 944 ΧΠ,
1156 915 1196 938 st.

14 973 54 992 20
69 974 135 1004 sqq.
