1414 2435
98 84 140 113 24
600 77 793 109 AENEIDOS

95 134 250 180 Vidisti,
271 146 347 183 quo
366 136 516 171 Turnus
536 147 654 184 equo,
675 134 814 184 quibus
830 133 910 170 ibat
926 134 965 170 in
985 134 1096 171 armis
1109 161 1118 178 ‚

95 197 245 231 Aureus
258 208 268 240 3
286 194 408 243 ipsum
426 194 531 230 illum
543 223 552 241 ,
570 195 745 244 clypeum
757 223 767 240 ,
783 195 990 243 cristasque
1006 193 1179 230 rubentis

1245 210 1293 234 ²7⁰

95 253 292 302 Excipiam
310 254 422 300 sorti3
437 254 514 304 jam
534 267 633 290 nunc
651 263 713 290 tua
731 253 905 303 praemia,
921 253 1023 290 Nise.

95 314 281 348 Praeterea
299 310 357 349 bis
373 325 437 348 sex
458 312 607 361 genitor
625 312 825 349 lectissima
842 321 1005 348 matrum

95 374 285 420 Corpora,
302 371 548 421 captivosque
568 371 691 417 dabit,
709 385 852 421 suaque
868 370 1044 407 omnibus
1061 382 1163 407 arma
1178 385 1188 416 3

97 434 258 480 Insuper
273 431 352 476 his,
370 431 493 480 campi
513 432 617 480 quod
633 444 701 467 rex
717 430 833 467 habet
848 431 928 479 ipse
947 431 1115 468 Latinus.

95 493 148 527 Te
168 502 279 536 vero,
298 502 381 526 mea
401 503 514 538 quem
535 490 667 539 spatiis
683 489 931 539 propioribus
951 499 1039 527 aetas

95 550 332 599 Insequitur,
350 549 565 586 venerande
582 562 697 598 puer,
711 549 790 598 jam
808 558 962 598 pectore
978 556 1058 585 toto
1079 593 1082 596 Α

95 609 276 659 Adcipio,
298 618 335 645 et
354 609 532 646 comitem
555 622 662 646 casus
683 608 915 658 complector
932 608 972 644 in
988 609 1122 645 omnis„

95 669 206 706 Nulla
225 669 318 705 meis
337 669 417 704 sine
437 676 473 705 te
493 677 686 717 quaeretur
705 668 825 717 gloria
842 667 977 714 rebus;

95 730 172 766 Seu
192 740 341 778 pacem,
362 740 429 764 seu
443 726 543 763 bella
559 739 687 776 geram
705 741 712 761 :
734 726 805 762 tibi
821 739 997 762 maxuma
1016 739 1145 762 rerum

95 787 386 836 Verborumque
404 787 507 824 fides.
530 804 544 820 »
565 789 705 824 Contra
724 799 837 836 quem
857 787 945 822 talia
965 786 1066 822 fatur

96 941 215 972 Medic.
241 940 328 971 Gud.
355 951 370 970 a
393 951 476 970 man.
502 951 551 980 pr.
568 947 599 970 et
618 951 667 981 pr.

98 986 249 1018 Rotteud.
274 986 378 1016 dicere
404 994 516 1016 sortem
535 997 545 1015 :
567 986 665 1022 dicit,

94 1033 226 1069 indicit,
241 1040 358 1062 sortem
384 1034 411 1062 is
422 1054 430 1068 ‚
447 1033 500 1072 qui
515 1032 669 1061 sortiendi

95 1079 169 1108 facit
192 1085 389 1119 potestatem.
413 1079 536 1107 Ducere
562 1085 667 1107 autem

93 1132 212 1154 sortem
234 1131 328 1165 poeta
345 1125 486 1153 ornatius
504 1124 586 1153 dixit
607 1135 667 1163 pro

92 1171 247 1211 simplici,
273 1169 399 1205 sortiri,
421 1171 586 1200 sortitione
605 1170 666 1199 dis-

91 1217 203 1256 pertiri
218 1216 366 1257 praedam.
382 1233 428 1239 —-
443 1215 520 1256 269.
537 1218 667 1246 Turnus

93 1272 224 1298 aureus,
244 1273 347 1292 aureis
360 1272 394 1291 1n
409 1272 512 1292 aruns.
523 1279 570 1284 ·—-
582 1272 647 1300 270
656 1285 666 1300 ,

95 1318 134 1346 27
146 1318 173 1339 1.
192 1308 333 1338 Habebis
355 1318 474 1347 equum
490 1315 646 1337 exsortem
657 1331 666 1346 ‚

94 1352 190 1397 γέρας
218 1352 392 1397 ἐξαίρετεν,
419 1360 449 1383 et
472 1355 574 1384 Turni
593 1365 666 1394 spo-

91 1399 143 1430 lia.
165 1400 307 1430 Illustrat
321 1410 388 1429 rem
411 1399 524 1430 cerda.
539 1399 604 1431 vid.
625 1402 665 1438 V,

95 1446 176 1483 5343
195 1447 295 1483 VIII,
315 1447 392 1476 552.
409 1463 454 1468 —-
470 1456 553 1484 272,
588 1447 665 1484 ²73·

96 1493 258 1522 Promittit
291 1492 460 1522 duodecim
490 1493 665 1532 mancipia,

97 1538 226 1567 ancillas
242 1544 273 1567 et
288 1548 414 1578 pueros.
431 1539 551 1567 Allatres
566 1544 667 1577 poetae

94 1583 279 1624 simpliciter
310 1589 384 1612 suut
423 1583 547 1612 fcminae
562 1594 570 1619 ;
601 1594 667 1612 nou

96 1628 243 1669 gravidae.
258 1628 354 1669 Quod
369 1639 444 1658 vero
466 1629 579 1667 adjecit
597 1640 669 1658 sua-

93 1686 154 1715 que
179 1675 321 1704 omnibus
344 1685 437 1704 arma
455 1698 464 1711 ,
492 1675 665 1705 obscurum

94 1731 159 1751 esse
171 1728 286 1762 potest,
299 1722 325 1750 si
341 1732 448 1751 servos
462 1722 590 1762 cogites».
606 1721 666 1752 Sed

93 1767 231 1807 captivos
247 1769 448 1805 memoravit,
467 1778 548 1808 quos
563 1778 662 1797 arma-

94 1819 141 1842 tos
158 1821 283 1853 ceperat
298 1836 305 1850 ,
322 1814 480 1853 armisque
500 1813 577 1843 adeo
592 1825 666 1854 spo-

93 1859 221 1889 liaverat
239 1869 246 1889 :
267 1860 324 1889 hos
340 1859 509 1899 assignabit
526 1870 599 1889 cum
617 1871 665 1890 ar-

94 1907 162 1935 mis.
174 1923 219 1929 —-
235 1913 310 1943 274.
327 1907 459 1936 Variam
471 1906 565 1936 codd.
581 1906 666 1946 apud

95 1952 174 1982 Pier.
201 1959 231 1981 et
254 1953 362 1982 Heius.
382 1963 417 1981 ac
433 1953 555 1989 Bu1·m.,
571 1952 662 1982 etiam

95 2000 193 2028 nostri
206 2021 213 2034 ‚
232 2009 292 2028 una
314 2009 386 2027 cnm
403 1998 487 2036 edd„
502 1999 616 2028 mirum
631 1999 664 2027 in

95 2043 224 2073 modum
253 2054 259 2074 :
285 2047 419 2084 Insuper
444 2043 491 2073 his
521 2043 642 2084 campis
653 2067 662 2080 ‚

94 2090 181 2128 quod
202 2090 211 2127 (
227 2097 261 2118 ut
281 2091 372 2120 Rom.
385 2090 397 2130 )
410 2113 418 2127 ,
442 2090 491 2120 vcl
510 2100 604 2131 quos,
630 2096 666 2119 ut

96 2134 193 2165 Goth.
221 2142 290 2165 tert.
312 2137 448 2175 Insuper
467 2135 515 2166 lais
540 2135 662 2176 campi,

95 2181 197 2220 quod.
212 2205 216 2211 .
232 2205 238 2211 .
254 2183 279 2211 I.
291 2199 334 2204 —
345 2181 502 2222 idcmnp1‘‚
521 2181 624 2223 quod.
639 2206 645 2212 .
656 2205 663 2212 .

1243 795 1292 818 :80

722 942 749 970 1.
765 939 790 969 is
803 940 913 981 campi
923 941 993 981 quis
1003 964 1012 977 ,
1031 942 1096 979 vel,
1109 949 1147 972 ut
1160 944 1291 984 Foggiu.

721 987 858 1026 exprimi
873 988 1006 1024 curavit,
1020 998 1096 1027 quos
1106 999 1117 1017 .·
1130 989 1294 1020 Mediceus

721 1031 734 1072 (
744 1033 892 1062 Heinsius
909 1033 1080 1073 accipiebat
1095 1035 1163 1074 quis
1175 1035 1294 1074 quibus

720 1077 858 1114 habitat,
887 1078 974 1118 quod
1006 1090 1118 1120 parum
1143 1080 1266 1121 placet)
1284 1091 1291 1111 :

721 1123 749 1153 I.
765 1123 800 1152 hi
813 1124 920 1164 campi
932 1135 1011 1165 quos
1029 1136 1041 1154 :
1060 1133 1091 1155 et
1104 1128 1131 1156 I.
1149 1125 1196 1155 lu‘s
1208 1137 1293 1156 cam-

717 1170 755 1209 pi
771 1181 868 1210 quos,
890 1177 921 1200 et
939 1182 1068 1212 campos
1087 1182 1174 1212 quos.
1194 1175 1292 1203 Recte

720 1217 829 1246 Heius.
851 1217 992 1256 praetulit
1013 1218 1101 1258 quod
1128 1218 1293 1259 vulgatum

720 1262 818 1291 vides.
834 1263 979 1293 Proclive
996 1270 1041 1293 est
1057 1263 1164 1293 videre
1177 1265 1294 1294 erroris

721 1318 843 1337 caussas
868 1309 902 1338 in
934 1310 1141 1349 exquisitiore
1171 1310 1293 1340 ratione

721 1355 922 1394 grammatica
945 1357 999 1385 τοῦ
1024 1355 1153 1395 insuper
1167 1355 1216 1385 his
1232 1367 1292 1397 pro

720 1400 849 1440 insuper
859 1400 890 1430 in
905 1399 1062 1437 lns,cu1n
1078 1401 1146 1438 his,
1163 1408 1194 1431 et
1209 1412 1293 1432 cam-

714 1446 753 1486 pi
766 1447 862 1486 quod.
877 1464 924 1469 —-
943 1450 1040 1478 Recte
1053 1448 1180 1478 Servius
1195 1447 1234 1477 ad
1257 1447 1291 1477 τὸ

721 1491 844 1534 τέμενος
856 1514 865 1530 ,
884 1503 939 1522 seu
957 1493 1140 1533 poitiouem
1163 1495 1229 1534 agri
1245 1504 1291 1523 re-

720 1537 813 1578 gibus
826 1538 936 1578 priscis
949 1549 1008 1578 pio
1022 1538 1145 1568 honore
1159 1540 1294 1581 assigna-

723 1584 746 1613 ti
761 1584 856 1613 refert
873 1593 880 1614 ε
897 1584 998 1624 qualis
1013 1595 1044 1614 τ.
1061 1594 1087 1614 c.
1105 1590 1170 1614 erat
1191 1585 1292 1616 Belle-

721 1629 872 1669 rophonti
898 1630 984 1670 apud
1008 1631 1122 1671 Lycios
1147 1630 1238 1661 Iliad.
1257 1630 1291 1667 ζ,

726 1677 786 1715 193
806 1687 865 1716 sq„
889 1677 1065 1717 Tarquinio
1089 1677 1235 1718 Superbo
1259 1678 1294 1708 in

720 1732 831 1762 campo
856 1723 984 1752 Martio.
1009 1724 1133 1763 Spectat
1151 1722 1189 1752 ad
1211 1723 1293 1753 hauc

720 1769 819 1808 ipsam
846 1769 926 1808 regis
952 1775 1068 1798 sortem
1095 1769 1183 1799 locus
1209 1770 1292 1799 circa

720 1814 824 1843 lacum
838 1814 999 1844 Albanum
1015 1814 1071 1844 inf.
1083 1825 1127 1844 vs.
1148 1814 1224 1851 388,
1235 1815 1292 1845 nbi

720 1868 784 1889 lum
800 1871 858 1890 rex
873 1860 999 1890 stabula
1012 1860 1081 1889 alta
1094 1859 1224 1889 Latinus
1237 1860 1291 1889 Ιιιι-

718 1905 825 1941 bebat,
842 1905 874 1936 li.
891 1917 918 1936 e.
934 1913 1072 1935 armenta
1087 1905 1290 1946 pascebat.—

720 1962 796 1989 ²77-
811 1951 960 1991 Accipio,
979 1951 1078 1988 facio,
1095 1959 1125 1981 et
1139 1953 1291 1992 complec-

719 2004 770 2026 tor
799 2004 830 2026 te
840 2005 987 2037 »pectore
1022 2005 1086 2026 loeo
1102 2009 1113 2033 ,·
1142 1998 1288 2029 conulem

715 2043 823 2084 junge.
839 2060 886 2066 ——-
905 2053 988 2083 279,
1007 2043 1083 2074 280.
1102 2043 1172 2073 Tibi
1186 2046 1289 2075 maxi-

719 2099 772 2118 ma
783 2099 884 2118 rerum
898 2089 1217 2132 l'erbommquefitlcs
1231 2093 1290 2121 crit

719 2141 750 2165 et
763 2134 948 2173 habebitur3
965 2142 1068 2165 tecum
1091 2138 1196 2166 omnia
1212 2148 1288 2167 con-

719 2181 786 2212 silia
810 2192 893 2217 mea,
915 2188 946 2212 et
968 2181 1118 2223 gerendas
1137 2194 1185 2213 res
1203 2194 1288 2213 com-
