1414 2435
584 41 707 71 LIBER
734 44 774 73 X.

1219 56 1281 85 119

81 97 269 142 Caeculus,
291 106 328 134 et
345 96 500 134 veniens
519 100 739 136 Marsorum
758 100 953 138 montibus
973 100 1132 137 Umbro.

81 156 318 194 Dardanides
336 164 469 193 contra
488 156 592 194 furit.
615 159 781 196 Anxuris
799 172 886 196 ense
904 161 1092 197 sinistram

1233 171 1280 198 555

82 219 130 264 Et
150 226 273 254 totum
291 217 415 267 clypei
435 218 538 255 ferro
558 219 746 269 dejecerat
766 219 916 267 orbem3

81 277 241 313 Dixerat
262 277 324 313 ille
343 277 487 327 aliquid
506 292 704 329 magnum,
724 280 878 330 vimque
898 280 1030 317 adfore
1047 280 1167 317 verbo

82 334 320 381 Crediderat,
341 337 515 386 coeloque,
532 338 699 374 animum
717 339 874 376 fortasse
895 339 1058 385 ferebat,

82 395 342 445 Canitiemque
363 396 453 442 sibi,
476 406 512 434 et
532 398 664 448 longos
682 401 909 448 promiserat
929 413 1057 437 annos.

81 457 286 505 Tarquitus
304 457 495 494 exsultans
516 467 648 495 contra
666 459 896 508 fulgentibus
917 461 1048 505 armis,

1234 468 1282 492 550

83 515 269 552 Silvicolae
288 518 418 553 Fauno
433 519 590 567 Dryope
609 531 722 567 quem
737 520 915 569 Nympha
934 527 1098 564 crearat,

85 677 218 718 simplic.
251 678 427 708 succedunt
455 679 490 708 in
517 689 657 719 pugnam

85 735 159 753 cum
174 726 283 754 AEnea.
310 724 451 753 Coeculus
466 734 561 764 supra
574 726 655 761 VII,

86 771 151 808 678
163 770 261 799 -68
272 780 298 800 1.
319 769 435 799 Umbro
449 769 528 800 ibid.
546 770 659 807 750—-

89 818 165 855 752.
184 815 316 847 cudunt
333 826 410 845 vero
432 816 466 846 h.
485 816 507 846 l.
524 816 586 845 sibi
600 816 660 846 dif-

86 862 258 900 ficultates,
279 869 310 892 et
332 862 491 892 molestias
515 864 657 904 Interpp.

86 909 166 939 alius
181 909 287 947 aliter,
307 908 384 938 dum
399 919 467 938 non
489 908 528 938 ad
549 910 660 939 Anxu-

86 965 152 985 rem
162 978 170 993 ‚
186 955 240 985 sed
255 955 295 985 ad
309 955 508 985 Umbronem
525 966 594 996 sqq.
614 967 660 986 re-

86 1001 204 1032 ferunt.
226 1003 405 1042 Perperam.
422 1003 574 1032 Brevitati
591 1009 658 1032 stu-

88 1048 166 1077 dens
181 1054 294 1088 poeta‚
318 1058 358 1077 ne
374 1058 442 1078 rem
460 1048 592 1078 eandem
611 1049 658 1078 vi-

88 1095 151 1123 cies
164 1101 298 1134 repetat,
315 1104 382 1124 non
396 1094 482 1124 addit
497 1094 660 1125 Caeculum

88 1147 120 1170 et
150 1140 347 1171 Umbronem
378 1140 473 1170 fuisse
504 1151 620 1171 caesum
651 1151 659 1172 1

88 1186 191 1227 pergit
218 1185 256 1216 ad
271 1188 441 1216 Anxurem
451 1209 459 1224 ,
476 1187 531 1217 sed
544 1189 660 1217 variata

89 1233 250 1270 oratione,
273 1239 311 1262 ut
334 1243 408 1262 eum
423 1234 487 1272 jam
511 1241 581 1263 ante
605 1244 662 1263 cae-

87 1289 158 1308 sum
175 1278 274 1317 dicat,
289 1285 320 1308 et
337 1281 550 1309 narrationem
566 1279 605 1309 de
622 1291 660 1310 eo

88 1325 259 1366 subjungat
278 1336 286 1362 ;
322 1336 397 1355 nam
425 1325 586 1366 dejecerat
616 1336 659 1357 sc.

88 1371 314 1407 Dardanides,
333 1374 457 1402 AEneas.
474 1371 661 1402 Absciderat

88 1419 115 1448 is
125 1419 272 1448 Anxuris
282 1428 410 1447 manum
424 1429 488 1448 una
502 1429 576 1448 cum
593 1419 660 1460 cly-

89 1474 150 1505 peo
161 1487 170 1501 ,
189 1475 285 1504 quem
302 1464 449 1501 tenebat;
472 1466 530 1495 etsi
547 1466 592 1494 sic
607 1476 660 1506 pa-

88 1521 162 1541 rum
183 1511 287 1551 placet
302 1512 346 1540 Ec
367 1517 464 1540 totum
489 1511 595 1551 clypei
612 1522 659 1541 or-

88 1557 158 1586 bem
175 1567 186 1586 :
201 1567 301 1597 quum
319 1558 360 1586 sit
380 1556 542 1587 sinistram
560 1565 591 1587 et
611 1564 659 1588 to-

91 1610 158 1633 tum
169 1603 316 1643 clypeum
331 1603 501 1644 dejecerat.
516 1622 564 1627 —
581 1605 658 1643 547.

90 1648 230 1688 Aliquid
249 1648 407 1690 magicum
427 1650 533 1681 Guell.
557 1662 661 1681 emen-

92 1695 204 1732 dabat,
224 1705 320 1734 quem
343 1694 442 1724 Cerda
463 1703 495 1725 et
517 1697 661 1727 Catroeus

91 1747 269 1781 sequuntur
296 1750 303 1770 ε
331 1750 429 1780 prava
451 1743 535 1772 enim
565 1744 662 1773 inter-

91 1788 268 1828 punctione
283 1797 321 1817 eo
337 1786 545 1825 devenerant,
564 1795 600 1818 ut
622 1788 662 1818 ad

92 1833 292 1864 Umbronem
315 1833 483 1870 referrent3
509 1845 582 1863 eum
606 1844 660 1864 au-

93 1886 156 1909 tem
168 1881 390 1910 incantationis
405 1881 542 1921 peritum
557 1880 663 1920 prodi-

93 1925 183 1956 derat
199 1933 292 1967 poeta
309 1937 379 1967 sup.
402 1928 480 1964 VII,
506 1927 571 1964 750
593 1937 660 1967 sqq.

93 1972 155 2003 Sed
174 1973 238 2014 agit
261 1983 350 2002 nunc
366 1973 405 2003 de
429 1974 582 2009 Anxure,
604 1973 662 2003 ho-

95 2019 180 2049 mine
203 2019 359 2059 superbo,
391 2021 447 2060 qui
476 2020 664 2050 insolentius

96 2065 295 2106 increpuerat
323 2067 469 2103 AEneam,
496 2073 534 2096 ut
563 2066 665 2096 solent

99 2117 218 2141 veteres
229 2111 340 2142 heroes
355 2113 390 2142 in
403 2113 507 2153 primo
522 2123 665 2154 congre&

98 2167 134 2186 su
143 2167 269 2198 pugnae,
280 2157 417 2199 Aliquid
424 2169 576 2200 'nagnam
594 2157 665 2193 ἔπος

714 677 810 722 μέγα.
822 679 911 709 Nihil
924 680 1041 709 notius.
1053 680 1094 709 cf.
1104 679 1283 709 Hemsterh.

711 725 751 754 ad
771 725 901 754 Lucian.
919 732 941 754 t.
959 727 991 761 Ι,
1009 735 1041 764 p.
1068 726 1121 764 59.
1140 725 1285 764 Aliquod

713 781 866 812 magnum
878 771 1015 800 malebat
1028 772 1137 801 Heius.
1147 789 1194 793 —
1206 772 1222 800 5
1229 773 1282 805 48.

716 817 865 857 Coeloque
882 817 1027 846 animum
1039 816 1184 858 fortasse
1193 816 1282 858 jere-

713 863 777 893 bat.
789 863 954 904 Singulare
970 863 1090 893 dictum
1101 863 1173 893 hoc.
1190 865 1283 893 Ferre

713 910 810 946 coelo,
840 920 900 950 pro
930 910 970 940 ad
1001 909 1116 939 coelum
1151 909 1262 940 efferre
1273 932 1281 946 ‚

713 956 786 986 alias
799 957 862 994 jam
872 956 1009 986 vidimus
1022 963 1124 996 poetae
1139 956 1283 996 frequen-

713 1010 813 1033 tatum
826 1002 864 1032 de
880 1002 1028 1043 superbia
1042 1010 1073 1032 et
1088 1003 1282 1043 arrogantia;

712 1057 743 1079 et
758 1049 888 1079 fortasse
909 1049 964 1079 ille
982 1050 1231 1090 arrogantiorem
1249 1059 1283 1077 se

712 1103 862 1137 gesserat,
891 1095 968 1125 dnm
994 1095 1034 1124 de
1059 1097 1155 1125 AEnea
1184 1095 1284 1124 victo-

713 1144 792 1172 riam
811 1149 842 1171 et
859 1142 985 1182 longam
1010 1142 1106 1170 vitam
1124 1141 1185 1171 sibi
1208 1150 1282 1180 pro-

713 1190 850 1218 miserat.
866 1188 1081 1218 Adumhravit
1094 1187 1127 1218 h.
1149 1187 1171 1218 l.
1189 1187 1283 1218 Silius

712 1235 769 1264 ljb.
786 1236 828 1271 V,
847 1236 910 1269 403
926 1245 995 1274 sqq.
1010 1241 1041 1264 et
1053 1233 1131 1264 ibid.
1152 1240 1191 1268 41
1203 1243 1230 1269 1,
1246 1239 1283 1261 ut

713 1291 790 1311 mox
819 1287 925 1310 noster
961 1281 1037 1310 550.
1068 1282 1117 1310 Ex
1147 1279 1283 1309 sollenni

712 1333 878 1367 poetarum
912 1336 1057 1356 sermone
1070 1347 1079 1363 ,
1111 1335 1183 1365 quae
1213 1325 1283 1354 alta

712 1379 802 1410 sunt,
816 1372 928 1402 coelum
943 1371 1100 1413 attingere
1113 1371 1281 1405 dicuntur;

712 1429 781 1459 sup.
800 1421 831 1456 Ι,
853 1419 914 1449 162
929 1419 1054 1460 gemini
1065 1417 1231 1447 minantur
1248 1416 1282 1446 in

711 1466 826 1495 coelum
841 1465 982 1505 scopuli;
998 1467 1045 1495 111
1056 1487 1065 1502 ‚
1082 1465 1147 1502 678
1170 1463 1284 1504 Cyclo-

712 1522 766 1552 pes
780 1511 860 1541 coelo
872 1511 981 1552 capita
994 1510 1216 1552 altaferentes
1223 1521 1235 1545 ;
1253 1516 1284 1538 et

712 1559 757 1588 sic
786 1565 929 1588 centena.
957 1560 1023 1589 Nec
1051 1557 1140 1587 aliter
1161 1556 1282 1591 Graeci,

712 1605 858 1645 inprimis
874 1605 985 1646 tragici
998 1614 1006 1635 ε
1022 1615 1071 1634 res
1086 1603 1184 1644 vulgo
1197 1609 1282 1632 nota.

713 1650 854 1681 Illustrat
862 1649 896 1681 τὸ
911 1649 1044 1693 ς·γ,ρίζειν
1055 1648 1173 1691 οὐρανῷ
1187 1647 1282 1677 Valk.

714 1697 753 1726 ad
778 1698 890 1737 Eurip.
917 1697 1048 1737 Hippol.
1081 1695 1178 1725 1206.
1205 1693 1283 1723 Inde

714 1743 836 1783 tropice
851 1742 947 1773 modo
961 1742 999 1772 ad
1011 1743 1142 1783 gloriam
1159 1740 1209 1781 (ut
1221 1740 1286 1769 Ho-

714 1795 772 1818 rat.
799 1788 927 1817 sublimi
935 1787 1058 1828 fhriam
1081 1786 1186 1816 sidera
1208 1796 1282 1815 ver-

715 1833 799 1875 tice),
810 1833 906 1864 modo
920 1833 958 1863 ad
968 1834 1076 1874 glori-‘e
1086 1833 1282 1873 opinionem,

716 1891 751 1910 ac
779 1881 1014 1921 persuasionem
1040 1879 1125 1909 idem
1156 1877 1282 1908 traduc-

716 1934 783 1956 tum
799 1933 861 1962 est,
874 1926 906 1956 h.
918 1936 945 1956 e.
961 1925 999 1955 ad
1011 1924 1208 1966 superbiam,
1222 1924 1285 1962 jac-

715 1973 863 2009 tantiam,
882 1973 1125 2002 ostentationem
1140 1981 1147 2001 :
1163 1978 1199 2001 ut
1213 1970 1245 2002 h.
1260 1970 1282 1999 l.

717 2019 812 2049 modo
845 2018 884 2048 ad
911 2018 1038 2055 laudes,
1064 2017 1183 2058 quibus
1213 2017 1285 2057 quis

717 2066 853 2106 aliquem
867 2075 963 2105 supra
982 2065 1094 2105 vulgus
1106 2063 1206 2094 effert.
1224 2064 1285 2094 No-

718 2114 820 2143 tiones
838 2111 1050 2152 explicamus3
1070 2121 1136 2141 non
1155 2109 1262 2140 verba.

767 2158 958 2189 550-556.
973 2158 1143 2198 Tarquitus
1157 2155 1288 2186 caeditur
