1414 2435
173 98 238 127 280

677 96 871 128 AENEIDOS

171 157 308 192 Sancta
328 153 376 190 ad
395 165 463 190 vos
486 152 628 199 anima,
652 162 765 203 atque
782 155 890 191 istius
908 153 1026 191 inscia
1045 155 1166 206 culpae

167 214 422 261 Descendam‚
438 227 664 264 magnorum
677 215 782 251 haud
797 228 967 264 unquam
977 215 1155 265 indignus
1172 227 1342 253 avorum.
1357 233 1371 247 „

220 275 295 312 Vix
315 288 360 312 ea
378 275 477 313 fatus
497 285 594 320 erat;
618 274 764 311 medios
782 275 887 311 volat
907 289 994 312 ecce
1014 290 1084 326 per
1102 276 1223 315 hostis

1321 286 1372 310 650

169 338 308 371 Vectus
327 348 427 384 equo
445 343 647 383 spumante
665 337 796 381 Saces,
817 334 978 372 adversa
994 337 1130 386 sagitta

169 394 328 431 Saucius
348 406 434 439 ora,
453 393 608 443 ruitque
627 394 823 443 inplorans
842 396 997 433 nomine
1013 398 1188 433 Turnum
1207 411 1216 432 :

168 472 183 487 «
203 455 350 498 Turne,
368 452 407 488 in
426 461 463 489 te
481 465 661 502 suprema
679 454 799 500 salus3
819 454 1001 491 miserere
1022 463 1189 492 tuorum.

166 512 356 550 Fulminat
374 515 513 549 AEneas
532 513 665 560 armis,
686 526 928 563 summasque
947 515 1114 550 minatur

166 575 413 624 Dejecturum
432 574 529 611 arcis
546 574 704 621 Italum,
725 574 953 625 excidioque
973 573 1173 621 daturum;
1325 585 1375 609 653

166 639 326 685 Jamque
346 634 445 671 faces
467 633 514 670 ad
534 641 635 670 tecta
651 634 784 670 volant
804 650 812 671 :
836 635 876 671 in
896 644 932 671 te
956 648 1024 672 ora
1041 635 1188 681 Latini,

166 699 210 733 In
230 706 267 733 te
288 695 418 732 oculos
437 694 628 741 referunt3
648 704 792 732 mussat
809 708 878 731 rex
897 695 978 744 ipse
998 695 1176 741 Latinus,

168 759 275 802 Quos
295 766 454 803 generos
473 763 603 799 vocet,
625 763 691 791 aut
709 768 795 804 quae
814 768 896 793 sese
917 755 966 792 ad
986 754 1130 792 foedera
1149 755 1287 792 flectat.

166 817 356 850 Praeterea
373 813 524 861 regina,
546 812 602 848 tui
624 813 824 858 fidissima,
847 814 982 850 dextra

169 872 320 911 Occidit
338 874 421 923 ipsa
441 885 529 918 sua,
551 871 752 921 lucemque
771 872 955 908 exterrita
974 873 1082 922 fugit.
1325 883 1375 908 εσυ

170 933 250 970 Soli
270 946 342 983 pro
359 931 481 983 portis
501 934 699 981 Messapus
722 941 759 968 et
780 944 867 968 acer
885 932 1017 970 Atinas

169 995 390 1029 Sustentant
409 992 529 1029 aciem
547 1007 555 1028 :
576 992 721 1028 circum
740 991 810 1029 hos
827 992 1020 1042 utrimque
1039 992 1243 1043 phalanges

170 1056 280 1091 Stant
300 1053 443 1100 deusae,
460 1052 676 1102 strictisque
697 1065 802 1102 seges
821 1052 1069 1091 mucronibus
1085 1053 1219 1091 horret

170 1116 328 1157 Ferrea3
349 1121 390 1148 tu
410 1125 566 1148 currum
589 1111 738 1149 deserto
755 1112 795 1148 in
815 1113 986 1162 gramine
1004 1125 1144 1149 versas.
1168 1130 1182 1144 »

173 1172 384 1222 Obstupuit
401 1171 509 1208 varia
528 1171 708 1209 confusus
728 1172 891 1222 imagine
910 1185 1040 1209 rerum
1327 1181 1377 1209 66⁵

173 1236 342 1280 Turnus,
363 1241 400 1270 et
421 1231 559 1269 obtutu
581 1233 696 1270 tacito
713 1233 817 1270 stetit
837 1248 844 1269 :
866 1242 999 1271 aestuat
1018 1234 1149 1283 ingens

173 1430 218 1464 ri,
242 1429 309 1457 sitis
338 1428 416 1457 milii
444 1429 586 1469 propitii.
601 1445 648 1451 -
663 1428 742 1465 648.

172 1475 282 1515 Culpae
292 1496 301 1510 ‚
318 1475 502 1515 ignominia:
514 1497 522 1511 ‚
540 1475 633 1515 fugae.
646 1476 744 1504 Sanc-

169 1528 224 1554 ta,
254 1521 466 1560 incorrupta;
495 1520 641 1550 Macrob.
674 1522 722 1550 111
737 1543 745 1556 ‚

171 1568 202 1602 3,
217 1573 253 1596 ut
274 1576 344 1606 sup.
360 1567 407 1596 xt
419 1588 427 1603 ‚
452 1566 514 1595 158
540 1566 743 1595 sanctissima

170 1622 302 1651 conjux.

217 1658 296 1687 650.
319 1656 523 1687 Labefactum
549 1659 651 1688 Turni
676 1658 742 1687 ani-

170 1715 258 1734 mum
282 1714 368 1733 nunc
396 1703 550 1744 impellit,
573 1710 671 1744 utque
691 1706 743 1734 AE-

170 1760 237 1780 neae
260 1757 427 1783 occurrat.
454 1756 637 1790 permovet,
660 1761 743 1780 nova

170 1806 243 1827 res:
266 1798 352 1827 Sacae
376 1795 535 1826 vulnerati
565 1804 596 1826 et
623 1798 744 1826 orantis

170 1844 339 1872 miseratio,
359 1843 522 1881 Expressit
549 1843 656 1872 locum
679 1845 745 1873 Sta-

172 1890 234 1918 tius
248 1891 294 1918 xl
311 1888 414 1918 Theb.
432 1890 497 1927 239
517 1900 585 1929 sqq.
602 1906 650 1912 ·—-
665 1889 743 1926 654.

171 1934 337 1964 Fulminat
364 1946 374 1963 .·
403 1945 498 1975 grave
529 1935 743 1972 vocabulum,

171 1983 262 2019 cujus
279 1982 343 2010 viui
358 1980 446 2010 nulla
463 1981 585 2021 vulgari
605 1992 684 2011 voce
699 1992 745 2011 as-

171 2028 320 2067 sequaris.
337 2029 477 2066 stragem
497 2038 570 2057 euin
586 2028 646 2058 late
667 2027 746 2058 faee-

174 2084 204 2101 re
228 2072 394 2111 siguificat.
419 2075 506 2103 Voce
524 2075 589 2111 jani
605 2076 666 2105 Ge.
680 2076 743 2112 lv,

174 2119 235 2147 :361
261 2130 335 2148 usus
351 2126 407 2149 est.
423 2119 507 2150 conf.
529 2121 585 2150 ius.
605 2132 649 2151 νς.
667 2131 743 2159 700.

173 2165 306 2201 —('›:37.
325 2167 446 2195 Mussac
465 2166 525 2196 hoc
546 2167 565 2196 l.
584 2168 674 2197 tacite
691 2167 745 2197 de-

171 2209 293 2240 liberat.
308 2212 417 2241 Manet
431 2219 535 2243 tamen
549 2213 655 2251 notio,
675 2223 747 2254 quae

798 1439 870 1470 sup.
886 1431 953 1466 XI,
976 1430 1040 1467 345
1056 1437 1087 1460 et
1103 1430 1187 1467 454,
1206 1435 1300 1471 atque
1314 1431 1372 1461 inf.

800 1476 865 1512 718
886 1476 988 1512 redit,
1009 1483 1045 1505 ut
1065 1486 1206 1506 mussare
1226 1477 1286 1513 sit,
1306 1487 1374 1507 nou

798 1521 915 1550 audere
929 1529 1036 1561 aperte
1052 1521 1168 1551 dicere.
1189 1521 1310 1552 Eodem
1328 1533 1376 1552 re-

798 1566 898 1596 deunt
913 1567 972 1597 alia
987 1567 1075 1607 apud
1089 1566 1224 1597 Cer-dam
1237 1574 1269 1597 et
1283 1567 1371 1597 alios.

797 1629 845 1636 ——-
861 1613 940 1652 659.
961 1612 1210 1655 Tuifidissima,
1229 1624 1289 1654 pro
1307 1613 1374 1643 vul-

797 1659 883 1698 gari,
904 1660 938 1688 in
961 1665 1006 1694 te,
1025 1659 1103 1696 tibi;
1128 1659 1167 1688 ad
1186 1659 1320 1689 formam
1337 1660 1374 1690 il-

797 1704 859 1734 lius
870 1727 879 1740 ‚
898 1705 944 1734 tui
961 1706 1190 1743 amantissima,
1206 1704 1373 1736 inflexum.

798 1767 843 1773 -—
863 1751 944 1781 660.
961 1751 1129 1781 Erret-rica
1145 1763 1156 1782 :
1177 1750 1266 1793 quod
1278 1762 1374 1793 supra

801 1798 866 1837 599
883 1796 1007 1826 dixerat
1022 1807 1030 1827 ε
1047 1797 1150 1828 subito
1163 1805 1302 1828 mentem
1315 1805 1376 1828 tur-

799 1843 875 1873 bata
904 1843 1034 1878 dolore,
1061 1845 1096 1874 in
1125 1845 1267 1875 furorem
1295 1850 1372 1874 acta.

799 1907 845 1912 —
863 1890 942 1920 661.
963 1889 1080 1919 Atinas
1099 1891 1164 1928 jam
1190 1900 1286 1931 supra
1306 1892 1374 1924 XI,

802 1937 868 1976 869
894 1943 1161 1966 commemoratus
1177 1945 1185 1966 ε
1201 1937 1236 1965 iu
1255 1936 1375 1977 aliquot

800 1984 882 2013 Pier.
912 1990 944 2012 et
963 1984 1071 2013 Burm.
1093 1981 1233 2021 Asylau
1257 1984 1331 2024 quia
1348 1985 1375 2013 is

801 2036 941 2070 etsupra
962 2038 1036 2058 cum
1056 2029 1204 2069 Messapo
1219 2028 1375 2071 jungeba-

801 2082 873 2111 tur,
905 2086 935 2105 v.
960 2085 988 2105 c.
1017 2084 1048 2104 v.
1076 2074 1161 2111 5503
1187 2081 1218 2105 et
1241 2075 1318 2106 hinc
1340 2076 1374 2106 in

800 2121 868 2150 aliis
897 2126 1047 2160 corrupte
1081 2120 1207 2155 Asilas.
1243 2121 1372 2157 Asilas,

800 2166 943 2202 Asillas,
965 2166 1084 2197 Atiras.
1101 2185 1146 2190 —
1166 2168 1243 2204 654.
1262 2169 1372 2199 Deser-

801 2219 832 2243 to
848 2212 881 2243 in
895 2212 1060 2254 gramine,
1077 2221 1222 2245 extremo
1239 2223 1373 2257 campo:
