1414 2435
596 49 718 79 LIBER
742 50 818 80 ΧΠ.

1245 48 1306 78 251

158 114 285 160 Atque
302 121 347 145 ea
364 107 454 145 dum
475 107 617 157 campis
635 107 760 144 victor
778 106 844 143 dat
863 106 998 143 funera
1013 108 1165 144 Turnus
1184 120 1193 142 ε

106 174 257 209 Interea
274 172 418 207 AEnean
435 168 675 216 Mnestheus,
694 177 731 205 et
746 168 844 205 fidus
863 168 1046 214 Achates,

106 232 366 280 Ascaniusque
385 241 528 276 comes,
550 230 682 266 castris
703 237 869 266 statuere
890 237 1109 275 cruentum,
1261 237 1308 261 385

106 291 282 328 Alternos
297 290 409 340 longa
431 289 613 327 nitentem
629 289 786 340 cuspide
806 301 967 338 gressus.

107 351 240 398 Saevit,
259 359 296 388 et
314 351 476 388 infracta
494 351 662 387 luctatur
681 349 867 387 arundine
889 350 1008 387 telum

105 412 283 462 Eripere,
302 411 522 461 auxilioque
542 411 664 456 viam,
684 423 768 460 quae
787 410 980 461 proxima,
998 411 1120 461 poscit
1142 426 1150 446 :

106 475 204 510 Ense
224 481 350 510 secent
369 472 447 509 lato
467 472 623 518 volnus,
645 471 786 521 telique
806 471 993 508 latebram

105 531 336 569 Rescindant
355 531 524 581 penitus,
545 544 702 581 seseque
720 531 759 567 in
777 530 876 568 bella
895 530 1115 568 remitttant.

106 595 267 640 Jamque
288 590 419 627 aderat
437 589 581 626 Phoebo
601 599 688 626 ante
707 590 800 626 alios
821 590 980 627 dilectus
999 589 1100 639 Iapis

107 649 268 696 Iasides3
288 649 367 686 acri
387 649 579 698 quondam
597 649 658 686 cui
679 658 811 699 captus
831 661 961 686 amore

107 711 194 758 Ipse
211 722 296 746 suas
316 709 426 756 artis,
448 722 516 745 sua
535 721 711 754 munera,
730 709 836 745 laetus
856 709 995 757 Apollo

109 769 341 819 Augurium,
359 768 621 818 citharamque
641 766 756 806 dabat
776 767 986 817 celerisque
1003 767 1170 818 sagittas.

157 927 234 957 383.
249 925 345 958 Redit
361 925 399 956 ad
417 928 548 957 AEneam
568 928 682 958 vulne-

109 979 229 1011 ratum,
266 974 356 1012 cujus
390 974 590 1003 curationem
602 996 611 1010 ‚
647 982 684 1004 ut

109 1019 233 1059 epicum
246 1027 374 1060 poetam
388 1020 529 1056 decebat,
548 1020 687 1050 mirabili

110 1066 205 1095 modo
220 1066 350 1106 factam
374 1068 517 1106 exponit.
540 1083 586 1089 --
607 1067 683 1097 385.

110 1112 334 1153 Ascaniusque
354 1123 437 1153 puer
457 1115 572 1149 Rom.,
595 1113 683 1153 quod

109 1158 256 1198 praefero.
280 1158 452 1188 Accedunt
474 1159 504 1188 ei
527 1160 630 1200 Bigot.
652 1166 684 1190 et

112 1205 211 1235 Goth.
219 1215 280 1235 sec.
291 1207 445 1234 etDonat.
460 1204 570 1234 Comes
579 1205 682 1246 friget.

110 1270 157 1276 —
168 1251 245 1282 386.
261 1252 423 1281 Nitentem
439 1250 588 1292 (quoad)
604 1262 686 1291 gres-

110 1310 163 1329 sus
182 1298 319 1328 alternos
338 1297 470 1338 cuspide
481 1320 489 1334 ‚
505 1297 593 1341 ἔγχε’.
609 1297 684 1341 ἐρει-

111 1342 260 1387 δόμενον,
284 1344 430 1382 alternis,
454 1355 556 1385 quum
584 1345 683 1376 altero

110 1391 192 1433 pede
211 1390 421 1428 claudicaret,
444 1391 577 1421 vulnere
591 1392 626 1421 in
638 1393 682 1422 fe-

112 1449 201 1469 more
212 1461 220 1475 ,
237 1444 274 1467 ut
289 1437 456 1478 probabile
470 1436 527 1476 fit,
541 1447 682 1479 accepto.

111 1503 158 1509 —
192 1485 270 1522 387.
303 1484 408 1515 Saem't.
441 1485 525 1515 Bene
543 1508 552 1522 ‚
579 1486 686 1525 inquit

111 1532 258 1568 Servius,
277 1531 348 1561 viro
366 1531 442 1561 forti
455 1531 684 1573 servatldigui-

112 1584 225 1609 tatem:
236 1576 420 1618 indignatur
434 1578 602 1608 hominum
618 1590 686 1619 per-

112 1622 188 1654 fidia
198 1647 207 1661 ‚
230 1624 422 1662 exardescit,
442 1625 529 1665 quod
545 1636 562 1655 a
578 1636 684 1666 pugna

115 1669 306 1699 abstrahitur
322 1679 330 1699 :
347 1671 414 1709 ipse
436 1671 535 1701 telum
552 1679 682 1709 tractat,

114 1715 304 1746 labefactat:
331 1715 430 1745 fracto
450 1717 539 1758 ligno
562 1719 685 1756 poscit,

114 1769 152 1792 ut
178 1761 311 1791 vulnere
336 1761 487 1801 ampliato
516 1762 685 1792 ferramen-

115 1815 185 1838 tum
207 1814 382 1837 exsecetur.
411 1809 526 1838 Omnia
555 1807 623 1837 haec
649 1808 688 1838 ad

115 1860 241 1885 nostros
261 1864 370 1883 sensus
385 1853 686 1891 accommodatiora,

115 1911 210 1941 quam
233 1910 304 1940 quae
329 1900 369 1929 de
394 1900 516 1930 Glauco
533 1902 688 1930 Homerus

116 1947 207 1977 Iliad.
220 1957 246 1976 π
257 1968 266 1984 ,
290 1947 354 1977 508
373 1957 459 1987 seqq.
472 1970 480 1985 ,
496 1947 552 1977 sed
568 1948 688 1976 Home-

116 1994 182 2023 rica
207 1994 360 2034 propiora
391 2001 467 2024 sunt
498 1993 537 2023 ad
566 1999 688 2023 naturae

117 2040 290 2071 veritatem.

167 2085 246 2125 391.
264 2088 405 2127 Jamque
423 2094 492 2117 erat
506 2095 581 2117 ante
605 2086 688 2117 alios

117 2130 204 2162 Leid.
221 2131 333 2163 Pha-bi
343 2135 422 2164 Exc.
436 2135 610 2165 Burmann.
627 2135 687 2164 De-

117 2178 216 2209 lectus
239 2178 327 2212 Gud.
351 2181 434 2211 Mox
455 2180 545 2222 Iapis
560 2181 686 2224 vulgata

737 935 803 959 erat
816 928 923 957 lectio.
941 927 992 958 Sic
1005 926 1153 957 codicum
1168 937 1256 967 pars;
1274 934 1310 957 ut

738 983 800 1005 tres
815 974 966 1004 Gothani.
981 975 1089 1013 Iapyx
1103 974 1254 1003 Heinsius
1267 984 1313 1003 re-

739 1022 823 1062 cepit
851 1020 1064 1050 vetustiorum
1088 1021 1200 1060 utique
1226 1019 1312 1050 codi-

739 1078 812 1098 cum
837 1067 1038 1097 auctoritate.
1055 1067 1187 1097 Rationi
1206 1072 1312 1096 tamen

738 1116 773 1144 in
797 1113 984 1144 nominibus
1006 1113 1145 1154 propriis
1162 1113 1236 1153 plus
1258 1114 1313 1142 tri-

736 1159 904 1190 buendum
916 1159 1055 1189 arbitror
1062 1181 1071 1197 ,
1081 1166 1112 1188 et
1122 1160 1229 1200 lapsus
1242 1170 1313 1200 pro-

739 1207 829 1236 clivis
846 1213 932 1243 erat,
952 1216 1053 1245 quum
1073 1206 1182 1245 Iapyx
1203 1207 1312 1237 notior

739 1260 819 1283 esset
854 1252 1001 1282 librariis.
1037 1251 1161 1291 lapidis
1191 1263 1312 1283 nomen

736 1299 824 1329 haud
844 1298 943 1328 dubie
962 1298 1230 1328 accommodatius
1245 1310 1310 1329 me-

738 1346 828 1384 dico,
848 1356 945 1387 quam
972 1345 1104 1387 Iapygis
1129 1356 1171 1375 ex
1192 1345 1312 1387 Apulia

738 1394 875 1435 petitum
899 1403 906 1423 :
931 1400 962 1423 et
988 1393 1063 1422 facit
1092 1393 1312 1424 auctoritatem

739 1441 901 1471 Ausonius
920 1441 956 1470 in
974 1441 1197 1480 epigrammate
1214 1442 1311 1478 XIX,

739 1487 828 1528 quod
838 1487 995 1528 corrigere
1005 1486 1133 1517 volebat
1142 1488 1292 1517 Heinsius
1303 1498 1310 1518 :

740 1534 880 1564 ldmona
899 1533 986 1573 quod
999 1540 1112 1564 vatem
1122 1556 1131 1569 ,
1154 1533 1310 1564 medicum

739 1580 828 1622 quod
850 1579 968 1620 Iapida
985 1579 1112 1617 dicunt,
1132 1579 1312 1610 Discendas

739 1635 824 1657 arces
840 1626 976 1656 nomina
985 1626 1199 1667 praeveniunt.
1215 1627 1312 1658 Ludit

739 1681 833 1715 poeta
847 1675 881 1703 in
895 1680 1004 1714 etymo
1019 1683 1026 1704 z
1041 1673 1096 1703 sed
1111 1680 1147 1703 ut
1159 1676 1311 1714 Iapygem

740 1732 781 1750 ex
800 1719 904 1750 {icem
917 1720 1070 1756 deducat,
1087 1719 1191 1748 multo
1207 1721 1314 1749 minus

741 1766 834 1795 alicuj
849 1767 883 1794 iu
907 1767 1049 1794 animum
1072 1766 1196 1801 veniat,
1217 1775 1312 1804 quam

741 1813 767 1840 si
792 1810 932 1850 lapidem
956 1809 1073 1840 audiat.
1100 1811 1202 1841 Natus
1225 1821 1314 1842 error

743 1867 783 1886 ex
798 1855 916 1896 laplae,
937 1856 1023 1896 qnod
1038 1864 1070 1886 et
1088 1857 1201 1887 vitiose
1213 1858 1313 1898 scrip-

742 1910 811 1932 tum
820 1901 907 1943 apud
916 1903 1057 1933 Nonium
1069 1909 1100 1933 et
1109 1903 1312 1934 Macrobium

741 1949 868 1990 legitur.
884 1966 930 1972 —-
948 1950 1009 1989 391
1036 1960 1104 1990 sqq.
1132 1950 1232 1990 Iapis,
1251 1951 1313 1980 Iasi

741 1994 846 2032 filius,
871 1995 1037 2025 inducitur
1065 1996 1214 2037 exemplo
1241 1997 1312 2027 Ma-

742 2041 871 2072 chaonis
887 2041 1005 2072 vulnus
1021 2042 1160 2072 Menelai
1175 2045 1313 2074 sanantis

740 2087 831 2119 Iliad.
855 2084 893 2125 ὃ,
920 2090 998 2119 213.
1013 2105 1061 2112 —·
1078 2090 1154 2129 394.
1181 2089 1309 2128 Dabat,

741 2134 815 2165 dare
832 2134 959 2165 volebat
975 2145 983 2166 :
1003 2145 1075 2165 nam
1091 2137 1191 2177 lapis,
1207 2137 1311 2176 optio-

740 2192 780 2212 ne
796 2182 858 2215 sibi
879 2191 897 2213 a
920 2181 1044 2215 Phoeho
1066 2181 1154 2223 data,
1169 2183 1311 2226 praetulit
