1414 2435
606 86 729 116 LIBER
752 86 827 115 xn.
1253 91 1317 125 249

119 146 284 196 Adjuvat
303 144 451 181 incessu
471 142 586 181 tacito
607 154 848 193 progressus,
870 150 906 179 et
926 153 1028 178 aram

121 203 352 254 Suppliciter
369 215 572 248 venerans,
594 202 757 239 demisso
775 200 934 246 lumine,
953 203 1124 245 Turnus,
1268 216 1317 233 ,ιο

120 264 382 313 Tabentesque
401 275 524 313 genae,
545 271 582 299 et
597 262 767 313 juvenali
785 261 825 298 in
844 273 1006 310 corpore
1026 260 1158 310 pallor.

123 326 245 369 Quem
264 323 375 360 simul
395 336 437 360 ac
455 325 475 359 J
479 332 618 359 uturna
637 334 748 359 soror
769 320 1009 358 crebrescere
1028 320 1125 357 vidit

122 385 362 428 Sermonem,
382 392 420 420 et
435 383 538 432 volgi
557 381 706 418 variare
725 381 891 418 labantia
911 381 1045 428 corda,

121 444 165 478 In
185 442 326 479 medias
345 442 460 488 acies,
481 437 641 478 formam
661 441 884 478 adsimulata
903 441 1087 486 Camerti,

123 502 194 540 Cui
214 515 331 552 genus
351 515 373 539 a
391 502 543 552 proavis
562 502 712 551 ingens,
732 501 951 551 clarumque
972 510 1139 550 paternae
1275 508 1322 532 225

122 564 270 598 Nomen
290 570 370 598 erat
390 561 560 607 virtutis,
581 570 618 598 et
635 561 716 610 ipse
734 561 941 597 acerrimus
960 561 1092 607 armis,

125 624 169 657 In
188 620 331 658 medias
351 620 414 657 dat
433 633 514 657 sese
535 620 652 665 acies,
672 620 777 656 haud
793 621 921 656 nescia
940 631 1086 666 rerum,

126 682 389 728 Rumoresque
409 680 500 716 serit
519 679 662 725 varios,
682 692 724 716 ac
742 679 831 716 talia
849 680 951 716 fatur
970 694 978 715 ε

129 755 142 771 «
164 741 250 775 Non
268 737 404 787 pudet,
425 751 448 774 o
465 738 616 785 Rutuli,
635 750 707 787 pro
727 738 872 774 cunctis
890 737 1028 774 talibus
1048 750 1162 774 unam

126 912 203 935 nunc
226 904 344 934 scilicet
366 902 486 933 adstare
502 905 631 933 AEneam
642 925 650 939 ,
667 909 698 932 et

125 955 272 982 Turnum
286 960 353 980 non
367 960 433 979 esse
446 950 544 989 aequis
563 949 695 979 viribus.

125 997 397 1037 simplicissimum
411 1003 477 1025 erat
489 995 637 1035 supplere
653 993 698 1025 ὃν·

126 1053 182 1077 τοις
209 1052 216 1073 :
250 1050 284 1072 uc
301 1042 434 1082 propius
464 1048 599 1070 cernunt
624 1051 677 1070 eos
688 1063 697 1078 ,

126 1088 214 1128 quod
243 1095 333 1117 erant
345 1110 353 1124 ‚
387 1087 476 1116 haud
507 1086 629 1116 viribus
658 1097 700 1116 ιε-

127 1134 195 1175 quis
223 1130 333 1167 ἐπειδὴ
361 1131 468 1175 ὁρῶσιν
504 1130 614 1168 αὐτὼς
630 1131 698 1173 (ἔν-

128 1180 205 1223 τας)
230 1181 285 1211 οὐκ
319 1177 502 1222 ἰσομοίχους,
529 1176 697 1215 ἱσεσθενεῖς.

129 1231 214 1266 Aut,
228 1234 348 1258 servata
376 1226 548 1256 verborum
570 1227 698 1266 junctu-

130 1286 163 1306 ra
181 1285 188 1306 :
206 1282 241 1305 uc
249 1270 381 1316 propius
396 1281 527 1304 cernunt
538 1284 678 1314 pugnam
689 1297 697 1311 ‚

129 1333 201 1362 quae
227 1322 334 1351 futura
365 1327 431 1350 erat
463 1320 553 1349 haud
578 1320 700 1350 viribus

130 1367 240 1409 eequis.
269 1369 365 1397 Hunc
396 1368 431 1396 in
458 1366 588 1396 modum
619 1367 700 1397 bene

131 1415 305 1455 exponitur
321 1413 422 1443 locus.
438 1413 570 1453 Alioqui
589 1413 700 1443 ultima

131 1460 237 1490 adsuta
246 1467 355 1501 putem
364 1470 457 1489 versu
465 1459 649 1500 imperfecto
658 1471 701 1490 re-

130 1507 207 1537 licto
219 1517 226 1536 :
245 1509 322 1536 Tum
334 1505 446 1547 magis,
460 1506 701 1546 utpropiuscer-

132 1560 222 1583 nunt.
232 1555 271 1583 Et
280 1552 343 1582 hoc
353 1552 518 1593 amplexus
528 1559 574 1582 est
583 1554 702 1582 Brunc-

131 1599 213 1630 kius.
229 1601 250 1630 J
252 1610 282 1630 ο.
296 1598 461 1629 Schrader.
476 1600 605 1639 corrigit
614 1598 704 1628 haud

131 1645 254 1674 viribus
268 1655 376 1685 aequos
389 1656 406 1675 e
420 1632 455 1675 vs
469 1646 546 1675 230.
563 1646 629 1676 Nec
642 1656 704 1675 ma-

133 1691 172 1720 le.
184 1708 230 1713 —-
242 1693 283 1720 Uc
292 1690 425 1730 propius
438 1695 573 1721 cernunt
584 1692 704 1721 scilicet

134 1747 292 1776 pugnam,
315 1746 379 1765 non
405 1735 524 1765 viribus
546 1738 646 1776 aequis
659 1739 706 1767 in-

135 1782 283 1812 eundam.
296 1799 341 1804 -
356 1792 432 1821 219.
469 1782 627 1822 Adjuvat,
660 1783 705 1812 fa-

135 1830 195 1865 cit,
215 1835 253 1858 ut
276 1829 319 1857 ita
344 1828 381 1856 iis
410 1825 589 1863 videretur3
613 1834 706 1867 auget

135 1881 359 1904 metum.-22
370 1883 396 1903 1.
412 1872 630 1912 Tabentesque
643 1883 706 1902 reo-

136 1927 166 1949 te
181 1927 343 1961 receptum
359 1929 366 1949 :
383 1918 438 1948 sed
454 1929 471 1947 a
487 1929 552 1958 quo
567 1920 706 1958 primum

136 1966 254 1996 factum
273 1967 397 2008 ignoro.
421 1965 568 1995 Paullum
590 1966 706 1994 Manu-

138 2013 217 2041 tium
233 2023 298 2042 esse
309 2019 401 2052 puto.
409 2013 496 2041 Vett.
507 2010 578 2041 edd.
592 2033 600 2048 ,
615 2012 707 2040 etiarn

139 2057 214 2088 Ald.
237 2065 321 2095 tert„
342 2058 562 2097 Pubencesque
578 2057 706 2098 legunt,

139 2103 227 2143 quod
239 2111 270 2134 et
281 2107 374 2136 Rom.
393 2111 425 2134 et
437 2103 555 2135 Medic.
566 2126 574 2141 ‚
589 2103 642 2133 hic
663 2110 707 2133 ta-

138 2159 227 2186 men,
238 2157 391 2189 quantum
408 2150 551 2191 intelligo
561 2173 570 2186 ‚
584 2151 618 2179 in
633 2150 709 2180 litu-

137 2205 188 2232 ra;
210 2206 283 2226 cum
299 2196 346 2227 his
364 2197 427 2244 Igrf.
445 2199 525 2227 Sunt
543 2203 644 2228 tamen
660 2207 709 2226 co-

751 902 836 932 dices
861 902 957 933 Pierii
980 909 1011 932 et
1026 903 1167 940 Heinsfi,
1188 905 1243 944 qui
1263 905 1290 934 T
1289 914 1323 933 a-

751 949 859 979 bentes
868 948 1022 979 exhibent
1033 959 1041 980 :
1052 949 1130 979 adde
1141 950 1238 980 Goth.
1251 957 1322 980 tert.

752 995 978 1035 Pallentesque
1000 997 1101 1037 Bigot.
1117 995 1324 1036 rubentesque

751 1043 830 1071 Exc.
848 1042 1040 1077 Burmanni,
1066 1042 1123 1082 qui
1145 1042 1259 1080 conjic.
1277 1042 1324 1071 Ia-

752 1087 861 1116 bentes
887 1087 993 1117 fuisse.
1020 1087 1226 1117 Tabescentes
1245 1090 1322 1129 Reg.

751 1132 903 1162 Juvenali
922 1143 996 1162 cum
1014 1133 1200 1163 melioribus
1225 1135 1323 1174 scrip-

751 1180 793 1209 sit
807 1180 916 1209 Heins.
925 1202 934 1219 ‚
949 1189 1008 1220 pro
1024 1180 1145 1221 vulgari
1158 1189 1166 1211 :
1179 1179 1325 1220 juvenili.

753 1228 793 1256 ln
809 1226 896 1256 deest
913 1229 1018 1267 Sprot.
1034 1228 1185 1268 Languor
1199 1227 1250 1257 vel
1265 1235 1325 1258 tor-

750 1284 814 1314 por
825 1271 960 1303 malebat
974 1274 996 1304 J
997 1284 1027 1304 o.
1044 1272 1208 1304 Schrader.
1219 1296 1227 1310 ,
1239 1273 1324 1304 scili-

753 1327 803 1350 cet
813 1321 885 1361 quia
894 1320 926 1349 in
935 1330 1066 1360 corpore
1074 1321 1234 1360 praecessit
1245 1329 1252 1349 :
1265 1331 1325 1360 pro

754 1377 817 1397 ore.
828 1384 874 1389 —-
886 1377 949 1396 222
965 1377 1033 1406 sqq.
1046 1366 1172 1397 Scilicet
1180 1367 1225 1395 sic
1241 1366 1326 1406 apud

753 1415 931 1443 Homerum
957 1413 1048 1443 Iliad.
1073 1408 1094 1442 ὃ
1104 1434 1112 1449 ,
1137 1413 1179 1442 86
1205 1412 1325 1443 Panda-

755 1470 808 1488 rus
826 1460 981 1489 Minervae
997 1460 1122 1488 monitu
1141 1458 1243 1488 foedus
1259 1466 1326 1488 tur-

755 1505 818 1536 bat.
847 1506 933 1535 conf.
959 1515 1053 1546 supra
1072 1507 1122 1543 V,
1142 1505 1229 1545 496,
1249 1511 1326 1545 497.

754 1569 799 1574 —-
813 1552 890 1582 228.
905 1551 1050 1582 Macrob.
1066 1558 1227 1592 comparat
1240 1562 1256 1581 e
1269 1553 1329 1582 Fu-

756 1600 796 1628 rii
812 1598 929 1628 Annal.
947 1601 979 1628 X
994 1600 1209 1638 Rumon-sque
1222 1605 1330 1628 serunt

757 1644 885 1680 varios,
916 1651 948 1674 ec
974 1644 1076 1674 malea
1098 1644 1329 1685 requirunt.—

760 1701 837 1731 2²9·
866 1689 991 1721 Cunctis
1004 1702 1066 1730 pro
1091 1691 1206 1720 talibus
1230 1689 1328 1720 Goth.

758 1748 807 1778 pr.
819 1759 827 1774 ‚
842 1744 879 1766 ut
892 1736 988 1767 Aldd.
999 1747 1060 1766 sec.
1077 1743 1108 1766 et
1123 1743 1194 1765 tert.
1211 1743 1242 1764 et
1253 1735 1329 1764 hinc

759 1783 827 1812 aliae
848 1782 920 1812 edd.
947 1792 1081 1821 cumque
1099 1782 1143 1823 'iis
1169 1780 1329 1822 Cuningh.

759 1828 959 1856 Vetustiores
986 1837 1063 1856 vero
1085 1837 1157 1856 cum
1183 1826 1258 1857 Ald.
1281 1837 1330 1867 pr.

760 1871 866 1901 cuncti
876 1882 938 1911 pro
948 1883 961 1907 ;
984 1873 1108 1902 vitiose.
1124 1875 1188 1902 Pro
1211 1872 1332 1902 cunctis

761 1917 854 1948 codd.
871 1924 948 1948 vett.
971 1928 1021 1958 ap.
1048 1920 1130 1949 Pier.
1153 1925 1184 1948 et
1200 1919 1329 1956 Heins.‚

761 1965 866 2004 itaque
893 1964 945 1993 hic
976 1965 1115 2004 recepit,
1141 1965 1198 1994 etsi
1225 1966 1331 1995 minus

762 2011 903 2051 elegante
917 2010 1089 2040 verborum
1101 2011 1261 2048 junctura.
1278 2011 1330 2042 J0.

761 2056 927 2087 Schrader.
944 2056 1083 2086 tentabat
1100 2065 1107 2085 τ
1118 2056 1202 2096 prola
1213 2059 1226 2086 .'
1242 2067 1333 2088 cunc-

762 2102 802 2132 tis
826 2102 1081 2133 casibus.—-Pro
1111 2103 1232 2133 cunctis
1257 2103 1332 2133 tali-

762 2149 837 2184 bus;
850 2150 883 2179 in
898 2148 1023 2179 landem
1040 2149 1162 2179 dictum
1179 2160 1219 2179 ne
1238 2149 1333 2179 dubi-

763 2203 811 2233 ta,
833 2195 882 2226 vel
902 2203 1032 2237 propter
1049 2207 1093 2226 vs.
1119 2206 1164 2237 sq.
1186 2206 1244 2237 pro
1264 2195 1333 2232 his,
