1414 2435
79 78 142 107 126

577 72 771 108 'AENEmos

74 137 206 171 Mente
224 132 349 178 dares3
371 141 484 182 atque
500 132 581 171 haec
599 135 730 170 Turno
750 142 832 170 rata
850 131 928 170 vita
945 134 1132 170 maneret!

77 196 188 231 Nunc
207 200 332 229 manet
351 191 538 229 insontem
556 191 681 242 gravis
699 191 840 238 exitu53
861 200 926 228 aut
942 205 1013 241 ego
1029 191 1112 228 veri

1224 198 1273 223 630

78 255 185 288 Vana
200 251 313 288 feror.
337 250 450 297 Quod
469 260 511 288 ut
528 263 552 287 o
570 250 697 300 potius
715 250 917 288 formidine
934 251 1026 288 falsa

79 311 227 357 Ludar,
244 319 281 348 et
299 310 339 347 in
358 311 491 348 melius
510 319 593 357 tua,
614 311 680 360 qui
699 320 825 361 potes,
843 323 930 348 orsa
947 310 1135 348 reflectas!
1156 326 1170 343 υ

132 372 223 407 Haec
241 368 310 407 ubi
328 369 429 406 dicta
445 369 568 415 dedit,
588 369 682 406 coelo
699 383 738 407 se
757 378 939 419 protenus
957 370 1032 406 alto

79 429 206 475 Misit,
227 442 339 479 agens
356 428 521 466 hiemem
539 429 670 465 nimbo
690 429 881 466 succincta
896 442 966 478 per
985 442 1113 474 auras,

79 487 310 537 Iliacamque
330 488 449 524 aciem
464 497 501 524 et
519 487 727 524 Laurentia
741 497 864 524 castra
882 487 1029 536 petivit.

1227 494 1276 519 635

132 548 230 582 Tum
250 546 320 583 dea
339 546 441 582 nube
458 559 551 582 cava
567 555 720 583 tenuem
737 547 817 582 sine
833 545 981 582 viribus
999 543 1191 591 umbram,

81 607 126 641 In
145 604 280 641 faciem
296 607 442 650 AEneae,
459 604 546 641 visu
561 604 735 641 mirabile
753 613 983 650 monstrum,

79 663 282 699 Dardaniis
303 672 413 699 ornat
430 663 532 708 telis,
553 663 825 712 clypeumque,
841 662 1030 712 jubasque

82 722 214 759 Divini
231 721 430 759 adsimulat
447 722 598 772 capitis3
619 723 683 759 dat
698 722 825 760 inania
842 721 979 768 verba,

83 892 228 936 gravaris
245 893 363 924 scilicet
378 893 462 924 dare.
486 895 571 924 Rata
593 894 652 924 ele-

83 947 208 981 ganter,
229 939 369 980 adeoque
391 946 545 980 perpetua
559 946 589 969 et
602 941 653 970 in-

84 992 170 1025 tegra
182 1008 190 1022 ‚
207 986 389 1016 incolumis.
408 987 488 1016 Mox
509 996 541 1015 se
555 986 654 1026 ipsam

82 1038 232 1061 retractat
246 1041 254 1062 t
271 1033 441 1062 Enimvero
451 1053 459 1068 ‚
474 1041 572 1067 nunc,
590 1041 656 1060 ma-

84 1084 139 1106 net
166 1084 281 1107 etc.——-
294 1078 361 1106 630
373 1100 381 1112 ,
406 1078 488 1105 631.
513 1079 577 1104 Aut
596 1087 655 1116 ego

82 1121 156 1151 ‘veri
171 1133 265 1151 vana
273 1121 386 1162 fi’ror,
403 1121 463 1150 nisi
484 1120 655 1156 admodum

82 1167 175 1197 fallor
186 1190 194 1204 ,
206 1177 222 1196 a
236 1177 312 1197 vero
327 1167 450 1196 aberro.
464 1168 582 1202 Vanus,
599 1167 655 1207 qui

83 1213 146 1242 sibi
175 1223 254 1243 vana
284 1219 314 1242 et
335 1213 440 1242 inania
465 1211 653 1251 persuadet,

84 1269 193 1288 vanus
223 1258 297 1287 veri
323 1268 422 1298 graece
453 1256 573 1286 dictum
585 1280 593 1295 ,
619 1264 656 1287 ut

84 1304 181 1334 fallax
203 1305 290 1340 veri,
307 1303 460 1344 deceptus
471 1325 479 1340 ‚
495 1303 589 1333 falsus
602 1313 656 1333 ve.-

84 1351 114 1380 ri
128 1350 160 1380 h.
178 1360 264 1379 vero.
283 1349 391 1389 Quod,
412 1349 481 1378 καθ’
497 1347 530 1386 ὃ,
549 1349 657 1389 quain

85 1406 120 1425 re
139 1402 245 1425 tamen
258 1396 381 1425 utinam
398 1394 510 1424 frustra
520 1402 657 1424 metuam

86 1448 118 1470 et
135 1442 260 1471 utinam
281 1447 318 1470 tu
339 1440 508 1471 consilium
522 1439 561 1470 de
580 1443 658 1472 Tur-

86 1496 131 1517 no
150 1494 264 1517 mutes.

135 1532 200 1563 633
218 1543 286 1571 sqq.
311 1534 348 1561 In
365 1532 534 1561 simulacro
550 1533 656 1562 AEneae

87 1577 257 1607 conflando
273 1577 384 1607 habuit
397 1577 580 1617 Apollinem
594 1579 658 1608 Ho-

87 1623 242 1653 mericum
254 1645 262 1658 ‚
275 1633 369 1662 quem
382 1629 581 1662 sequeretur,
601 1624 657 1663 qui

89 1671 195 1699 AEneae
220 1666 345 1698 εἴδωλον
374 1668 486 1706 objicit
509 1668 657 1698 Diomedi

86 1714 127 1744 11.
149 1724 181 1750 ε,
199 1719 265 1754 449
282 1725 329 1754 sq.
348 1711 469 1756 φάσμα.
487 1715 656 1744 Inventum

87 1766 192 1789 autem
207 1760 269 1790 hoc
291 1761 429 1790 sunonis
445 1770 482 1789 eo
500 1761 655 1800 pertinet,

89 1805 194 1845 quod,
208 1807 233 1835 si
250 1807 278 1836 ei
295 1813 401 1846 aperte
418 1805 523 1846 fugam
542 1807 656 1835 suasis-

88 1858 152 1889 set,
171 1862 259 1881 more
279 1852 338 1881 viri
356 1851 445 1881 fortis
466 1853 595 1881 Turnus
608 1851 657 1881 su-

89 1907 136 1937 gae
152 1903 284 1927 mortem
301 1897 500 1937 praetulisset.
516 1896 554 1927 cf.
570 1899 656 1928 Serv.

90 1942 129 1971 ad
145 1944 223 1978 644.
234 1954 264 1972 v.
277 1943 332 1972 inf.
345 1943 412 1972 666
422 1953 490 1983 sqq.
503 1943 657 1980 Imitatus,

90 1988 143 2017 sed
163 1989 269 2019 sobrie
281 2011 289 2025 ,
304 1989 397 2019 Silius
420 1991 451 2019 X
462 2011 470 2025 ,
487 1989 527 2018 83
549 1998 613 2028 sq.,
628 1995 659 2018 et

90 2034 198 2072 paullo
218 2035 386 2074 pinguius,
406 2035 440 2063 in
462 2033 570 2063 fraude
592 2035 658 2064 An-

93 2079 191 2108 nibali
205 2090 219 2108 a
235 2081 362 2109 Junone
377 2080 455 2109 facta
470 2080 527 2110 lib.
544 2081 657 2116 xvu,

92 2124 156 2153 523
175 2136 241 2164 sqq.
259 2141 304 2146 —-
323 2126 385 2162 572
403 2136 470 2165 sqq.
489 2127 520 2154 iu
539 2135 602 2165 quo
616 2125 659 2155 lo-

90 2180 127 2200 co
159 2171 255 2200 multa
288 2181 327 2200 cx
363 2178 470 2200 nostro
501 2181 656 2211 expressa.

705 892 975 934 Antiquissimum
992 890 1089 930 hujus
1104 893 1225 934 generis
1240 891 1278 922 εἴ-

707 936 806 970 δωλον
819 961 828 976 ,
847 939 994 979 Euripidi
1008 936 1137 980 φάσμα,
1156 946 1202 969 est
1219 949 1278 969 nu-

707 985 764 1015 bes
787 986 822 1015 in
844 985 984 1015 Junonis
1006 986 1142 1025 speciem
1157 991 1277 1014 mutata

710 1037 741 1060 et
768 1031 876 1059 Ixioni
905 1030 1040 1068 objecta.
1074 1031 1167 1060 Dicas
1196 1029 1276 1060 forte

708 1076 871 1106 Junonem
896 1083 926 1104 et
943 1075 976 1105 h.
1002 1075 1024 1105 l.
1047 1077 1198 1116 sagaciter
1212 1086 1277 1106 esse

709 1121 880 1150 adhibitam
909 1120 949 1149 ad
970 1127 1147 1151 meteorum
1170 1131 1279 1151 crean-

707 1166 805 1204 dum,
837 1166 973 1206 quippe,
1001 1175 1072 1206 qnae
1100 1168 1179 1197 aeris
1211 1175 1278 1198 erat

708 1212 891 1253 symbolum
933 1212 1070 1251 antiquae
1111 1213 1244 1243 Graeciae
1269 1223 1277 1244 :

708 1257 794 1287 unde
808 1258 868 1286 Iris
886 1264 951 1286 erat
966 1257 1034 1295 ejus
1048 1258 1201 1289 ministra.
1217 1258 1277 1289 Sed

709 1314 726 1333 a
738 1305 872 1333 Marone
883 1302 952 1333 haec
964 1303 1064 1333 aliena
1079 1310 1154 1333 sunt
1165 1326 1174 1341 ,
1188 1305 1279 1345 quip-

710 1360 749 1390 pe
762 1350 815 1379 cui
827 1351 847 1380 J
850 1359 916 1379 uno
930 1359 1064 1390 persona
1078 1350 1202 1390 poetica
1216 1357 1280 1387 est,

712 1406 775 1435 qua
790 1405 931 1424 caussam
945 1394 1135 1425 efficientem
1154 1397 1199 1426 rei
1212 1395 1280 1426 vul·

712 1442 779 1481 gari
803 1440 900 1470 modo
923 1451 991 1471 non
1014 1441 1185 1472 tractandae
1206 1441 1281 1472 sub-

709 1488 798 1525 jicit,
830 1486 1067 1516 accommodate
1103 1493 1207 1517 tamen
1240 1486 1280 1516 ad

712 1531 896 1572 mythorum
926 1530 1034 1562 fidem.
1063 1530 1180 1562 Nimho
1214 1542 1280 1562 suc-

708 1577 834 1612 cincta,
862 1576 960 1607 nube.
988 1576 1135 1607 Hiemem
1157 1588 1278 1619 agens,

709 1623 869 1652 turbinem
881 1645 890 1658 ‚
927 1622 1107 1662 procellam.
1149 1625 1279 1654 Novum

709 1668 771 1698 hoc
795 1667 835 1698 ad
860 1667 925 1698 deae
949 1669 1148 1709 praesentiam
1178 1669 1281 1711 desig-

709 1713 861 1751 nandam,
883 1713 985 1744 sedin
999 1712 1191 1755 ἐπιφανείαις
1206 1714 1282 1746 deo-

710 1771 781 1789 rum
806 1761 839 1789 in
868 1760 993 1800 templis
1019 1770 1086 1790 non
1114 1761 1276 1792 insolens:

710 1805 783 1835 vide
808 1806 989 1836 Callimach.
1004 1806 1038 1835 in
1059 1806 1166 1846 Apoll.
1184 1817 1233 1847 pr.
1248 1814 1279 1836 et

711 1853 818 1892 Intpp.
829 1851 928 1882 Cerda
938 1851 1044 1882 laudat
1057 1862 1098 1881 ex
1111 1851 1216 1882 Valer.
1231 1852 1277 1882 Fl.

712 1899 762 1934 ΙΙ,
788 1908 799 1926 1
811 1898 849 1927 15
872 1898 975 1937 Quum
996 1897 1058 1926 dea
1073 1896 1228 1937 (Venus)
1247 1908 1280 1927 se

706 1942 802 1983 piceo
817 1953 874 1983 per
886 1942 1001 1973 sudum
1025 1941 1149 1971 ewvbida
1173 1942 1280 1973 nimbo

712 1987 906 2028 Proecipitat.
924 2005 968 2010 —
983 1987 1061 2017 638.
1089 1987 1171 2018 Telis
1196 1988 1228 2019 h.
1255 1990 1276 2020 l.

711 2044 770 2074 pro
795 2034 906 2070 armis,
931 2033 1039 2074 paullo
1062 2032 1194 2071 durium
1219 2035 1280 2066 nisi

711 2078 749 2108 de
774 2078 874 2108 valida
898 2081 1003 2110 AEneae
1025 2079 1111 2110 hasta
1139 2081 1282 2121 accipere

710 2131 846 2165 praestat.
880 2126 960 2155 Mox
987 2124 1077 2163 sabas
1105 2136 1164 2166 pro
1193 2127 1279 2167 galea

711 2181 783 2201 cum
798 2172 899 2203 crista.
916 2187 961 2195 -
974 2172 1051 2213 (539.
1071 2172 1190 2202 Inmeia
1208 2183 1281 2203 ver-
