1414 2435
568 79 690 111 LIBER
714 82 760 111 IX
766 103 773 110 .

1224 84 1240 113 Οἵ

1248 85 1263 113 50

79 153 92 169 «
112 137 236 174 Macte
254 149 352 174 nova
368 134 528 180 virtute,
545 149 659 185 puer3
679 138 732 174 sic
752 137 828 174 itur
848 137 894 175 ad
912 148 1032 186 astra,

77 196 144 233 Dis
163 198 303 245 genite,
324 205 360 232 et
379 196 551 245 geniture
569 195 659 233 deos
681 197 789 246 :jure
807 199 932 235 omnia
948 199 1048 236 bella

79 259 199 294 Gente
214 254 284 291 sub
305 255 478 292 Assaraci
496 256 573 292 fato
593 266 753 293 ventura
773 258 937 295 resident
954 272 963 294 :

76 318 156 352 Nec
176 324 212 352 te
231 315 341 365 Troja
360 315 471 364 capit.
491 332 506 348 »
528 316 667 361 Simul,
687 317 767 354 haec
787 318 940 363 effatus,
960 317 1006 355 ab
1025 318 1100 355 alto

76 373 230 410 AEthere
248 388 287 411 se
305 375 437 421 mittit,
456 375 633 424 spirantis
653 375 820 413 dimovet
839 390 968 423 auras,

1215 387 1264 416 645

76 433 355 483 Ascaniumque
373 433 481 484 petit.
499 436 675 471 Formam
695 444 775 472 tum
793 436 960 473 vertitur
980 436 1055 473 oris

75 589 120 595 ——-
140 571 217 607 641.
231 573 357 601 Maccus
372 570 450 611 quid
469 572 508 601 sit
523 572 645 613 origine

74 625 107 648 et
136 628 194 646 usu
210 639 218 653 ,
248 619 375 657 copiose
405 617 584 647 declaratur
610 619 645 647 in

74 663 237 694 Thesauro
251 664 395 699 Gesner„
409 674 467 693 nec
481 664 576 693 latere
589 674 645 704 po-

75 716 134 739 test
149 720 221 738 eum
244 711 298 749 qui
316 720 409 738 usum
428 710 561 738 similem
575 720 644 739 voc.

76 762 201 788 auctus,
225 761 317 794 atque
333 755 410 784 adeo
427 765 548 796 augens
564 754 644 794 (Ca-

77 801 147 830 tull.
168 800 274 840 Epith.
299 801 362 831 Pel.
391 802 472 837 323,
489 807 520 830 et
535 801 569 830 in
587 801 644 831 Ca-

76 847 162 876 tonis
182 846 288 875 verbis
309 847 395 886 apud
411 847 492 877 Gell.
511 848 645 883 XVIII,

81 891 136 933 12)
148 893 343 929 meminerit3
359 904 418 922 nec
433 900 536 922 tamen
548 892 600 921 hie
616 899 648 922 et

76 939 112 968 in
135 938 291 968 similibus
317 938 395 968 locis
428 939 574 968 satisfacit
585 961 594 976 ,
621 940 648 968 si

77 991 182 1014 teneas
197 991 335 1014 mactum
350 995 414 1015 esse
427 992 550 1014 auctum
561 1007 569 1021 ‚
584 995 648 1014 am-

76 1029 262 1071 plificatum.
288 1032 343 1061 Est
364 1030 499 1072 aliquid,
525 1031 552 1061 si
574 1031 645 1060 red-

78 1076 132 1106 das
147 1086 154 1106 :
169 1087 188 1106 o
202 1087 282 1117 puer
304 1084 395 1106 aucte
405 1101 412 1114 ‚
434 1084 543 1107 ornate
563 1087 646 1107 nova

78 1123 206 1152 virtute.
231 1123 290 1152 Sed
307 1123 436 1165 ⁴videtur
463 1123 548 1152 aliud
569 1122 647 1162 quid

78 1169 209 1209 insuper
228 1167 379 1198 desidera·
390 1170 414 1205 i,
431 1168 518 1209 quod
533 1179 573 1198 ex
588 1179 646 1198 no-

78 1215 165 1244 tione
195 1222 304 1244 auctus
319 1237 328 1250 ‚
363 1216 419 1255 qui
450 1215 590 1244 fructum
617 1220 648 1243 et

77 1271 171 1290 usum
193 1271 227 1290 ac
250 1261 446 1301 voluptatem
464 1260 570 1296 affert,
594 1260 649 1290 eli-

79 1307 228 1336 ciendum
240 1313 296 1338 est.
311 1307 434 1338 Scilicet
448 1314 569 1335 maccus
582 1305 648 1335 lau-

79 1353 134 1390 de,
150 1353 283 1389 virtute,
300 1360 347 1382 est
358 1354 414 1393 qui
428 1352 544 1381 fruitur
556 1351 649 1381 laude

79 1411 96 1429 e
108 1410 142 1429 re
156 1400 236 1429 bene
250 1406 348 1440 gesta,
363 1409 403 1428 ex
416 1408 564 1428 successu
579 1407 650 1437 gau-

79 1445 173 1483 dens,
200 1445 339 1475 fructum
362 1445 480 1474 laetitiae
502 1443 576 1473 inde
603 1454 651 1473 ca·

78 1493 169 1532 piens
189 1501 196 1522 :
217 1492 306 1521 etsie
325 1491 406 1520 nihil
421 1497 467 1520 est
482 1489 569 1530 quod
588 1500 649 1519 me-

78 1538 141 1568 lius
154 1548 265 1568 vocem
278 1537 387 1567 reddat
401 1547 494 1576 quam
509 1533 649 1578 ὀνήμενος

81 1585 116 1613 in
138 1584 196 1614 illo
218 1585 389 1614 Homerico
405 1582 520 1624 Odyss.
546 1580 585 1620 β,
607 1583 648 1612 33

81 1622 192 1665 Εσθλός
208 1640 260 1672 μοι
277 1626 363 1660 δοκεῖ
377 1624 463 1659 εἶναι.
481 1621 647 1670 ὸνῆμενος,

81 1676 139 1716 qui
152 1675 292 1705 fructum
308 1675 381 1705 inde
395 1676 512 1715 capiat,
527 1676 579 1704 cui
594 1674 647 1704 be-

82 1731 122 1751 ne
135 1721 193 1758 sit,
213 1721 294 1751 bene
313 1721 449 1751 eveniat!
467 1720 559 1750 Unde
576 1720 646 1750 vul-

81 1777 153 1809 gare
176 1768 362 1798 Graecorum
383 1764 483 1802 ὄναιο,
511 1773 548 1795 ut
569 1766 601 1796 h.
625 1766 648 1796 l.

84 1812 167 1844 ὄναιο
184 1815 238 1848 τῆς
255 1813 325 1848 νέας
339 1811 467 1855 ἀρετ-ῆς
486 1811 566 1841 bene
583 1822 653 1841 eve-

82 1861 150 1890 niat
166 1860 306 1900 primum
326 1859 388 1889 hoc
412 1858 538 1888 virtutis
559 1856 654 1887 docu-

81 1907 245 1936 mentum!
278 1906 342 1936 laeti
365 1906 406 1934 sit
435 1904 566 1935 ominis!
591 1904 653 1933 Mi-

83 1963 155 1983 rum
173 1959 279 1983 tamen
291 1951 379 1993 quod
392 1951 593 1992 grammatica
606 1960 654 1979 ra—

85 1999 131 2028 tio
154 1999 190 2028 in
214 2009 277 2028 usu
303 1998 389 2028 vocis
416 1995 525 2027 deficit
549 2005 556 2026 :
580 2005 654 2025 nam

85 2044 171 2085 apud
195 2045 321 2075 Livium
345 2043 433 2085 jubet
455 2053 525 2073 eum
553 2049 655 2072 macte

87 2089 207 2121 virtute
216 2101 299 2127 esoe5
313 2097 344 2120 et
357 2097 462 2120 tamen
474 2088 559 2118 idem
572 2099 656 2118 mac·

87 2135 112 2165 ti
123 2135 257 2173 virtute,
275 2135 389 2166 milites
405 2134 558 2171 Romani,
578 2142 652 2165 este.

85 2184 119 2215 Si
138 2182 174 2212 in
193 2182 338 2214 formulis
356 2181 396 2214 ad
411 2181 487 2213 deos
503 2180 655 2222 precandi

698 574 853 610 occurrit,
868 580 938 603 tum
950 580 1070 604 maccus
1082 573 1209 604 videtur
1222 585 1267 605 es-

697 630 730 649 se
744 620 846 655 laetus,
859 621 1027 659 propitius.
1043 620 1083 650 cf,
1099 621 1212 651 Caton.
1227 621 1266 651 de

698 667 768 695 RR.
788 666 917 700 134.—
929 666 1006 701 642.
1027 666 1178 695 Genicure
1191 667 1268 696 deos

698 717 829 750 propter
846 711 867 740 J
870 711 969 740 ulium
985 711 1137 741 Caesarem
1152 718 1184 741 et
1198 713 1267 741 Au-

699 763 844 796 gustum,
862 763 899 785 ut
912 758 999 787 Serv.
1015 773 1063 779 ——-
1081 757 1164 793 642,
1189 757 1267 793 643.

698 801 938 831 Adscrihendus
960 809 1006 831 est
1028 801 1083 831 hic
1106 802 1198 832 locus
1212 804 1266 839 iis,

698 848 733 876 in
756 847 872 888 quibus
891 849 976 888 pacis
999 858 1057 888 per
1075 848 1186 878 orbem
1210 856 1271 879 ter—

700 904 807 923 rarum
833 895 987 924 restitutae
1013 900 1044 923 et
1068 895 1144 925 Jani
1171 894 1271 925 clausi

700 941 850 970 memoria
871 940 1059 971 celebratur.
1084 941 1175 971 Certe
1198 948 1272 980 post

701 987 742 1016 U.
768 986 803 1017 C.
825 987 888 1024 725
913 987 1027 1026 scripta
1043 985 1111 1016 haec
1128 996 1193 1015 esse
1212 997 1269 1016 ne-

702 1042 786 1062 cesse
807 1039 862 1063 est.
886 1033 1004 1062 Merito
1019 1031 1081 1062 hoc
1105 1039 1167 1062 tuae
1184 1033 1270 1073 genti

700 1077 844 1116 dabitur,
860 1085 897 1108 ut
912 1077 1067 1108 oriundus
1089 1088 1130 1107 ex
1154 1088 1189 1107 ea
1203 1079 1271 1107 Au—

700 1131 810 1165 gustus
828 1125 934 1154 omnia
947 1123 1028 1152 bella
1042 1122 1143 1154 finiat.
1169 1123 1271 1153 Gente

700 1170 856 1200 Assaraci
875 1169 915 1199 ad
937 1168 1137 1209 splendorem
1155 1170 1271 1200 oratio·

701 1217 751 1245 nis
772 1217 931 1256 pertinet:
949 1222 986 1244 ut
1003 1225 1073 1255 sup.
1092 1214 1131 1244 ad
1152 1215 1270 1256 Georg.

701 1263 770 1298 111,
787 1262 846 1298 35;
860 1263 931 1291 AEn.
948 1261 980 1297 Ι,
997 1261 1073 1296 284.
1090 1260 1270 1302 Bellafato

701 1314 840 1337 ventura
850 1318 862 1343 ;
876 1306 961 1336 hona
973 1305 1209 1342 determinatio,
1225 1307 1272 1336 in—

702 1354 813 1393 primis
839 1359 984 1393 respectu
1010 1351 1167 1381 bellorum
1195 1353 1271 1382 civi-

702 1399 799 1436 lium,
824 1398 863 1428 de
889 1398 1006 1439 quibus
1029 1399 1165 1427 maxime
1192 1399 1272 1427 acci-

702 1445 838 1486 piendus
859 1445 960 1474 locus.
984 1461 1029 1467 —
1052 1444 1130 1479 644.
1155 1444 1225 1473 Nec
1241 1450 1273 1474 te

707 1493 735 1521 T
733 1491 803 1531 rosa
819 1490 907 1530 capit
913 1502 926 1527 ;
941 1491 1059 1528 majore
1080 1491 1199 1519 virtute
1222 1499 1274 1519 or-

703 1544 796 1566 natus
821 1547 915 1577 quam
941 1546 1002 1576 pro
1031 1542 1095 1565 tam
1123 1535 1275 1565 tenuibus

703 1583 816 1621 rebus,
845 1583 886 1613 ad
917 1592 996 1622 quas
1025 1591 1113 1611 nunc
1144 1581 1275 1619 Troiani

703 1629 821 1659 redacti
841 1635 926 1659 sunt.
947 1627 1068 1668 Capere
1092 1637 1159 1657 non
1177 1626 1273 1656 infre-

702 1686 803 1716 quens
814 1675 876 1705 hoc
889 1685 961 1704 usu.
971 1673 1089 1704 Laudat
1099 1674 1272 1703 Burmann.

701 1728 791 1751 notas
807 1721 847 1751 ad
867 1720 962 1752 Ovid.
981 1720 1029 1748 111
1045 1720 1140 1749 Trist.
1157 1725 1192 1755 4,
1212 1719 1271 1754 3ο;

703 1773 734 1796 et
752 1766 858 1796 Barth.
877 1765 917 1795 ad
931 1768 1008 1796 Stat.
1024 1766 1039 1794 1
1056 1763 1175 1794 Achin.
1195 1763 1271 1793 151.

702 1813 825 1842 Notum
841 1812 914 1841 satis
927 1817 973 1840 est
988 1809 1067 1839 illud
1082 1809 1219 1849 Philippi
1234 1807 1274 1838 ad

705 1856 923 1888 Alexandrum
933 1855 1036 1885 filium
1047 1864 1054 1886 :
1066 1856 1181 1895 Quaere
1190 1854 1276 1885 aliud

706 1913 853 1944 reguum,
880 1897 1065 1932 Μακεδονία
1089 1898 1151 1944 γάρ
1177 1910 1211 1930 σε
1238 1899 1273 1931 οὔ

706 1948 812 1992 χωρεῖ.
826 1966 873 1973 -
895 1949 972 1984 645.
993 1947 1156 1988 Spiranees
1177 1956 1273 1977 auras

707 2006 766 2026 nec
776 1995 896 2031 vitales,
906 2005 978 2024 cum
988 1994 1114 2029 Servio,
1128 2003 1188 2022 nec
1200 1992 1275 2023 odo-

708 2052 772 2078 ηε,
805 2052 879 2071 cum
912 2039 1030 2077 Cerda,
1059 2038 1114 2069 sed
1144 2037 1254 2069 flames
1265 2061 1274 2074 ‚

707 2086 856 2122 πνεούσαις
874 2084 970 2129 αὔρας
993 2086 1110 2126 accipe.
1133 2101 1181 2108 ——-
1195 2085 1274 2120 646.

707 2136 856 2164 Formam
866 2133 976 2164 Heius.
987 2143 1004 2162 e
1016 2130 1201 2162 melioribus
1210 2133 1276 2161 Pie-

706 2181 786 2212 riau.
796 2186 828 2211 et
839 2180 918 2219 suis,
930 2189 989 2221 pro
998 2177 1133 2220 vulgari,
1141 2176 1252 2218 jbrma
1263 2186 1275 2206 .-

1111 2239 1152 2274 5*
