1414 2435
612 61 734 93 LIBER
759 64 816 94 IX.
1266 64 1307 93 63

121 117 168 152 Et
187 116 341 154 citharae
360 117 485 164 cordi,
505 129 760 169 numerosque
777 120 970 158 intendere
989 121 1133 167 nervis-3

122 177 280 226 Semper
296 190 434 226 equos,
454 186 568 228 atque
588 192 692 216 arma
710 180 852 226 virum,
871 194 1088 230 pugnasque
1108 179 1278 217 canebat.

173 236 339 274 Tandem
358 238 552 285 ductores,
573 240 702 277 audita
718 240 820 278 caede
837 254 1010 286 suorum,

119 298 357 335 Conveniunt
377 300 531 346 Teucri,
552 301 791 348 Mnestheus,
809 315 970 351 acerque
991 304 1178 347 Serestus;

118 356 357 407 Palantisque
373 360 504 396 vident
520 361 660 408 socios,
679 361 900 411 hostemque
921 371 1126 412 receptum.

1261 368 1310 401 780

116 417 165 451 Et
180 417 401 456 Mnestheus
422 434 429 455 :
447 437 462 453 «
482 423 568 466 Quo
584 421 720 458 deinde
738 422 882 471 fugam,
898 435 973 471 quo
990 419 1307 469 tenditisi‘inquit.

117 478 224 521 Quos
244 479 335 516 alios
355 492 502 526 muros,
520 494 604 530 quae
618 482 696 531 jam
712 482 811 518 ultra
829 483 965 518 moenia
982 481 1151 519 habetis?

117 537 226 573 Unus
246 537 379 584 homo,
401 547 437 575 et
456 540 610 585 vestris,
629 553 652 575 o
673 542 792 586 cives,
812 541 980 590 undique
1000 549 1138 591 saeptus

115 597 348 646 Aggeribus,
368 609 489 636 tantas
507 608 648 648 strages
663 601 805 650 inpune
824 614 893 650 per
910 601 1044 637 urbem

115 655 311 693 Ediderit?
326 660 509 707 juvenum
528 659 669 707 primos
687 669 741 696 tot
758 659 902 695 miserit
921 662 1048 695 Orco?
1262 666 1308 699 7⁴⁸5

114 716 201 751 Non
220 716 379 753 infelicis
400 718 550 766 patriae,
570 727 818 767 veterumque
835 717 1013 762 deorum,

115 775 162 810 Et
180 776 306 824 magni
323 778 449 813 AEneae
469 790 599 826 segnes
619 774 845 826 miseretque
861 776 1078 826 pudetque?
1096 791 1111 807 »

114 833 268 871 Talibus
289 835 440 872 adcensi
462 837 677 883 firmantur,
697 845 734 874 et
751 837 898 886 agmine
918 836 1034 872 denso

115 895 343 932 Consistunt.
365 899 515 934 Turnus
535 898 731 947 paullatim
750 897 933 934 excedere
953 908 1098 945 pugna,

112 957 161 992 Et
179 955 338 993 fluvium
359 966 507 1007 petere,
527 971 570 995 ac
591 967 756 1008 partem,
774 971 857 1007 quae
881 957 1044 1006 cingitur
1065 955 1174 992 amni.
1259 971 1307 995 790

113 1016 248 1053 Acrius
268 1016 341 1054 hoc
360 1019 497 1054 Teucri
516 1019 679 1055 clamore
696 1018 915 1055 incumbere
936 1029 1091 1066 magno,

112 1076 159 1110 Et
175 1075 384 1124 glomerare
403 1091 556 1114 manum
575 1092 582 1113 ε
602 1092 672 1115 ceu
690 1091 830 1115 saevum
848 1077 961 1115 turba
976 1077 1122 1113 leonem

112 1206 168 1231 est.
182 1217 228 1223 ———
241 1212 256 1239 7
265 1202 317 1239 76.
332 1203 462 1242 Proprie
476 1203 685 1233 intenduntur

113 1246 214 1282 nervi,
233 1258 288 1276 seu
303 1246 399 1285 fides,
417 1249 473 1278 sed
491 1260 564 1279 cum
582 1250 620 1278 iis
635 1250 683 1288 ip-

111 1293 152 1321 sis
165 1293 378 1323 intenduntur
391 1295 476 1331 soni,
495 1306 553 1335 pro
567 1295 683 1335 quibus

111 1338 236 1368 doctius
264 1351 413 1369 numeros
442 1343 548 1381 posuit
574 1351 582 1371 ;
608 1348 684 1370 sunt

111 1386 196 1415 enim
211 1384 281 1415 s‘oni
297 1388 475 1423 numerosi,
500 1388 526 1416 si
549 1394 614 1416 arte
629 1386 684 1416 eli-

111 1432 249 1461 ciuntur.
271 1433 394 1471 Equos,
418 1440 453 1462 ut
477 1434 683 1462 Homericum

110 1475 240 1514 ἵππους,
256 1488 368 1507 currus
382 1478 463 1507 dixit
475 1488 482 1508 ε
496 1489 562 1507 non
578 1488 683 1517 eques-

109 1531 172 1554 tres
188 1534 318 1560 cursus3
334 1535 408 1553 nam
425 1523 531 1562 adjicit
547 1534 639 1552 arma
652 1529 683 1552 et

104 1580 244 1611 pugnas.

159 1616 235 1653 778.
254 1615 408 1646 Tandem.
424 1617 509 1645 Bene
524 1616 651 1645 Servius
671 1624 678 1645 ζ

109 1675 125 1686 «
144 1663 254 1691 Servat
268 1659 302 1690 τὸ
317 1661 452 1704 πρέπον,
466 1672 506 1690 ne
518 1664 680 1702 praesenti—

109 1707 170 1737 bus
187 1707 325 1736 ducibus
343 1710 472 1738 Turnus
494 1715 542 1737 tot
564 1715 680 1748 strages

110 1754 220 1783 fecisse
240 1753 394 1783 videatur.
411 1767 427 1778 u
443 1770 487 1776 —-
506 1754 583 1790 780.
603 1754 680 1783 Pal-

109 1800 272 1840 lentesque
295 1801 422 1840 Menag.
450 1810 497 1838 pr.
525 1816 572 1822 —
601 1800 640 1836 78
651 1810 677 1837 r,

112 1846 189 1884 782.
206 1847 333 1885 Ajacem
347 1846 399 1875 hic
416 1845 519 1874 reddit
534 1856 574 1875 ex
589 1845 678 1876 iliad.

110 1902 143 1930 ο,
161 1894 225 1931 732
240 1904 308 1934 sqq.
326 1886 369 1922 Ηέ
385 1890 467 1927 τινάς
485 1901 585 1934 φαμεν
604 1886 679 1921 εἶναι

110 1936 303 1982 ἀοσσητῆρας
327 1937 461 1974 ὁπισσως
479 1933 521 1971 fii
537 1949 566 1968 τι
579 1938 679 1978 τεῖχος

111 1982 212 2028 ἄρειον
228 1993 287 2017 etc.
306 2003 353 2009 —
372 1986 448 2024 786.
472 1989 590 2017 Nonne
612 1986 680 2014 Me-

110 2031 173 2063 dic.
191 2043 206 2061 a
224 2043 309 2064 man.
333 2043 394 2063 sec.
412 2032 474 2064 Ms.
501 2032 580 2064 Coll.
602 2032 679 2061 Jesu

112 2077 338 2118 elegantissime
351 2086 559 2120 veterumque
564 2088 680 2118 paren-

111 2130 177 2154 tum
193 2135 204 2154 .·
218 2125 305 2165 quod
318 2125 550 2156 VVakefieldum
567 2132 680 2165 praetu-

109 2169 180 2201 lisse
191 2168 281 2202 haud
295 2172 403 2203 miror.
415 2190 459 2196 —-
470 2171 611 2214 Infelicis
619 2181 680 2212 pa-

736 1202 806 1232 trioe
822 1204 856 1232 in
873 1213 956 1233 nova
975 1202 1070 1239 Troja
1085 1199 1225 1230 redditae.
1246 1201 1306 1227 Ve-

735 1255 835 1278 terum
855 1249 986 1278 deorum
997 1271 1005 1283 ,
1025 1248 1189 1278 Penatium
1201 1268 1209 1281 ,
1226 1255 1306 1284 quos

736 1295 808 1324 alias
827 1294 968 1335 patrios,
995 1304 1010 1322 a
1035 1293 1179 1332 patribus
1198 1300 1306 1330 accep—

736 1347 784 1370 tos
795 1363 803 1377 ,
821 1340 972 1380 appellat,
993 1339 1110 1378 quique
1123 1348 1210 1367 nunc
1227 1335 1307 1366 urbe

736 1393 824 1426 capta
843 1388 877 1415 in
892 1386 1029 1415 hostium
1047 1394 1158 1413 manus
1180 1382 1307 1413 venturi

735 1439 820 1462 sunt.
839 1450 886 1454 -——
907 1432 982 1468 788.
1007 1432 1107 1459 Ornat
1124 1430 1305 1468 simplicita-

736 1484 798 1507 tem
813 1478 975 1508 Homerici
991 1486 1099 1505 versus
1115 1476 1152 1504 Il.
1171 1473 1202 1511 ζ,
1224 1474 1303 1510 106;

737 1533 771 1561 ο,
794 1525 870 1559 342·

784 1570 860 1609 789.
891 1570 1054 1599 Discessus
1081 1569 1183 1598 Turni
1204 1569 1304 1608 impa-

733 1615 801 1646 vidi
815 1623 846 1645 et
859 1616 991 1645 animosi
1004 1615 1038 1643 in
1052 1615 1118 1654 ipsa
1135 1614 1206 1654 fuga
1220 1624 1306 1655 egre-

734 1663 783 1702 gie
797 1669 926 1692 ornatus
940 1668 999 1698 est;
1013 1671 1072 1690 ncc
1087 1667 1189 1689 tamen
1199 1660 1304 1697 Ajacis

732 1709 823 1738 illum
838 1708 979 1738 nobilem
1001 1707 1169 1736 discessum
1190 1705 1301 1746 (Iliad.

732 1757 767 1790 λ,
781 1755 843 1789 543
856 1764 938 1793 sqq.;
951 1754 1016 1782 555
1026 1750 1302 1791 sqq.)superatum

732 1800 844 1829 dicam.
861 1817 907 1822 —
930 1809 1006 1837 790.
1020 1800 1050 1827 A
1063 1798 1173 1826 dextra
1194 1803 1283 1837 parte
1294 1821 1302 1834 ,

732 1847 758 1875 si
772 1856 788 1875 a
805 1847 963 1875 Laurento
979 1844 1101 1873 venisse
1123 1843 1250 1873 Latinos
1272 1850 1303 1873 et

732 1891 868 1922 Rutulos
881 1897 1007 1931 reputes
1019 1912 1026 1927 ,
1043 1896 1140 1919 castra
1155 1888 1195 1918 ad
1209 1888 1301 1919 Tibe-

733 1939 792 1967 rim
811 1936 1042 1978 pertingebant.
1069 1946 1099 1965 v.
1123 1945 1193 1975 sup.
1222 1935 1298 1974 469.

731 2000 777 2007 ·—
798 1995 874 2023 792.
895 1982 1095 2022 Comparatio
1112 1981 1278 2011 Homerica
1291 2004 1299 2017 ,

731 2030 785 2061 sed
798 2029 968 2060 admodum
982 2029 1115 2065 variata,
1132 2037 1172 2056 ex
1189 2026 1300 2057 eodem

730 2077 801 2107 Ioco
819 2076 908 2106 Iliad.
933 2078 967 2112 λ,
987 2075 1048 2112 547
1068 2084 1135 2113 sqq.
1157 2073 1299 2103 Variavit

731 2130 837 2153 tamen
863 2132 931 2152 eam
957 2122 1023 2162 ipse
1049 2122 1207 2149 Homerus
1236 2119 1298 2148 alio

732 2170 803 2200 loco
831 2169 968 2210 egregie,
995 2166 1084 2197 Iliad.
1111 2176 1143 2208 p,
1172 2165 1233 2194 108
1253 2183 1298 2188 —-
