1414 2435
620 34 743 64 LIBER
767 36 808 64 X.

1247 31 1308 60 103

119 90 360 139 Dextcraque
381 103 427 126 ex
445 89 605 126 humero
621 90 748 126 nervis
768 88 995 126 moribunda
1014 87 1204 139 pependit.

121 151 217 185 Tum
235 150 429 197 Numitor,
445 150 572 199 jaculo
589 150 714 187 fratris
733 149 779 186 de
796 162 956 198 corpore
975 159 1104 200 rapto,

121 209 265 245 AEnean
282 209 408 258 petiit3
430 210 495 246 sed
515 222 592 245 non
611 219 648 246 et
665 210 779 258 figere
796 217 927 245 contra

120 269 186 304 Est
202 268 364 315 licitum,
381 269 582 318 magnique
603 269 726 305 femur
744 269 963 317 perstrinxit
981 269 1148 306 Achatae.

121 327 193 363 Hic
213 328 392 374 Curibus,
412 329 529 365 fidens
548 329 730 378 primaevo
751 341 930 378 corpore,
951 330 1105 366 Clausus

1263 336 1311 366 345

118 386 301 434 Advenit,
320 396 357 424 et
377 388 500 438 rigida
519 391 714 438 Dryopem
734 389 820 425 ferit
839 389 983 426 eminus
1004 390 1111 426 hasta

121 447 202 484 Sub
221 458 389 485 mentum
408 450 574 498 graviter
593 462 739 498 pressa,
758 449 976 498 pariterque
996 449 1182 498 loquentis

119 508 261 543 Vocem
281 508 518 557 animamque
536 509 653 558 rapit,
674 509 831 559 trajecto
848 517 1018 558 guttu1·e;
1040 517 1078 545 at
1096 508 1158 544 ille

121 569 261 603 Fronte
279 568 365 604 ferit
385 576 542 614 terram,
563 578 599 605 et
617 582 784 606 crassum
802 569 921 605 vomit
938 581 1003 605 ore
1022 581 1207 605 cruorem.

122 627 206 663 Tris
225 641 377 677 quoque
396 628 592 665 Threicios
611 631 741 666 Borcae
761 630 807 665 de
824 638 934 678 gente
954 641 1149 677 suprema,

1267 637 1314 660 350

121 689 167 725 Et
188 687 272 733 tris,
292 701 386 737 quos
404 688 489 725 Idas
509 697 618 738 pater
637 697 673 724 et
693 689 816 739 patria
835 691 978 725 Ismara
996 688 1128 733 mittit,

122 813 246 850 evellit,
271 823 403 854 eamque
423 815 458 843 in
474 816 603 844 AEneam
620 816 692 844 mit-

121 859 162 888 tit
172 860 333 890 Numitor.
341 877 389 882 —
400 861 440 896 34
449 871 461 889 1
469 884 476 891 .
503 862 693 901 Dexo-aque

119 915 181 946 per
189 904 334 936 humeros
347 917 410 937 sec.
428 907 580 937 Rottend.
598 907 694 937 Pudi-

123 950 231 981 bunda
264 953 392 993 Hagen.
403 955 603 983 —Dextera
629 964 694 983 mo-

124 997 261 1027 ribunda
285 1009 296 1028 .·
321 1000 423 1039 qualis
441 1010 506 1029 esse
528 1000 607 1029 solet
626 1011 694 1030 mo-

124 1043 254 1073 ribundi
263 1044 402 1075 hominis
413 1068 421 1083 ‚
436 1046 586 1086 languida
598 1056 606 1077 ε
620 1057 694 1087 pen-

125 1089 179 1119 det
195 1090 310 1127 nervis,
324 1102 380 1131 per
395 1102 509 1122 nervos
520 1115 528 1128 ,
539 1091 571 1122 h.
586 1103 613 1122 e.
628 1099 693 1122 teu-

125 1135 213 1165 dines
224 1158 233 1172 ‚
256 1136 425 1177 ligamenta
459 1145 490 1167 et
519 1139 690 1168 musculos.

123 1183 170 1211 Ita
184 1182 267 1211 enim
281 1190 383 1223 poetae
394 1183 454 1212 hac
467 1194 545 1214 voce
559 1184 691 1214 abutun-

124 1234 195 1258 tur:
213 1239 244 1258 ν.
273 1239 300 1258 c.
334 1230 445 1259 Horat.
469 1231 484 1259 1
512 1231 616 1261 Carm.
636 1231 689 1267 28,

129 1275 179 1304 13.
205 1275 356 1305 Occurrit
377 1281 479 1304 tamen
507 1283 537 1305 et
566 1278 694 1316 propn'e

124 1319 255 1350 dictum.
276 1322 323 1350 Ita
344 1321 488 1352 Mam-ob.
505 1323 568 1350 VII
579 1344 588 1357 ,
606 1333 626 1361 9
641 1333 693 1362 ag-

124 1367 226 1396 noscit
234 1374 353 1407 septem
363 1378 536 1397 nervorum
550 1366 694 1411 συζυγίας

123 1413 258 1448 -342,
284 1413 380 1444 Color
408 1413 528 1453 ubique
550 1415 695 1444 Homeri-

126 1469 182 1488 cus
191 1481 199 1495 ‚
216 1466 252 1488 ut
265 1466 297 1489 et
309 1461 344 1489 iu
356 1459 418 1489 hoe
431 1470 524 1488 versu
539 1461 615 1489 etin
629 1471 694 1500 seq.

124 1505 236 1546 Figere
253 1513 365 1535 contra
383 1502 482 1542 πῆξαι
502 1503 627 1548 ἀντικρὺ
639 1529 647 1544 ,
661 1508 696 1536 in

125 1550 254 1581 adverso
274 1554 379 1582 AEneae
397 1562 542 1592 corpore.

173 1598 252 1633 345.
280 1597 402 1628 Viribus
423 1597 474 1627 lzic
485 1597 597 1640 fidens
618 1598 693 1630 Ald.

125 1653 186 1673 sec.
201 1650 232 1672 et
242 1643 312 1673 edd.
322 1644 442 1684 aliquot
455 1651 527 1674 ante
538 1646 620 1675 Pier.
632 1646 666 1674 H
667 1645 694 1674 ic

124 1687 245 1718 viribus
260 1689 334 1719 Ald.
349 1701 398 1729 pr.
408 1712 417 1726 ‚
433 1696 469 1719 ut
483 1697 513 1719 et
529 1691 626 1720 Goth.
643 1701 691 1730 pr.

125 1734 187 1764 fflc
202 1735 340 1764 curribus
354 1737 447 1765 Rom.
469 1736 612 1766 Curribus
630 1735 691 1767 lzic.

124 1787 196 1811 tert.
216 1780 460 1823 Curibusfidens
468 1781 603 1811 malebat
617 1783 690 1814 Cer-

126 1827 165 1856 da
185 1827 328 1869 jungere.
353 1826 516 1869 Atfidens
543 1827 687 1867 juventa,

124 1873 249 1910 robore,
269 1884 328 1914 pro
352 1883 447 1909 usus,
470 1873 608 1910 habens;
628 1875 692 1912 jam

125 1919 201 1950 alibi
227 1921 404 1957 monitum,
430 1917 502 1949 ἀλκὶ
524 1918 690 1955 mmet-34

127 1965 269 1996 Tandem
305 1968 425 1996 Lausus
467 1966 586 1996 lectum
620 1973 690 1996 ante

124 2013 274 2043 Pieriam.
315 2011 376 2044 Sed
417 2012 549 2042 Clausus
589 2023 692 2043 emen-

124 2056 210 2088 davit
225 2059 400 2100 Naugerius
418 2065 449 2089 et
467 2060 547 2089 Pier.
564 2071 594 2090 v.
609 2061 672 2089 VII
682 2081 690 2096 ‚

130 2104 204 2134 106.
222 2104 358 2135 Videtur
379 2112 482 2135 autem
497 2107 532 2135 in
552 2105 690 2136 Claudiae

122 2151 222 2190 gentis
231 2152 362 2191 gratiam
375 2151 525 2183 Clausum
540 2151 626 2183 hunc
638 2163 690 2182 or-

745 825 831 845 nare.
841 832 888 837 ——-
897 814 1030 844 Clausus
1041 837 1048 851 ‚
1066 814 1119 853 qui
1133 813 1250 843 Latinis
1264 814 1317 842 Sa-

746 861 838 891 binos
855 861 1041 890 adduxerat.
1058 860 1124 889 vid.
1137 861 1220 896 VII,
1241 860 1315 889 106.

746 907 862 938 Ft'dens
872 906 1027 947 primaevo
1041 916 1187 945 corpore,
1206 906 1318 943 juven·

748 960 790 984 ta.
807 970 852 976 —-
874 953 950 989 346.
983 952 1124 982 Advolat
1150 951 1316 991 Oblongus

749 1001 860 1037 Pierii,
882 998 996 1030 Hamb.
1021 1009 1069 1039 pr.
1093 1004 1123 1028 et
1147 1008 1209 1027 sec.
1237 999 1315 1027 Rot-

748 1045 832 1076 tend.
851 1057 924 1075 cum
947 1045 1033 1075 Leid.
1060 1047 1212 1084 Dryopen
1229 1043 1312 1084 lege-

745 1092 861 1130 batur;
900 1092 1046 1131 rescripsi
1084 1093 1245 1130 Dry-opem
1275 1099 1316 1118 ex

746 1136 857 1181 Δρύεψ.
875 1138 1037 1177 Drz'opem‚
1058 1139 1194 1177 Dyopen
1208 1158 1216 1173 ‚
1231 1145 1315 1165 erra-

744 1191 813 1214 tum
827 1195 875 1225 ap.
889 1186 1063 1214 Burmann.
1083 1201 1130 1206 —-
1145 1184 1221 1220 347.
1237 1183 1318 1210 Has-

746 1237 780 1260 ta
811 1230 952 1271 graviter
976 1240 1089 1269 pressa
1099 1253 1108 1266 ,
1144 1230 1295 1268 impressa
1305 1249 1313 1264 ‚

748 1276 825 1306 dum
843 1276 897 1305 ille
920 1271 1090 1317 ἐπερείδει,
1107 1281 1142 1304 nt
1163 1276 1257 1304 Hom.
1275 1273 1314 1303 11.

748 1332 781 1364 ρ,
813 1328 851 1360 47
892 1327 923 1351 et
952 1321 1040 1351 alibi.
1061 1338 1105 1343 ———
1129 1320 1204 1350 350.
1241 1320 1315 1348 Tres

752 1367 909 1397 Threicios
924 1369 1036 1396 Boreoe
1049 1367 1088 1396 de
1098 1373 1194 1407 gente
1210 1375 1316 1405 supre-

750 1424 814 1444 ma.
838 1413 968 1454 Duplex
995 1409 1136 1453 suppetit
1162 1413 1317 1451 interpre-

749 1461 844 1498 tatio,
864 1467 1000 1500 utraqne
1021 1460 1084 1496 jam
1100 1460 1135 1488 in
1160 1457 1315 1489 Servianis

748 1507 909 1547 proposita
920 1529 928 1544 ‚
959 1516 1018 1535 nec
1057 1504 1190 1534 definire
1223 1503 1314 1540 licet,

747 1559 819 1582 utra
847 1553 887 1582 sit
912 1552 1035 1588 verim-3
1056 1550 1095 1580 ad
1119 1560 1246 1581 sensum
1270 1555 1315 1578 ta-

747 1609 821 1628 men
848 1609 955 1628 meum
980 1604 1105 1638 praestat
1133 1596 1289 1638 posterior
1305 1604 1312 1624 :

748 1647 861 1674 Boreoe
873 1655 953 1687 gens
965 1654 1112 1684 suprema
1127 1649 1232 1684 potest
1249 1651 1315 1671 esse

745 1698 884 1721 extrema
902 1698 983 1720 terra
998 1690 1134 1720 borealis
1146 1711 1154 1725 ‚
1170 1695 1207 1718 ut
1223 1697 1315 1716 vene-

745 1737 810 1766 rint
820 1737 867 1766 illi
884 1748 924 1766 ex
936 1736 1076 1766 Thraciae
1091 1734 1234 1775 partibus
1245 1743 1313 1762 ver-

745 1792 797 1811 sus
821 1783 1066 1822 septentrionem
1096 1780 1224 1810 ultimis,
1254 1780 1313 1817 Po-

745 1834 804 1857 test
820 1835 924 1857 tamen
936 1829 1055 1856 Boreas
1068 1827 1160 1855 etiam
1170 1835 1235 1856 esse
1244 1834 1313 1854 auc-

745 1880 796 1903 tor
814 1875 938 1914 stirpis,
958 1884 974 1902 a
990 1883 1052 1913 qua
1072 1872 1161 1902 ducti
1179 1870 1226 1901 illi
1251 1877 1313 1900 tres

745 1919 808 1949 dici
831 1926 964 1960 potuere
984 1928 992 1948 :
1018 1921 1130 1948 Boreae
1153 1917 1193 1947 de
1216 1923 1312 1959 genle

744 1976 890 2005 suprema
919 1965 951 1996 h.
979 1965 1089 1995 ultima
1100 1986 1109 2001 ‚
1135 1963 1313 2003 antiquissi-

744 2013 840 2050 sima3
857 2019 893 2042 ut
903 2022 984 2052 gens
999 2022 1058 2052 pro
1075 2020 1188 2052 genere
1205 2010 1313 2039 sit.—

747 2059 823 2089 351.
839 2059 883 2087 Ec
897 2056 1023 2098 patria,
1040 2059 1167 2087 Ismara
1186 2055 1314 2085 mittunt

744 2104 897 2134 malebam
910 2105 1075 2145 scriptum.
1091 2105 1205 2144 Sicque
1219 2101 1315 2131 video

743 2153 835 2181 etiam
853 2151 1020 2181 Ileiusium
1034 2151 1070 2180 in
1086 2150 1167 2181 votis
1184 2147 1313 2178 habuis-
