1414 2435
593 86 716 118 LIBER
740 88 782 117 X.

97 148 218 173 rantur.
234 144 321 173 Inter
333 145 401 174 illas
416 150 496 182 artes
514 150 545 174 et
557 145 668 174 inven-

99 195 130 217 ta
145 196 247 228 poetae
262 190 461 220 referendum
480 197 511 219 et
526 190 588 220 hoc
606 197 667 227 est,

99 233 187 273 quod
210 235 271 265 hoc
296 236 380 266 libro
404 236 561 273 Arcades,
585 237 669 266 libro

101 281 148 310 XI
162 282 302 318 Etrusci,
316 289 347 311 et
359 284 422 312 XII
429 283 558 320 Trojani
571 284 669 312 maxi-

102 336 152 355 me
165 327 292 356 virtutis
301 337 366 357 suae
373 329 543 368 specimina
553 329 668 364 edunt3

101 382 173 411 quae
189 379 220 401 et
231 373 297 412 ipsa
316 385 364 404 res
379 374 417 404 ad
431 376 611 404 varietatem
628 374 669 403 fa-

101 418 154 448 cit.
166 419 203 448 In
212 420 279 458 ipsa
289 428 392 450 autem
400 431 578 462 pugnarum
589 431 671 450 com-

101 466 329 496 memoratione
338 489 346 503 ,
363 466 603 496 difficultatibus
616 468 659 495 im

101 510 282 549 plicitumse
289 514 403 541 sentire
411 512 593 542 debuituon
600 522 673 553 pau-

103 557 146 585 cis
161 567 220 586 nec
241 558 385 595 levibus,
404 559 548 598 inprimis
567 558 668 598 quod,

102 613 234 642 quoquo
243 613 275 632 se
289 611 425 634 verteret
435 628 442 642 ,
457 605 491 633 in
504 614 538 633 ea
551 616 673 644 semper

104 648 281 685 incidebat,
300 661 370 689 quae
388 650 427 680 ab
448 652 588 680 Homero
609 652 673 689 jam

103 701 192 723 erant
226 701 370 733 tractata;
403 696 471 726 haec
504 697 602 736 igitur
638 704 674 725 ut

104 740 253 777 variaret,
279 749 433 779 mutaret,
462 743 520 771 alia
550 743 672 772 ratione

105 796 162 815 nec
189 787 294 816 minus
315 787 481 818 commode
508 794 671 824 tractaret,

103 839 259 871 perpetuo
285 839 386 872 poetae
411 834 470 862 suit
496 832 672 862 allaboran-

105 877 193 908 dum.
208 878 294 908 Facit
306 885 412 908 autem
430 878 558 908 taedium
574 880 674 908 serius

65 919 74 928 “
105 933 204 964 ocyus
217 924 319 954 omnis
333 925 486 962 imitatio,
506 934 577 964 quae
600 935 674 953 cum

104 969 210 999 studio
239 980 274 999 ac
303 972 507 1001 contentione.
534 970 677 999 variandi

106 1025 140 1044 ea
151 1038 160 1052 ,
177 1026 248 1056 quae
259 1017 324 1054 jam
342 1017 382 1046 ab
403 1017 464 1047 alio
477 1016 605 1057 proprie
622 1027 676 1045 ex-

105 1062 207 1101 posita
234 1069 341 1100 erant,
358 1064 524 1102 conjuncta
542 1069 597 1093 est.
618 1065 676 1092 At-

107 1118 169 1147 que
191 1107 252 1138 hoc
278 1108 359 1138 illud
382 1115 445 1145 est,
462 1108 549 1148 quod
571 1119 676 1148 repre—

107 1153 255 1184 hensioni
272 1162 374 1194 poetae
390 1155 552 1184 interdum
570 1154 678 1184 locum

110 1199 210 1229 facere
228 1207 333 1240 potest
347 1210 354 1230 :
373 1202 430 1230 etsi
447 1211 552 1230 caussa
566 1201 612 1229 rei
623 1210 678 1240 pa-

109 1255 181 1274 rum
199 1245 412 1276 animadversa
434 1248 472 1276 iis
483 1268 491 1283 ,
505 1242 576 1286 qui,
593 1245 680 1286 quod

110 1291 407 1332 reprehendendum
418 1299 507 1328 esset,
518 1291 678 1329 videbant,

110 1347 172 1376 qua
204 1337 242 1367 de
273 1349 379 1368 caussa
405 1337 680 1378 reprehensionem

109 1382 239 1413 haberet
251 1407 258 1421 ,
274 1385 379 1414 minus
387 1384 605 1425 pervidebant.
616 1385 681 1414 Nec

112 1435 216 1459 tamen
229 1452 237 1466 ‚
253 1431 399 1470 inprimis
419 1441 517 1471 quum
534 1431 601 1468 ejus
619 1429 680 1459 lec-

111 1474 197 1504 tione
211 1477 350 1506 animum
363 1476 525 1506 imbutum
539 1476 680 1511 haberet,

108 1519 142 1549 iu
160 1521 282 1552 diversa
295 1522 335 1552 ab
354 1524 495 1553 Homero
509 1522 612 1558 abire,
629 1528 682 1551 aut

1222 89 1234 110 1
1243 88 1284 122 ‘'*9

721 145 812 174 aliani
834 143 914 172 viam
941 143 1002 172 sibi
1024 141 1214 183 patefacere,
1236 148 1291 170 aut

722 190 810 220 aliter
829 200 877 218 res
897 189 1017 218 tradere
1035 194 1177 229 poterat,
1191 188 1252 216 nisi
1274 198 1290 216 a

722 237 852 265 veritate
865 241 986 264 naturae
999 234 1144 264 recedere
1152 233 1291 263 volebat.

723 282 819 322 Quod
846 282 943 321 igitur
969 280 1007 309 ab
1025 280 1153 310 homine
1171 279 1290 309 sollerti

723 335 753 357 et
766 327 916 368 prudenti
931 325 998 355 fieri
1013 332 1152 366 poterat,
1169 325 1202 354 id
1217 325 1292 354 fecit

723 381 815 414 poeta
826 396 834 409 ‚
849 379 886 402 ut
911 383 951 401 ex
978 372 1155 412 arg-umenti
1179 377 1290 400 natura

724 430 842 460 pugnas
855 425 1097 459 persequeretur
1106 424 1137 446 et
1147 417 1293 446 locorum

725 473 755 495 et
772 466 939 495 hominum
964 470 1085 493 naturae
1103 463 1293 492 convenien-

725 519 790 548 ter,
808 522 866 540 nec
883 518 987 540 tamen
999 510 1065 539 sine
1081 515 1225 549 respectu
1241 518 1294 548 po—

725 558 883 598 pularium
895 579 903 593 ‚
928 555 1045 597 quibus
1071 555 1194 595 placere
1228 563 1294 582 car-

725 614 798 633 men
821 603 968 638 volebat‚
991 601 1094 630 varios
1110 600 1293 640 praeliorum

727 660 815 678 casus
829 654 1019 688 exponeret;
1035 654 1134 686 utque
1145 668 1153 683 ‚
1171 646 1296 685 quoties

726 696 761 724 in
777 705 812 724 ea
827 693 996 730 incideret,
1011 703 1082 732 quae
1101 693 1140 722 ab
1154 694 1295 722 Homero

725 751 759 770 ea
784 751 856 770 cum
875 740 967 778 copia
984 745 1087 769 essent
1109 738 1239 772 tradita,
1259 744 1296 765 ut

725 786 919 816 deterrerent
932 795 1041 814 omnes
1057 785 1113 823 qui
1128 784 1234 814 eadem
1249 793 1297 823 ag-

726 832 815 873 gredi
831 832 968 867 vellent‚
988 841 1022 859 ea
1044 831 1222 866 omitteret,
1243 836 1298 858 aut

726 878 865 907 breviter
884 878 1069 917 attingeret3
1089 877 1138 906 sin
1162 876 1232 906 talia
1252 886 1297 904 es-

728 931 815 960 sent,
845 929 883 952 ut
894 945 902 960 ‚
930 933 995 962 quo
1027 923 1093 962 ipse
1120 922 1296 952 Maeonium

728 977 854 1011 poetam
872 969 1041 1009 superabat
1052 990 1059 1004 ‚
1075 975 1223 997 ornatum
1245 967 1299 996 ad-

728 1017 889 1045 mitterent
899 1037 907 1051 ,
923 1025 957 1044 ea
976 1021 1007 1044 et
1021 1015 1084 1043 situ
1097 1014 1254 1052 adjunctis
1268 1020 1299 1042 et

730 1062 797 1092 aliis
813 1061 908 1091 rebus
922 1061 1038 1090 variata
1050 1066 1178 1089 ornaret
1192 1066 1223 1089 et
1239 1070 1299 1088 am-

728 1107 899 1149 plificaret,
920 1114 974 1136 aut
1001 1106 1107 1143 cultu,
1127 1106 1278 1146 elegantia
1291 1128 1298 1141 ‚

731 1165 766 1184 ac
797 1153 948 1183 suavitate
985 1152 1237 1193 phantasmatum
1272 1158 1302 1180 et

731 1200 902 1230 verborum
913 1199 1078 1239 expoliret.
1089 1199 1165 1227 Haec
1174 1197 1301 1237 quidem

734 1248 838 1275 animo
855 1252 960 1274 tenere
975 1244 1068 1273 debet
1079 1244 1120 1280 is,
1135 1244 1190 1283 qui
1203 1243 1241 1272 de
1255 1242 1303 1272 his

733 1292 823 1321 libris
835 1291 993 1328 judicium
1006 1290 1107 1318 facere
1121 1289 1182 1318 sibi
1195 1289 1301 1318 sumit.

735 1340 778 1368 Ut
791 1347 866 1367 vero
882 1336 994 1375 aliquis
1009 1345 1081 1364 cum
1095 1335 1225 1375 Guyeto
1242 1340 1303 1362 tres

734 1390 908 1423 postremos
922 1381 1022 1412 libros
1035 1380 1171 1422 Virgilio
1185 1379 1306 1418 abjudi-

736 1437 799 1465 σοι,
826 1429 1000 1470 graviores,
1018 1437 1111 1467 quam
1135 1436 1211 1466 quas
1238 1427 1304 1464 ipse

735 1477 768 1505 in
793 1481 943 1515 promptu
968 1473 1098 1510 habuit,
1115 1472 1226 1502 afferre
1251 1470 1303 1500 de-

734 1522 788 1551 bet
799 1531 932 1550 caussas.

1118 2236 1180 2272 13*
