1414 2435
559 78 683 108 LIBER
710 81 751 108 X.

1193 87 1252 115 ι.’.·

1241 109 1247 117 ,

15 181 23 188 ⁷
63 135 234 172 Clamore
253 134 456 172 incendunt
473 134 608 172 eoelum
624 138 817 185 Troesque
835 138 1045 186 Latinique.
1208 147 1255 176 ⁵95

62 194 226 232 Advolat
241 197 395 242 AEneas,
415 194 625 244 vaginaque
645 197 758 246 eripit
775 210 917 243 ensem,

62 257 109 291 Et
128 268 242 304 super
257 255 339 292 haec
360 270 367 291 :
386 273 401 288 «
420 255 498 292 Ubi
517 269 616 292 nunc
633 257 843 294 Mezentius
862 271 964 303 acer,
986 266 1023 294 et
1037 257 1100 294 illa

61 314 189 350 Effera
205 314 262 351 vis
281 315 419 351 animi?
437 333 450 347 υ
473 317 612 352 Contra
629 317 867 365 Tyrrhenus,
887 324 929 352 ut
947 330 1056 354 auras

62 372 278 422 Suspiciens
298 374 424 410 hausit
441 374 594 420 coelum,
614 383 853 424 mentemque
872 376 1014 425 recepit
1031 389 1039 410 :

63 448 78 464 «
99 434 228 470 Hostis
245 446 389 479 amare,
410 434 501 483 quid
521 435 742 484 increpitas,
761 445 998 485 mortemque
1015 434 1192 473 minaris?
1204 452 1252 476 900

60 490 216 528 Nullum
232 492 273 529 in
289 493 390 529 caede
408 493 530 540 nefas;
549 507 618 530 nec
635 494 688 531 sic
705 495 753 531 ad
769 495 899 544 praelia
913 495 1020 541 veni,

61 553 141 588 Nec
160 561 284 589 tecum
305 566 410 589 meus
425 553 506 590 haec
525 554 669 604 pepigit
689 555 781 591 mihi
803 555 947 592 foedera
966 558 1123 592 Lausus.

61 612 191 648 Unum
211 612 303 660 hoc,
323 626 410 662 per,
431 613 462 650 si
481 626 556 663 qua
575 623 631 651 est
649 615 757 652 victis
774 616 886 652 venia
904 615 1097 661 hostibus,
1116 627 1185 652 oro
1192 630 1204 661 ;

62 672 208 720 Corpus
228 672 345 709 humo
365 674 511 722 patiare
532 674 624 723 tegi!
649 674 735 711 Scio
756 674 894 711 acerba
911 686 1085 711 meorum

62 730 314 767 Circumstat-e
334 732 439 779 odia3
458 732 578 777 hunc,
598 745 683 780 oro,
704 732 863 770 defende
886 734 1071 778 surorem3

61 864 108 868 —-
119 847 196 886 895.
218 846 363 875 Clamore
381 846 554 876 incendunt
571 858 630 877 coe-

62 892 146 928 lum,
169 893 218 921 uti
245 898 276 921 et
302 901 380 921 mox
402 893 469 928 XI,
495 899 554 930 147
584 893 633 923 in-

62 938 204 967 cendunt
215 937 404 967 clamoribus
422 937 528 967 urbem
539 961 548 973 ,
569 949 634 968 esse

63 993 123 1022 pro
153 983 300 1024 implent,
329 982 420 1012 facilc
447 983 581 1023 quilibet
604 991 635 1013 et

62 1028 168 1058 videat
183 1036 214 1058 et
226 1029 320 1060 dicat.
331 1028 392 1059 Sed
402 1030 557 1059 rationem
567 1030 636 1060 red-

63 1073 137 1104 dere
160 1084 227 1104 non
251 1081 314 1104 tam
337 1073 428 1103 facile
448 1081 504 1104 est.
534 1075 636 1105 cerda

62 1118 140 1148 duas
155 1121 292 1150 rationes
306 1121 461 1160 proponit
477 1130 484 1150 ε
501 1131 635 1161 quarum

62 1172 176 1194 neutra
191 1166 349 1195 satisfacit.
362 1166 446 1195 Mihi·
454 1166 499 1195 sic
509 1166 636 1196 videtur

63 1210 261 1250 expedienda
283 1211 383 1241 forma
412 1211 502 1242 haec:
523 1211 634 1242 incen-

63 1256 140 1285 dere
153 1258 255 1296 poetis
274 1263 320 1286 est
339 1267 450 1298 augere
461 1278 469 1293 ,
483 1268 634 1297 magnum

67 1301 168 1331 facere
185 1301 273 1342 quid.
294 1302 373 1332 Inde
388 1302 506 1332 dicitur
520 1303 634 1343 aliquis

64 1346 236 1377 incendere
262 1348 435 1378 clamorem
468 1347 501 1377 in
538 1359 630 1384 aere,

64 1393 158 1428 coelo,
183 1393 215 1423 h.
241 1404 268 1423 e.
290 1404 440 1434 maguum
467 1393 636 1423 clamorem

64 1449 203 1469 movere.
237 1439 289 1468 Sic
325 1439 493 1468 incendere
518 1439 635 1468 luctum

63 1494 134 1524 sup.
155 1486 214 1520 lx,
233 1485 297 1514 500
310 1496 316 1502 ·
309 1484 418 1522 ‚vires
431 1487 503 1514 AEn.
519 1485 576 1515 lib.
592 1487 634 1521 V,

67 1531 150 1567 455,
171 1536 202 1559 et
224 1538 304 1570 quot
325 1541 391 1560 non
407 1531 476 1560 alia.
493 1532 635 1560 Ductum

65 1583 170 1605 autem
192 1586 234 1605 ex
257 1577 466 1617 Tragicorum
485 1575 543 1617 φὶέ
529 1586 582 1628 εγε
570 1587 609 1605 ειν
624 1598 633 1611 ,

66 1619 177 1661 ἐπιφλέ
164 1632 214 1664 γε
203 1632 263 1657 ειν,
280 1632 340 1662 pro
357 1621 409 1664 ἐγε
413 1619 501 1663 ί,ρειν
520 1619 573 1651 ἀνε
561 1632 624 1665 γε’.
617 1639 638 1650 .-

66 1678 98 1709 ρ
86 1677 137 1697 ε.ιν
165 1677 198 1696 v.
229 1676 256 1696 c.
280 1667 446 1706 Sophoclis
473 1668 525 1705 Aj.
560 1668 635 1707 196.

64 1714 159 1743 Nunc
177 1711 261 1741 conf.
276 1711 417 1743 Brunck.
438 1712 477 1742 ad
496 1713 635 1753 AEschyl.

65 1761 150 1790 Pers.
169 1758 244 1798 393.
261 1759 331 1788 Jam
345 1764 439 1798 poeta
453 1758 516 1787 hoc
531 1759 636 1798 ipsum

65 1804 190 1834 doctius
211 1804 359 1833 transfert
387 1803 424 1832 ad
454 1803 586 1839 coeIum,
602 1810 637 1832 uc

67 1850 180 1880 coelum
195 1849 335 1879 clamore
349 1848 558 1886 incendatur,
575 1859 635 1889 pro

65 1896 206 1926 clamore
226 1894 357 1924 incenso
377 1895 409 1924 in
426 1895 524 1930 coelo,
547 1905 635 1931 aere3

66 1949 223 1982 quatenus
239 1951 314 1970 usus
332 1941 486 1981 loquendi
500 1943 543 1970 ita
556 1941 616 1970 fert
626 1963 634 1976 ‚

67 1994 103 2017 ut
121 1999 170 2018 res
187 1998 302 2028 magno
323 1994 413 2017 motu
428 1994 557 2027 accepto
572 1997 637 2017 om-

67 2034 146 2064 nino
165 2033 374 2069 incalescere,
383 2032 511 2075 fervere
528 2032 637 2062 dican-

68 2086 128 2110 tur.
147 2081 231 2110 Hinc
244 2078 465 2120 sbrafervent
490 2078 637 2109 clamori-

67 2125 138 2161 bus,
155 2124 280 2155 theatra
289 2126 434 2166 strepitu,
453 2137 553 2167 quum
565 2136 636 2166 pro-

66 2172 136 2212 prie
150 2171 295 2212 strepitus
297 2171 473 2213 ferventia
491 2171 632 2210 theatris,

1205 741 1255 772 905

687 849 719 879 h.
745 859 773 879 e.
801 849 913 887 ingens
936 846 1127 885 sit.—-899.
1143 846 1259 876 Hausit

687 894 801 924 coelum
823 892 890 923 scil.
908 892 1014 922 hausit
1031 892 1149 928 oculis,
1167 892 1254 932 quod

687 940 813 976 malim3
829 949 885 968 seu
899 938 1015 968 coelum
1024 948 1083 978 pro
1093 948 1180 973 aura,
1194 939 1258 966 ani-

687 996 756 1022 ma,
773 994 866 1024 quam
893 985 1023 1023 recepit.
1051 985 1100 1014 Sic
1127 982 1256 1022 expedi-

689 1032 751 1060 tius
772 1037 851 1059 esset
872 1029 953 1059 forte
965 1051 973 1066 ‚
990 1031 1123 1068 jungere
1138 1038 1146 1058 ε
1162 1038 1258 1058 auras

689 1075 807 1112 hausit,
828 1074 1002 1115 suspiciens
1029 1076 1140 1105 coelnm
1160 1085 1171 1104 .·
1195 1075 1257 1104 nisi

688 1122 789 1152 oratio
812 1122 857 1151 sic
878 1121 973 1151 nimis
990 1123 1095 1151 tenuis
1120 1119 1259 1150 efficitur

688 1178 747 1207 pro
757 1167 848 1207 epico
859 1168 1008 1197 carmine.
1018 1184 1065 1189 -—
1075 1177 1118 1206 90
1126 1177 1139 1195 1
1153 1189 1162 1203 ,
1178 1176 1257 1206 902.

688 1212 837 1242 Interfice
859 1222 933 1242 me:
958 1219 1093 1242 mortem
1118 1222 1186 1241 non
1204 1211 1258 1241 de-

687 1268 810 1297 precor.
838 1259 909 1287 Hoc
929 1259 975 1286 sic
1001 1257 1116 1286 extulit
1141 1264 1257 1296 poeta:

687 1305 761 1333 Non
776 1304 835 1332 erit
853 1303 997 1338 crimini,
1017 1312 1066 1330 me
1084 1302 1258 1330 interfecis-

688 1359 738 1384 se,
756 1348 877 1377 nullum
897 1347 930 1376 in
948 1346 1034 1376 ccede
1049 1346 1256 1386 nefizs(Serv.

688 1401 719 1424 et
736 1393 835 1424 Cerda
851 1403 858 1423 ε
877 1393 989 1423 «Mori
1015 1393 1085 1422 viro
1105 1391 1180 1421 forti
1201 1402 1257 1421 ne-

688 1439 733 1468 fas
746 1449 813 1469 non
825 1445 872 1468 est
883 1448 891 1468 :
901 1453 917 1464 ι»
928 1437 1015 1478 quod
1025 1445 1071 1467 est
1080 1436 1256 1477 remotius);

690 1495 749 1514 ncc
770 1484 862 1514 sia...
887 1485 1009 1514 Lausus
1023 1493 1067 1513 sc.
1092 1489 1129 1512 ut
1151 1493 1192 1512 ne
1207 1493 1257 1511 me

688 1529 903 1567 interficeres,
924 1536 978 1558 aut
996 1536 1032 1558 ut
1049 1539 1106 1568 ego
1122 1535 1257 1557 mortem

690 1576 886 1616 deprecarer.
910 1576 979 1604 Imo
997 1584 1074 1603 vero
1085 1596 1093 1610 ‚
1111 1573 1189 1602 dum
1207 1583 1258 1602 su-

691 1628 809 1662 perstes
826 1623 926 1650 Lauso
945 1630 1010 1649 esse
1025 1629 1093 1648 non
1107 1620 1257 1654 sustinet,

690 1668 774 1697 mori
789 1667 980 1696 decreverat.
1005 1666 1075 1694 Nec
1102 1671 1203 1694 tecum
1222 1664 1255 1694 h.

689 1723 749 1742 nec
767 1715 868 1742 Lauso
886 1722 902 1740 a
922 1718 952 1740 te
964 1720 1043 1739 caeso
1058 1720 1173 1750 pugnae
1192 1709 1258 1738 haec

689 1757 834 1789 conditio
848 1757 942 1786 nobis
961 1756 1124 1796 proposita
1142 1761 1197 1784 est.

737 1805 814 1843 903.
830 1805 910 1838 Per,
932 1801 961 1830 si
980 1811 1045 1841 qua
1066 1807 1112 1829 esc
1128 1799 1230 1829 venia
1246 1811 1256 1828 .·

689 1859 729 1878 ex
755 1858 842 1878 more
870 1849 904 1876 in
933 1856 1064 1886 precum
1092 1845 1255 1882 formulis;

689 1905 747 1934 pro
763 1903 843 1934 :per
853 1892 998 1927 veniam,
1013 1891 1042 1920 si
1052 1901 1116 1931 qua
1130 1898 1185 1920 est.
1199 1893 1257 1920 Ve-

691 1939 765 1975 nia,
783 1940 881 1981 gratia
892 1961 900 1975 ,
917 1937 1125 1973 beneficium,
1146 1943 1183 1965 ut
1193 1937 1256 1974 jam

690 1986 766 2016 alibi
792 1985 940 2015 vidimus.
973 1983 1095 2014 Similes
1119 1983 1257 2012 morien-

692 2033 771 2061 tium
807 2041 915 2075 preces
941 2029 1069 2060 dederat
1099 2029 1256 2058 Homerus

691 2077 779 2107 Iliad.
790 2088 812 2117 χ
822 2100 830 2113 ,
849 2077 911 2107 338
923 2087 969 2116 sq.
984 2082 1014 2106 et
1025 2074 1167 2105 alibi.-
1176 2074 1254 2113 905.

690 2123 837 2165 Defende
848 2122 1010 2165 ficrorem,
1029 2120 1180 2162 propulsa
1199 2119 1258 2160 (ut

686 2171 749 2210 jam
767 2171 859 2201 toties
873 2170 917 2199 sic
936 2178 976 2200 ex
995 2166 1122 2213 ἀρκεῖν)
1138 2165 1210 2196 odia
1225 2171 1256 2194 et
