1414 2435
72 44 116 79 64
573 43 765 74 AENEIDOS

71 105 201 149 Quum
220 100 301 137 telis
320 99 459 150 premit
476 100 647 148 infensi53
666 111 703 138 at
722 100 875 139 territus
895 101 975 148 ille,

70 164 211 210 Asper,
233 159 369 197 acerba
389 168 514 206 tuens,
536 169 638 197 retro
659 161 772 208 redit3
796 170 839 197 et
849 174 972 212 neque
991 170 1095 213 terga

71 225 135 258 Ira
153 221 242 258 dare
262 228 327 257 aut
347 220 465 258 virtus
481 220 642 270 patitur;
662 234 732 258 nec
748 221 902 259 tendere
922 232 1072 269 contra,

1215 232 1264 265 79⁵

70 283 137 319 Ille
157 281 310 331 quidem
326 280 400 318 hoc
419 281 593 331 cupiens,
610 281 711 332 potis
729 291 784 319 est
800 295 868 333 per
889 284 964 320 tela
978 283 1169 333 virosque.

73 342 187 380 Haud
203 342 311 379 aliter
329 351 433 379 retro
453 341 593 379 dubius
608 342 767 392 vestigia
782 345 937 380 Turnus

72 406 324 451 Inproperata
342 401 477 446 refert,
498 409 535 437 et
553 414 657 438 mens
677 410 859 439 exaestuat
874 402 944 439 ira.

75 461 178 508 Quin
198 461 312 497 etiam
329 459 390 497 bis
409 469 490 497 tum
509 459 682 496 medios
672 469 862 497 invaserat
878 460 1026 508 hostes;

73 520 135 557 Bis
155 520 313 557 confusa
331 520 420 569 fuga
440 532 508 568 per
527 531 655 555 muros
677 519 827 568 agmina
845 520 973 556 vertit.

1220 531 1269 555 8⁰0

73 580 150 617 Sed
167 592 300 616 manus
321 593 341 615 e
361 578 492 615 castris
512 591 558 626 p1
560 590 675 627 opere
695 578 771 614 coit
790 579 912 615 omnis
930 578 971 614 in
989 591 1132 617 unum:

75 642 154 677 Nec
171 647 304 674 contia
319 638 420 673 vites
438 636 553 672 audet
568 637 746 673 Saturnia
765 639 786 673 J
790 650 865 674 uno

74 698 273 745 Sufficere3
292 696 433 733 aeriam
452 696 546 732 coelo
562 708 650 732 nam
665 699 686 732 J
691 696 842 745 uppiter
863 697 957 734 Irim

76 756 253 804 nemim,
271 768 458 807 germanae
478 754 582 792 haud
600 755 727 792 mollia
738 756 843 806 jussa
861 756 1060 804 ferentem,

84 926 97 945 1
108 915 215 945 13.--
227 917 303 953 794.
318 908 445 942 Acerba
463 919 562 948 tuens,
585 908 650 955 δρι-

79 960 142 1003 μέα
164 956 358 1003 δερκόμενος.
381 959 525 996 Acerbe,
545 965 651 988 trucu-

77 1007 162 1037 lente
175 1007 314 1037 intuens.
328 1005 389 1037 Sed
401 1004 440 1035 de
455 1005 590 1035 terribili
603 1004 653 1034 ad·

79 1059 190 1094 spectu
216 1051 324 1082 eadem
346 1051 443 1082 verba
458 1052 523 1090 jam
545 1052 653 1091 posuit

79 1101 205 1129 Lucret.
225 1100 265 1136 V,
288 1100 330 1134 34
353 1097 392 1128 de
412 1097 547 1127 dracone
562 1108 573 1126 .·
590 1099 652 1127 As-

73 1156 155 1185 per,
172 1144 288 1175 acerba
304 1152 394 1174 cuens
404 1167 412 1182 ,
436 1143 574 1173 immam·
586 1154 653 1173 cor-

75 1202 157 1231 pore
180 1201 318 1230 serpens.
342 1207 390 1213 --
416 1191 494 1230 795.
517 1191 583 1220 Nec
607 1190 652 1219 ira

81 1245 136 1267 aut
152 1238 252 1267 virtus
274 1237 394 1277 patitur
414 1237 560 1266 Turnum
578 1235 653 1266 dare

80 1290 166 1324 terga
177 1305 186 1320 ,
202 1293 261 1312 nec
279 1283 333 1312 ille
343 1304 352 1319 ,
377 1282 508 1322 cupiens
523 1281 653 1322 quidem

79 1329 166 1366 hoc,
185 1335 289 1369 potest
307 1334 419 1358 contra
441 1327 569 1358 tendere
597 1339 654 1368 per

81 1375 143 1405 tela
164 1375 328 1414 virosque3
353 1373 387 1404 h.
407 1384 434 1403 e.
456 1385 513 1414 per
531 1375 654 1403 incum-

81 1421 160 1451 bens
176 1421 387 1458 Trojanorum
401 1430 513 1460 agmen
525 1420 654 1461 conglo-

82 1467 205 1497 hatum.

131 1513 209 1542 802.
228 1513 313 1552 Ergo
327 1511 419 1541 tacite
434 1510 568 1551 intelligi
585 1511 655 1540 vult

82 1565 191 1600 poeta,
207 1559 228 1588 J
232 1567 370 1587 unonem
388 1566 504 1597 pugnae
516 1556 593 1586 huic
608 1557 655 1586 in-

84 1604 226 1634 terfuisse
241 1609 438 1643 praesentem.
455 1601 552 1642 Quod
573 1612 654 1642 saepe

84 1651 285 1685 monuimus,
305 1655 429 1689 poetam
452 1648 584 1678 deorum
605 1649 653 1678 in-

85 1702 233 1727 terventu
271 1696 376 1725 minus
412 1694 545 1724 feliciter
580 1696 627 1723 uti
645 1717 653 1731 ‚

84 1753 177 1783 quam
199 1743 391 1777 Homerum,
410 1741 467 1781 qni
488 1751 594 1770 rerum
609 1752 658 1771 ac-

84 1796 152 1819 tum
178 1798 244 1818 non
270 1788 376 1817 minus
397 1787 456 1816 diis
479 1797 575 1827 qnam
598 1787 656 1818 ho-

85 1834 224 1865 minibus
251 1835 476 1874 assignaverat,
495 1833 556 1863 hoc
581 1844 660 1875 quo-

85 1891 146 1921 que
168 1880 240 1910 loco
265 1879 492 1910 inculcandum
520 1879 656 1910 videtur.

85 1929 173 1958 Juno
193 1927 294 1963 enim,
318 1927 344 1955 si
363 1933 445 1956 recte
462 1925 656 1965 judicamus,

85 1983 172 2003 nunc
199 1972 364 2002 inducitur
386 1973 574 2002 necessitatis
595 1983 658 2002 ma-

84 2019 130 2059 gis
144 2029 250 2048 caussa
265 2018 303 2048 ad
322 2018 552 2059 expediendam
569 2030 633 2048 rem
645 2042 654 2057 ,

86 2074 180 2104 quam
219 2075 324 2094 rerum
363 2065 475 2094 ordine
509 2066 553 2095 ita
583 2076 655 2106 pos-

87 2110 217 2140 tulantc.
248 2112 343 2139 nomn
372 2112 455 2140 cuim
484 2111 578 2141 rebus
607 2123 656 2152 ge-

85 2155 190 2186 rendis
220 2156 369 2187 interesse
400 2156 544 2187 nondum
575 2157 654 2188 vidi-

703 922 792 950 mus,
814 912 876 943 m'si
893 924 924 944 v.
943 913 1026 952 725,
1043 914 1101 944 uhi
1117 915 1170 945 illa
1186 925 1272 945 aver-

704 959 742 988 tit
756 959 972 990 ictum'hastae
994 971 1010 990 a
1035 962 1162 998 Turno,
1187 968 1218 992 et
1241 972 1272 991 v.

705 1005 771 1043 764
787 1007 872 1035 luno
890 1005 977 1036 ‘vires
995 1006 1200 1048 animumque
1220 1007 1275 1036 mi-

705 1050 819 1092 nistrat
828 1064 841 1088 ;
855 1051 917 1082 hoc
937 1063 1012 1083 vero
1029 1060 1152 1094 poterat
1173 1054 1274 1083 facere

705 1108 745 1128 ex
763 1097 843 1135 alt03
867 1105 898 1128 et
918 1098 1036 1129 oblitus
1052 1106 1098 1129 est
1116 1107 1210 1140 poeta
1225 1100 1275 1130 in-

706 1150 873 1184 terponere
898 1155 967 1174 eam
984 1152 1171 1185 praesentem
1195 1156 1276 1187 pug-

706 1190 873 1227 nantibus,
890 1190 1043 1220 descensu
1068 1202 1109 1221 ex
1134 1192 1275 1232 Olympo

707 1236 806 1274 facto,
822 1244 859 1267 ut
873 1238 999 1278 Jupiter
1011 1247 1098 1267 nunc
1114 1239 1190 1267 Irim
1206 1238 1277 1266 mit-

707 1288 772 1312 tere
793 1289 917 1323 posset,
946 1292 1018 1323 quae
1039 1293 1108 1313 eam
1131 1283 1278 1313 recedere

705 1328 841 1367 juberet.
864 1331 984 1360 Tamen
1002 1329 1054 1359 vel
1075 1330 1120 1359 sic
1144 1329 1278 1360 imitatio

707 1375 802 1404 nimis
818 1375 981 1405 manifesta
995 1382 1042 1405 est
1055 1386 1096 1406 ex
1109 1375 1146 1406 11.
1162 1376 1194 1412 θ,
1212 1377 1274 1414 397

706 1430 766 1459 sq.;
783 1430 814 1456 o,
839 1422 898 1458 157
914 1432 961 1461 sq.
981 1427 1013 1450 et
1027 1421 1079 1458 aL,
1095 1428 1126 1451 et
1142 1423 1200 1450 Iris
1216 1422 1278 1459 jam

706 1464 782 1495 libri
804 1465 899 1503 hujus
918 1467 1010 1495 initio
1037 1466 1191 1496 mandatis
1218 1468 1278 1497 Ju-

708 1511 801 1540 nonis
837 1511 874 1540 ad
906 1513 1054 1541 Turnum
1086 1511 1279 1552 perferendis

707 1563 826 1596 partes,
852 1567 869 1586 a
892 1563 985 1597 poeta
1008 1558 1188 1598 impositas,
1207 1569 1276 1598 per—

708 1608 813 1642 egerat
827 1612 835 1632 :
854 1602 941 1643 qnod
958 1602 1006 1633 bis
1022 1604 1053 1632 in
1067 1603 1177 1634 eodem
1192 1603 1276 1634 libro

709 1649 764 1678 vix
787 1655 896 1688 putem
924 1650 1062 1679 suaviter
1088 1649 1216 1681 sactum.

758 1694 835 1725 802.
847 1696 920 1726 Non
929 1694 1119 1726 audetJuuo
1131 1697 1211 1726 vires
1221 1697 1282 1726 suf-

710 1738 804 1770 ficere
819 1742 929 1771 Turno
943 1748 1053 1772 contra
1068 1743 1279 1781 Trojanorum

711 1797 838 1828 agmen,
859 1794 896 1817 ut
914 1787 1017 1818 adhuc
1034 1787 1142 1817 fecisse
1163 1788 1279 1818 intelli-

711 1833 811 1875 genda
830 1840 876 1864 est
893 1845 923 1864 v.
943 1834 1020 1872 764.
1038 1833 1187 1876 Sqfficere
1203 1832 1280 1864 ὓπο-

712 1879 795 1919 σχεῖν
818 1890 876 1920 pro
899 1879 1064 1922 πκρέχειν,
1082 1886 1117 1909 ut
1128 1881 1190 1918 jam
1207 1883 1276 1911 AEn.

711 1927 760 1962 11,
783 1926 802 1955 6
812 1926 848 1955 18
873 1928 945 1965 Ipse
954 1933 1050 1965 pater
1064 1926 1190 1955 Danais
1208 1927 1279 1956 ‹mi-

711 1982 778 2000 mos
792 1971 941 2011 ‘viresque
963 1971 1120 2001 secundas
1145 1972 1277 2015 Stffcte.

709 2017 842 2048 —803.
861 2019 898 2047 In
912 2018 993 2047 coelo
1008 2018 1121 2048 Hamb.
1133 2029 1194 2048 sec.
1205 2021 1279 2049 lam

709 2063 838 2104 qnidam
855 2063 939 2105 apud
956 2067 1043 2094 Seri.
1057 2081 1104 2087 —
1124 2065 1200 2100 80¹..
1226 2066 1282 2095 Di-

709 2109 792 2140 misit
817 2110 865 2139 vel
894 2109 1031 2140 Dimittit
1056 2112 1165 2141 Frauc.
1192 2111 1280 2141 Misit

708 2156 827 2198 aliquot
844 2157 924 2187 Pier.
941 2158 1014 2188 Non
1028 2167 1187 2198 assequor,
1202 2157 1280 2198 quid
