1414 2435
105 78 173 108 214

593 70 789 102 AENEtDos

106 129 276 166 Pascitur
283 142 294 174 ;
315 136 351 164 et
371 126 538 163 medium
557 125 644 163 freti
663 126 805 176 pietate
824 138 893 176 per
910 126 1037 176 ignem

107 188 278 225 Cultores
297 186 415 223 multa
432 185 639 236 premimus
658 185 818 236 vestigia
836 199 979 236 pruna3

107 251 184 294 Da,
203 250 331 292 Pater,
351 246 425 284 hoc
442 246 580 283 nostris
599 245 745 283 aboleri
763 245 928 282 dedecus
949 246 1081 291 armis,

109 306 357 355 Omnipotens
379 320 387 342 :
406 319 484 342 non
504 306 679 352 exuvias,
700 305 866 355 pulsaeve
883 314 1071 355 tropaeum
1257 322 1305 347 79⁰

107 367 291 416 Virginis,
311 374 376 402 aut
393 366 514 416 spolia
533 366 608 402 ulla
626 375 716 416 peto
738 379 745 401 :
767 366 861 402 mihi
880 375 1006 403 cetera
1023 365 1173 402 laudem

108 430 221 464 Facta
241 427 377 473 ferent3
394 426 475 463 haec
495 425 579 462 dira
597 439 683 463 meo
700 425 792 462 dum
808 426 964 463 volnere
981 426 1096 476 pestis

109 487 218 524 Pulsa
235 486 362 532 cadat,
381 486 522 536 patrias
537 485 718 523 remeabo
737 485 920 535 inglorius
941 485 1058 522 urbis.
1081 502 1096 517 »

110 546 260 592 Audiit,
278 555 315 583 et
333 547 415 582 voti
434 545 598 583 Phoebus
617 545 820 584 succedere
837 554 984 595 partem
1028 552 1032 556 “

111 607 240 642 Mente
260 605 381 653 dedit3
402 614 550 656 partem
565 605 733 643 volucris
755 605 932 655 dispersit
950 605 990 642 in
1010 617 1132 642 auras.

113 764 198 787 strue
212 757 373 798 lignorum
389 756 474 786 dixit
493 767 500 787 :
521 763 552 786 et
567 758 640 797 quia
654 768 689 787 ea

114 804 206 844 pinea
219 826 227 840 ,
245 803 321 833 hinc
348 803 490 832 traduxit
504 802 542 832 ad
558 804 685 843 ignem:

111 849 229 890 pineus
260 849 366 878 ardor.
393 850 417 879 F
421 849 543 878 ueritne
585 856 689 878 autem

118 896 285 936 proprium
311 894 387 925 huic
415 905 522 931 sacro,
549 901 586 924 ut
609 896 690 935 pinu

119 941 244 971 flamma
254 941 489 977 accenderetur,
503 940 588 970 haud
603 941 690 970 dixe-

120 988 190 1017 rim.
223 1004 270 1010 -—-
299 988 374 1026 788.
402 986 581 1017 Premimur
606 988 689 1025 conj.

121 1034 230 1063 Heius.
241 1033 496 1074 vestigiapn'ma
508 1033 605 1063 Goth.
617 1040 688 1063 tert.

121 1096 167 1102 --
182 1079 360 1109 Premimus
373 1079 534 1121 vestigia,
551 1079 691 1120 plantas:

122 1131 160 1155 ut
170 1135 310 1165 ponere,
331 1125 526 1165 imprimere,
549 1127 609 1155 hoc
626 1132 691 1162 est,

122 1170 270 1201 incedere
286 1171 440 1211 pedibus,
462 1171 563 1201 multa
573 1182 692 1211 pruna,

122 1218 157 1246 in
172 1218 293 1257 prunis.
315 1218 396 1247 Fieri
412 1217 473 1247 hoc
495 1217 610 1257 plantis
628 1227 693 1246 ine-

122 1262 301 1292 dicamento
341 1263 466 1300 tinctis,
497 1273 564 1292 non
601 1263 692 1303 iguo-

123 1309 206 1338 ravit
231 1310 355 1346 Varro,
380 1309 472 1346 cujus
497 1309 595 1338 verba
623 1311 693 1339 Ser-

123 1355 193 1384 vius
220 1355 367 1385 servavit.
394 1355 501 1395 (cons.
524 1353 693 1385 Beekmau.

124 1401 285 1441 Beytriige
299 1411 357 1430 zur
369 1399 554 1430 Gescltichte
567 1401 625 1430 der
642 1402 695 1430 Er-

112 1444 296 1488 Jiudmtgen
313 1449 345 1476 Ρ.
366 1448 400 1483 Ι,
420 1457 491 1487 pag.
517 1457 532 1484 7
544 1446 593 1488 ι.)
609 1447 695 1477 Sacri

125 1491 221 1529 hujus
251 1493 341 1531 origo
372 1493 555 1533 ignoratum
590 1493 695 1532 potuit

123 1535 204 1566 illud
230 1547 246 1566 a
273 1539 376 1577 prisco
407 1539 602 1567 lustrationis
631 1539 696 1567 ritu

124 1582 257 1612 saliendi
289 1593 346 1622 per
374 1584 479 1623 iguem
509 1583 695 1623 proficisci:

112 1627 197 1657 'vide
220 1639 249 1658 v.
275 1638 302 1657 c.
330 1629 425 1659 Ovid.
443 1631 523 1659 Fast.
543 1631 604 1665 lv,
631 1630 692 1667 78:

124 1683 189 1714 seq.
205 1675 335 1704 Diversa
349 1677 436 1704 enim
456 1676 512 1704 ista
528 1682 573 1704 est
586 1685 696 1715 super-

124 1720 222 1757 stitio,
233 1730 295 1760 qua
306 1721 388 1751 inter
398 1721 538 1751 criminis
549 1721 698 1750 amolien-

126 1765 159 1795 di
183 1766 293 1796 modos
320 1765 381 1797 hoc
407 1767 551 1797 habitum
572 1777 579 1797 :
605 1768 696 1805 cujus

127 1813 246 1842 mentio
263 1813 326 1850 jam
348 1813 431 1854 apud
451 1812 640 1853 Sophocle-in
661 1812 696 1842 lit

128 1859 247 1889 Electra
271 1859 336 1894 264
361 1870 428 1899 sqq.
455 1862 566 1899 Quum
592 1866 696 1888 autem

126 1907 253 1934 Soracte
266 1911 297 1934 et
314 1906 422 1935 Falisci
436 1916 506 1945 sup.
520 1906 582 1934 vn
594 1927 602 1941 ‚
618 1905 696 1945 695,

128 1951 194 1990 696
209 1951 448 1982 auxiliaTumo
465 1952 606 1981 miserint
617 1973 625 1988 ‚
641 1954 698 1982 Ar-

128 2003 253 2027 runtcm
288 2000 456 2027 Etruscum
494 2008 620 2027 necesse
651 2004 698 2028 est

127 2049 180 2071 nut
198 2054 262 2073 csse
278 2055 318 2073 cx
339 2045 450 2074 vicinis
470 2045 604 2074 Etrurine
620 2043 697 2073 locis

127 2088 320 2124 oriundnnu
345 2100 410 2120 non
434 2101 533 2120 uuum
559 2101 599 2120 ex
626 2091 697 2120 Hir-

127 2134 176 2174 pis
192 2144 199 2164 ε
224 2141 279 2164 aut
303 2135 440 2165 diversas
458 2147 473 2165 n
490 2135 698 2177 popularibus

126 2186 229 2219 parles
257 2191 327 2210 enni
355 2188 525 2222 sequutum
554 2193 629 2213 esse.
653 2199 698 2206 ..-

744 769 820 798 790-
853 760 984 787 Patrem
1010 757 1161 799 appellari
1185 758 1311 799 Apolli-

742 814 814 833 nem
826 825 834 840 ,
854 813 975 833 novum
995 814 1061 833 non
1077 811 1139 841 est3
1162 805 1314 834 convenit

743 849 893 879 omnibus
909 849 968 878 diis
987 858 994 879 :
1011 856 1041 878 at
1051 856 1151 889 pater
1168 849 1313 890 omnipo-

743 902 811 925 tens
828 895 866 925 de
884 895 1036 936 Apolline
1056 896 1256 925 mirationem
1269 895 1314 925 fa·

744 951 814 971 cere
839 948 962 982 potest3
976 948 1007 971 et
1025 941 1112 982 quod
1134 948 1223 971 antea
1248 942 1312 980 735

744 998 865 1017 summe
892 987 985 1017 deum
998 999 1010 1023 ;
1041 990 1100 1018 etsi
1130 987 1247 1017 summi
1271 987 1318 1017 dii

743 1035 859 1074 passim
891 1041 1077 1064 occurrunt.
1109 1035 1317 1074 Armipotens

745 1081 829 1118 conj.
853 1081 978 1116 Burm.‚
995 1079 1084 1120 quod
1105 1081 1260 1117 nesciret,
1276 1090 1317 1109 an

745 1126 825 1155 alius
847 1126 993 1166 Apollini
1015 1125 1049 1154 id
1071 1125 1237 1166 epitheton
1264 1125 1318 1156 de-

745 1171 838 1201 derit.
862 1173 907 1202 At
934 1173 1092 1201 lunonem
1122 1171 1318 1212 omnipoten-

746 1224 810 1246 tem
835 1218 902 1257 ipse
923 1219 1016 1247 Maro
1039 1217 1122 1248 dixit
1143 1227 1239 1258 supra
1253 1219 1319 1253 IV,

748 1263 814 1302 693
828 1285 837 1299 ‚
855 1269 886 1292 et
901 1264 980 1299 VII,
1003 1263 1067 1298 428
1081 1274 1090 1300 ;
1105 1269 1137 1293 et
1154 1262 1187 1293 h.
1202 1263 1226 1294 l.
1240 1263 1323 1293 mul·

748 1315 782 1339 to
802 1309 900 1349 magis
921 1309 984 1339 hoc
1007 1311 1040 1339 iu
1061 1310 1206 1351 Arrunte
1220 1309 1322 1339 feren-

748 1354 847 1391 dum,
872 1354 960 1395 quod
983 1355 1092 1396 paullo
1117 1361 1190 1384 ante
1205 1366 1236 1386 v.
1255 1355 1320 1393 785

747 1411 904 1430 summum
922 1401 1018 1431 deum
1037 1400 1176 1431 eundem
1194 1400 1321 1442 Apolli·

748 1457 821 1476 nem
841 1446 1030 1487 appellarat,
1053 1447 1198 1485 adjecto:
1220 1448 1320 1487 Quem

744 1491 844 1533 primi
859 1492 1001 1522 colimus.
1023 1491 1097 1522 Nou
1121 1492 1202 1522 male
1224 1492 1322 1533 igitur

749 1539 878 1568 Servius
895 1548 936 1567 ex
960 1538 1075 1568 affectu
1099 1537 1232 1567 colentis
1252 1537 1320 1567 haec

750 1583 834 1614 dicta
853 1584 905 1613 ait.
925 1600 971 1606 —-
986 1583 1111 1620 Palm,
1131 1590 1186 1613 aut
1204 1583 1320 1624 impul-

750 1640 791 1659 sae
802 1652 810 1666 ‚
829 1636 992 1669 prostratae
1003 1652 1010 1666 ‚
1025 1636 1079 1659 ant
1103 1629 1221 1670 fugatae
1242 1635 1274 1660 et
1287 1628 1319 1660 h.

750 1675 771 1706 l.
795 1677 905 1712 victam
926 1686 966 1705 ne
992 1686 1065 1705 cum
1090 1676 1201 1706 Servio
1228 1685 1321 1717 argu—

751 1722 824 1751 teris
836 1744 844 1758 ‚
861 1728 895 1750 ut
911 1723 1022 1751 occisae
1042 1722 1106 1751 sint
1124 1721 1266 1758 σπανία,
1282 1720 1322 1751 de

751 1767 856 1808 fugata
872 1774 1045 1808 tropa-unu
1064 1768 1158 1798 etiam
1171 1767 1275 1797 statim
1289 1777 1320 1797 v.

753 1815 816 1853 793
832 1813 927 1854 pulsa
951 1813 1059 1844 cadat.
1083 1811 1263 1854 Inglorfus,
1282 1820 1319 1842 ut

752 1856 913 1895 ὣσκλεῆς,
926 1866 961 1889 ut
975 1859 1014 1890 de
1030 1861 1267 1900 Agamemnone
1283 1858 1319 1888 11.

751 1904 788 1944 β,
809 1916 822 1936 x
833 1907 883 1936 15.
897 1906 945 1936 Ex
959 1905 1091 1935 muliere
1105 1906 1185 1934 vieta
1200 1903 1321 1934 nullam

751 1952 882 1993 glorium
905 1962 938 1981 se
960 1957 1233 1990 comt-quntumm
1255 1961 1321 1980 esse

752 1998 832 2028 bene
865 1998 974 2033 novin
1004 1997 1186 2037 gavisurum
1217 2003 1321 2027 tamen

750 2054 816 2073 esse
837 2043 906 2081 eju»
929 2049 1041 2081 morte.
1063 2059 1110 2065 —-
1131 2049 1194 2082 791.
1209 2064 1217 2079 ,
1242 2044 1318 2083 795.

751 2088 803 2120 Ad
819 2090 948 2119 Homer.
963 2089 1000 2119 ΙΙ.
1014 2099 1039 2118 π
1050 2111 1059 2125 ,
1075 2095 1141 2128 249
1157 2099 1203 2129 sq.
1227 2090 1319 2119 Men·

751 2142 782 2165 ee
800 2135 911 2179 γνώμῃ
922 2157 930 2169 ,
948 2135 1082 2165 consilio
1093 2157 1101 2172 ,
1116 2134 1244 2166 decreto
1257 2136 1320 2166 ani-

752 2182 794 2211 mi
806 2192 814 2219 ;
830 2181 920 2212 nullo
935 2187 1037 2212 tumen
1051 2183 1141 2223 signo
1151 2180 1319 2213 declarato.
