1414 2435
574 98 695 129 LIBER
721 99 762 128 X.

1205 97 1266 135 139

73 155 128 190 Ac
145 153 266 200 velut,
286 153 405 191 effusa
420 153 451 191 si
467 155 619 204 quando
638 155 819 206 grandine
837 155 955 193 nimbi

74 213 330 263 Praecipitant,
348 214 469 250 omnis
490 215 631 265 campis
651 214 801 264 diffugit
820 224 964 261 arator,

76 273 208 312 Omnis
228 281 265 310 et
281 273 464 323 agricola,
485 283 522 311 et
541 282 621 311 tuta
641 274 730 311 latet
749 287 835 311 arce
854 274 992 320 viat0r3

1217 281 1265 305 805

76 335 153 368 Aut
171 334 288 370 amnis
306 333 418 382 ripis,
440 342 504 370 ant
521 334 586 371 alti
605 334 747 370 fornice
767 334 865 380 saxi,

78 394 179 429 Dum
199 393 296 442 pluit
312 393 352 429 in
370 393 498 440 terris,
518 402 558 430 ut
575 394 736 443 possint,
752 393 829 430 sole
847 393 1020 439 reducto,

77 453 264 489 Exercere
282 452 381 489 diem
401 466 408 487 ε
429 452 482 490 sic
502 452 661 490 obrutus
678 452 845 502 undique
866 453 946 489 telis

77 513 211 550 AEneas
228 512 369 550 nubem
387 511 496 558 belli,
514 512 604 550 dum
626 512 798 558 detonet,
819 525 969 549 omnem

75 635 125 677 git
138 646 242 667 arma.
268 637 351 669 conf.
372 638 486 668 Iliad.v
511 638 587 674 405.
603 655 649 661 —

82 682 146 711 803
167 693 237 722 sqq.
257 685 410 714 Praeclara
432 685 648 724 comparatio:

79 737 138 758 nec
156 729 299 758 Homero
314 730 483 768 quicquam
496 730 532 759 in
546 739 580 759 ea
595 729 648 758 de·
666 725 671 732 “

79 772 134 802 bet
155 774 323 815 Virgiliu53
344 775 400 804 etsi
421 774 544 804 laudari
570 774 651 804 solet

80 818 169 849 Iliad.
184 830 227 861 μ,
248 820 310 850 156
334 831 402 859 sqq.
423 829 431 850 :
447 831 521 850 nam
539 821 574 849 in
594 819 650 849 illo

78 865 152 895 loco
167 865 289 895 diversa
310 876 359 894 res
383 867 514 906 geritur.
534 865 595 896 Sed
609 866 650 895 si-

79 911 231 940 millimus
246 911 337 941 locus
346 918 392 941 est
406 912 441 942 in
456 912 578 952 Quinto
593 911 651 941 Ca-

79 957 170 987 labro
179 959 259 988 VIII
271 981 279 995 ,
291 958 411 998 379—-
421 957 486 988 385
497 981 505 995 ,
516 958 571 998 qni
581 968 653 998 poe-

81 1010 112 1033 ta
127 1005 262 1034 omnino
283 1003 455 1034 ditissimus
470 1010 516 1033 est
533 1003 582 1032 his
602 1014 653 1033 or·

83 1056 308 1080 namentorum
345 1051 456 1090 copiis.
490 1049 648 1091 Dfffitgit‚

85 1096 201 1125 aoristo
217 1096 314 1126 modo
325 1119 333 1134 ,
347 1103 384 1125 ut
403 1097 505 1126 toties.
516 1112 561 1118 --
574 1096 651 1132 805,

87 1141 164 1172 806.
182 1143 264 1171 Tuta
285 1151 378 1178 arce,
400 1142 548 1178 latebris,
574 1142 656 1171 resu-

85 1188 136 1228 gio
146 1210 155 1224 ‚
169 1197 250 1218 cavo
258 1188 335 1228 ripae
348 1187 399 1217 vel
411 1195 512 1218 antro.
522 1205 568 1210 ——
577 1188 653 1226 807.

86 1235 172 1263 Dum
192 1233 299 1273 pluie;
331 1234 375 1263 sic
404 1234 499 1263 etiam
530 1235 657 1264 Servius

88 1279 280 1321 distinguere
288 1280 380 1318 jussit
390 1302 398 1317 ,
409 1290 450 1309 ne
463 1279 656 1309 archaismus

84 1328 248 1355 exsisteret
265 1335 272 1355 :
288 1327 374 1355 Dum
387 1325 471 1365 pluit
486 1325 518 1354 1'12
538 1325 628 1354 terris
644 1336 655 1354 .·

84 1382 144 1412 pro
161 1373 196 1402 in
212 1379 319 1402 terras.
337 1372 404 1401 vix
420 1378 525 1401 tamen
543 1381 655 1411 magna

84 1428 195 1448 sensus
221 1417 395 1447 subtilitate
423 1428 504 1458 opus
525 1424 570 1447 est
584 1440 592 1454 ‚
620 1423 656 1446 ut

86 1464 199 1504 aliquis
213 1465 368 1505 percipiat
376 1463 458 1493 hanc
473 1465 656 1503 interpunc-

85 1511 205 1540 tionem
225 1520 291 1540 esse
314 1509 410 1539 unice
433 1509 654 1550 probandam:

84 1557 225 1596 primum
241 1555 330 1596 quod
338 1556 492 1597 Virgilius
505 1555 658 1585 doctrinae

86 1612 192 1632 caussa
204 1602 418 1642 antiquiorem
433 1602 568 1632 formam
582 1612 658 1641 prae-

86 1647 193 1677 tulisse
202 1647 306 1677 videri·
313 1647 418 1685 debet,
428 1654 589 1689 praeeunte
599 1649 657 1677 Lu-

87 1694 186 1723 cretio
207 1693 264 1724 lib.
275 1695 324 1723 VI
335 1716 343 1729 ‚
362 1694 446 1724 630:
460 1696 562 1734 Quum
572 1693 660 1733 pluit

87 1739 120 1769 in
131 1738 222 1769 terris
235 1746 266 1768 et
274 1739 371 1769 ‘venti
383 1739 491 1769 nubila
502 1746 657 1779 portant:

86 1787 144 1816 etsi
170 1785 224 1815 illa
252 1785 356 1815 forma
385 1796 452 1815 non
488 1792 551 1814 tam
575 1786 656 1814 anti-

87 1832 182 1873 quior
198 1842 290 1872 quam
309 1831 497 1871 exquisitior
517 1829 654 1860 dicenda

86 1885 170 1915 erat3
188 1885 256 1908 tum
271 1888 365 1913 vero,
385 1876 474 1918 quod
496 1887 536 1906 ex
559 1876 655 1905 altera

85 1925 344 1965 interpunctione
353 1924 444 1964 friget
456 1930 540 1953 totns
548 1923 652 1952 locus:

86 1980 181 2011 quam
205 1971 290 2000 enim
314 1971 379 2000 vim
394 1969 490 1999 habet
509 1969 541 1998 in
564 1966 653 1997 terris

86 2017 121 2046 iu
133 2016 192 2047 hac
205 2017 358 2046 sententia
373 2025 380 2046 :
396 2014 428 2045 in
445 2015 533 2046 terris
542 2021 576 2044 nt
584 2024 654 2054 pos-

86 2062 170 2099 sint,
211 2063 278 2093 sole
309 2062 438 2092 reducto
453 2085 462 2098 ‚
495 2063 657 2091 Eoeercere

87 2107 172 2138 diem
183 2113 201 2138 ,³
217 2125 263 2132 --·
279 2109 341 2147 807
357 2131 364 2146 ‚
394 2109 471 2139 808.
495 2109 656 2138 Exercere

88 2154 172 2184 diem
190 2165 285 2195 opere
299 2155 462 2185 faciendo:
482 2154 656 2195 exquisite,

87 2211 146 2241 pro
165 2201 358 2238 ‚exercendo
376 2212 471 2243 opere
487 2201 656 2242 transigere

703 637 787 667 diem
804 646 811 667 :
827 643 863 666 ut
874 643 1001 666 noctem
1013 633 1190 675 producere
1207 644 1269 664 εοε-

702 693 758 719 na,
771 682 942 712 extendere
955 691 1099 710 sermone
1111 691 1119 717 ;
1133 680 1215 709 diem
1231 680 1271 709 fa-

702 729 799 768 tigare
815 728 946 767 remigio
961 737 1031 766 sup.
1045 727 1125 755 VIII
1137 748 1144 761 ‚
1161 731 1215 765 94.
1226 742 1272 747 —-

705 773 876 812 809.Vett.
888 772 960 802 edd.
974 782 1052 811 quas
1061 771 1199 800 vidimus
1209 781 1273 801 om·

702 828 768 849 nes:
778 818 890 847 nubem
901 817 979 848 belli
985 817 1059 846 dum
1067 817 1198 852 detinet,
1211 827 1274 846 om·

705 875 761 893 nes
776 864 827 893 vel
840 863 962 893 omneis
980 863 1121 892 sustinet.
1132 864 1274 892 Primum

704 910 739 939 in
749 909 845 940 Aldd.
863 917 933 939 tert.
945 909 1146 939 emendatum
1161 919 1177 937 a
1189 910 1275 939 Nau-

706 957 792 997 gerio
803 956 916 985 nubem
931 955 1024 991 belli,
1041 952 1116 984 duin
1131 954 1272 990 detonet,

706 1001 807 1031 omnis
835 1001 991 1037 Sustinet,
1013 1007 1044 1030 et
1071 1011 1111 1030 ex
1132 1011 1169 1030 eo
1191 1000 1276 1038 aliae3

706 1055 737 1077 at
761 1049 829 1078 aliae
856 1048 1055 1078 adhaeserunt
1080 1047 1192 1088 priori.
1211 1048 1276 1077 De-

706 1102 809 1130 tonet,
827 1105 907 1124 unus
929 1095 964 1123 in
988 1104 1085 1134 marg.
1108 1091 1157 1123 ed.
1190 1093 1278 1128 1544

707 1151 874 1170 occurrere
884 1140 987 1170 video.
998 1141 1118 1170 Pierius
1128 1146 1278 1179 tanquam

707 1187 881 1217 inauditam
903 1187 1072 1216 lectionem
1093 1196 1109 1215 e
1133 1185 1203 1215 cod.
1218 1187 1279 1216 Ro-

709 1243 804 1262 mano
827 1232 964 1272 protulit
981 1231 1075 1268 belli,
1094 1231 1169 1260 dnm
1190 1230 1278 1260 deto-

711 1286 783 1314 net,
802 1288 929 1307 omnem
939 1277 1094 1312 Sustinet,
1108 1287 1179 1316 quae
1192 1276 1280 1306 dein-

709 1324 747 1354 de
763 1326 797 1353 in
812 1323 883 1353 edd.
902 1323 1012 1352 saltem
1028 1322 1135 1362 Steph.
1154 1328 1279 1362 recepta

709 1377 755 1400 est
776 1380 783 1400 :
810 1368 1071 1410 quandoquidem
1095 1367 1188 1397 etiam
1217 1368 1277 1398 Ge.

708 1416 872 1446 Fabricius
885 1416 928 1444 sic
945 1425 986 1443 ex
1000 1424 1059 1443 suo
1073 1412 1280 1444 Pseudo-Do-

709 1469 784 1492 nato
798 1468 828 1491 et
840 1461 930 1491 libris
947 1460 1078 1490 vetustis
1088 1481 1096 1496 ,
1114 1469 1195 1499 qnos
1219 1469 1278 1488 nec

711 1509 914 1544 denominat,
937 1506 1077 1536 scribere
1097 1506 1200 1543 jussit.
1218 1506 1280 1534 De-

711 1562 797 1585 tonet
809 1555 902 1584 etiam
914 1553 1040 1583 Servius
1052 1551 1186 1592 legerat:
1198 1561 1280 1580 eam—

711 1611 774 1642 que
785 1601 952 1630 lectionem
967 1598 1117 1628 Heinsius
1131 1595 1280 1634 firmavit,

713 1654 744 1677 et
759 1653 830 1676 ante
854 1656 945 1682 eum,
959 1650 1108 1674 monente
1128 1645 1280 1673 Burman-

710 1704 755 1723 no
766 1716 775 1730 ‚
792 1692 941 1723 Schottus
966 1691 1058 1721 Obss.
1086 1691 1135 1725 11,
1159 1699 1189 1718 2.
1220 1688 1280 1719 Sed

709 1741 803 1770 Rom.
818 1737 889 1768 cod.
906 1737 1076 1766 lectionem
1088 1735 1208 1765 Pierius
1226 1743 1280 1774 pa-

710 1795 783 1814 rum
816 1783 983 1824 diligenter
1015 1781 1163 1810 exhibuit
1176 1790 1184 1810 :
1206 1789 1280 1809 nam

709 1830 825 1870 legitur
843 1831 878 1858 in
891 1839 947 1863 eo,
973 1833 1009 1856 ut
1033 1827 1068 1855 iu
1089 1825 1206 1856 Aldina
1228 1836 1280 1855 ex-

707 1885 849 1916 pressum
862 1897 870 1911 ,
894 1873 1007 1903 nubem
1032 1871 1108 1902 belli
1133 1871 1207 1901 dum
1226 1871 1280 1901 de-

710 1928 797 1950 tonet
808 1919 911 1950 omnis
920 1918 1067 1949 Sustinet.
1079 1919 1199 1947 Iterum
1211 1927 1281 1947 ean-

706 1966 864 1997 daemhanc
874 1966 1043 1996 lectionem
1052 1975 1068 1994 e
1075 1963 1216 1994 Palatino
1226 1973 1280 1993 ex-

709 2024 815 2044 cusam
831 2012 924 2042 video
943 2012 976 2040 in
990 2009 1060 2041 edd.
1079 2009 1232 2040 Commel.
1250 2015 1282 2039 et

708 2060 783 2089 hinc
806 2059 841 2089 iu
856 2058 1040 2094 Pulmaun.‚
1067 2066 1126 2086 nec
1157 2054 1280 2085 abludit

709 2108 801 2136 Voss.
827 2116 876 2146 pr.
902 2104 976 2133 dum
1008 2103 1140 2132 detonat
1167 2101 1279 2131 omnis.

710 2152 834 2182 Scilicet
847 2151 1050 2181 distinctione
1066 2154 1183 2178 mutata
1197 2154 1280 2177 tene-

711 2209 743 2229 re
771 2208 830 2228 nos
854 2207 958 2227 veram
979 2196 1149 2226 lectionem
1171 2193 1281 2224 nullus>
