1414 2435
576 63 698 93 LIBER
722 63 795 92 XII.

1221 69 1282 96 205

99 138 110 151 υ
131 121 262 165 Disce,
281 133 394 169 puer,
408 120 586 156 w'rtutem
604 132 651 155 ex
667 132 726 156 me
740 147 750 164 ,
767 132 976 169 verumque
995 120 1181 168 laborem3
1238 132 1286 160 [2³15

94 183 300 217 Fortunam
318 194 364 217 ex
384 180 465 217 aliis
485 195 492 216 :
510 193 610 216 nunc
629 188 666 216 te
685 193 769 217 mea
788 180 943 217 dextera
959 181 1059 219 bello

93 241 297 278 Defensum
315 240 438 287 dabit,
455 250 491 277 et
507 254 643 290 magna
662 241 760 277 inter
777 241 932 290 praemia
952 241 1074 279 ducet.

97 302 154 335 Tu
173 300 285 335 facito
298 328 308 345 ,
325 312 416 336 mox
435 313 553 349 quum
573 309 722 337 matura
740 300 951 338 adoleverit
969 311 1076 349 aetas,

93 359 150 397 Sis
169 372 331 405 memor,
352 369 389 396 et
408 369 463 405 te,
485 361 609 396 animo
628 369 862 410 repetentem
882 362 1054 412 exempla
1074 370 1226 400 tuorum
1243 393 1252 409 ,

93 420 140 454 Et
159 428 266 468 pater
284 421 440 465 AEneas,
457 428 494 455 et
513 419 722 456 avunculus
741 419 879 456 excitet
898 421 1052 456 Hector.
1070 438 1085 452 n
1237 434 1250 459 4
1262 435 1285 459 ’.1,

145 481 235 515 Haec
252 478 319 515 ubi
336 479 437 516 dicta
452 478 574 525 dedit,
590 479 710 529 portis
727 492 806 516 sese
826 479 961 516 extulit
979 480 1128 529 ingens,

93 540 225 576 Telum
245 540 395 577 inmane
410 553 524 577 manu
544 541 717 589 quatiens
738 554 745 575 :
767 540 876 577 simul
896 541 1044 589 agmine
1065 541 1181 578 denso

95 599 344 648 Antheusque
360 599 659 650 Mnestheusque
675 607 810 646 ruunt;
828 599 1024 649 omnisque
1044 600 1184 637 relictis

91 749 240 778 membris
255 748 421 779 commode
433 748 662 790 respondet.—

93 795 159 829 435
184 805 251 835 sqq.
274 796 546 825 Eminentissimus
572 795 662 825 locus

90 841 187 881 patris
216 841 346 878 affectu,
370 842 534 870 sententiae
563 842 663 882 gravi-

90 893 168 923 tate,
201 887 233 915 u'
263 897 298 916 ae
339 887 485 923 veritate,
521 897 659 927 quocum

90 934 299 974 comparanda
324 934 393 963 loca
426 933 658 974 pulcherrima,

89 980 227 1019 primum
240 981 387 1010 Hectoris
400 980 438 1009 ad
452 990 589 1020 puerum
604 980 660 1008 As-

91 1032 270 1066 tyanactem
292 1026 388 1056 verba
412 1025 502 1055 Iliad.
532 1023 567 1061 ζ,
594 1031 660 1061 474

89 1082 169 1111 sqq„
194 1079 261 1101 tum
279 1072 384 1109 Ajacis
407 1071 445 1100 ad
468 1073 661 1111 Eurysacem

91 1118 175 1157 apud
194 1117 342 1157 Sophocl.
371 1118 454 1155 1647
474 1127 554 1156 sqq.‚
576 1116 661 1146 unde

89 1164 195 1193 Attius
211 1173 303 1193 sunm
321 1169 473 1193 sumserat
491 1162 576 1203 apud
590 1164 660 1193 Ma-

89 1209 177 1239 crob.
192 1211 254 1246 VI,
273 1220 286 1239 1
305 1216 386 1239 extr.
403 1209 522 1239 Virtute
534 1209 658 1249 sispar,

88 1255 198 1295 dispar
210 1253 353 1295 fhrtum's
371 1255 470 1296 patri.
497 1256 577 1285 Cum
601 1255 659 1285 hac

88 1302 286 1342 simplicitate
309 1301 567 1342 quandoquidem
591 1302 658 1332 luc-

88 1348 220 1377 tandum
235 1355 300 1378 erat
315 1349 458 1385 Maroni,
469 1349 657 1378 sententiam

88 1394 196 1433 paullo
215 1395 355 1435 argutius
372 1395 541 1435 expressit,
561 1405 655 1435 quam

85 1449 143 1479 par
161 1447 237 1470 erat.
262 1458 308 1463 —
331 1441 409 1476 435.
433 1442 550 1470 Verum
569 1440 656 1470 labo-

86 1495 162 1516 rem.
188 1487 315 1517 Servius
338 1488 380 1516 ait
403 1497 411 1517 :
436 1501 452 1512 «
477 1489 582 1527 Quem
599 1498 657 1528 per

85 1541 135 1561 me
156 1533 223 1572 ipse
245 1533 384 1572 suscipio
408 1543 415 1563 :
442 1543 509 1563 non
532 1533 589 1573 qqi
616 1544 656 1563 ex

85 1577 218 1607 aliorum
255 1579 372 1608 virtute
410 1579 657 1620 imperatoribus

87 1622 224 1654 adscribi
243 1626 419 1655 consuevit.
445 1640 461 1651 >³
484 1626 591 1667 Friget
611 1626 656 1655 sic

84 1671 249 1699 sententia.
277 1671 413 1710 Accipio
442 1671 584 1701 laborem
617 1671 656 1701 de

84 1715 150 1754 ipsa
168 1713 285 1744 laboris
310 1715 512 1751 toleratione,
534 1718 655 1755 patien-

84 1762 142 1797 tia,
158 1757 325 1802 καρτερίᾳ,
342 1755 482 1802 ἀνδρείᾳ.
496 1762 587 1790 Dixit
602 1771 657 1790 au-

86 1814 149 1836 tem
170 1816 229 1846 pro
254 1806 377 1846 vulgari
407 1815 414 1835 :
439 1805 522 1835 disce
541 1817 580 1835 ex
606 1817 656 1836 me

85 1862 188 1882 veram
206 1853 356 1881 virtutem
376 1854 410 1881 in
434 1851 599 1882 tolerando
615 1853 656 1881 la-

83 1897 177 1934 bore;
206 1898 387 1938 exemplum
416 1908 498 1927 verae
526 1899 654 1927 virtutis

83 1954 132 1974 me
146 1944 206 1974 tibi
221 1944 302 1974 habe
317 1945 533 1985 propositum3
550 1951 582 1974 at
594 1944 655 1974 for-

84 1996 170 2019 tunae
184 1990 330 2020 secuudae
356 1991 500 2031 exempla
523 1997 594 2030 pete
614 1990 653 2020 ab

83 2035 160 2066 aliis.
177 2037 287 2067 Altero
305 2037 376 2067 loco
394 2047 401 2067 :
418 2039 589 2067 Fortunam
610 2047 652 2065 ex

81 2081 171 2117 aliis,
209 2083 404 2113 vocabulum
436 2083 556 2113 discere
586 2093 653 2112 non

84 2137 171 2167 aeque
195 2130 372 2168 appositum
388 2136 463 2160 erat.
480 2131 591 2160 Forma
610 2136 652 2158 ta-

84 2183 157 2202 men
181 2175 331 2205 orationis
355 2175 429 2206 inde
451 2176 572 2207 exsistit
597 2186 650 2206 ex-

208 2240 270 2274 IV.

715 747 862 789 quisitior
874 760 934 789 pro
952 750 1073 790 vulgari
1089 759 1096 779 ε
1116 757 1204 781 utere
1227 753 1288 782 for-

715 801 792 824 tuna
811 795 957 832 meliore,
977 806 1071 835 quam
1091 807 1150 837 ego
1175 808 1288 838 exper—

715 848 766 871 tus
781 851 851 870 sum
861 864 869 878 ,
887 852 943 882 per
958 848 1004 871 tot
1024 852 1114 871 casus
1130 850 1160 872 et
1176 854 1287 873 terum-

714 898 770 916 nas
785 888 928 925 jactatus.
945 905 990 910 —
1008 889 1086 926 437.
1111 889 1285 930 Defensum

714 933 804 962 dabit
827 944 888 973 pro
915 933 1078 971 defendet,
1104 941 1138 964 ut
1161 936 1224 973 jam
1249 938 1287 966 si-

714 979 799 1007 milia
813 979 960 1009 vidimus.
977 981 1102 1021 Blagna
1117 980 1288 1021 interpret-

715 1024 782 1053 mia
799 1024 907 1060 ducet,
925 1035 982 1064 per
1000 1036 1111 1066 magna
1136 1026 1212 1057 belli
1237 1028 1290 1058 de-

715 1080 804 1107 cora,
830 1071 989 1101 victorias.
1021 1072 1128 1112 Friget
1151 1072 1286 1103 aliorum

714 1117 933 1156 interpretatio
948 1127 955 1148 :
975 1128 1091 1158 magno
1114 1121 1218 1158 pretio
1232 1119 1286 1149 ha-

712 1162 814 1200 bebo,
835 1164 861 1192 si
884 1170 915 1193 te
940 1162 1120 1195 defendero.
1137 1182 1184 1187 —-
1201 1167 1265 1201 438
1277 1190 1285 1204 ,

715 1210 792 1249 439,
805 1215 882 1245 440.
897 1211 1016 1239 Versus
1029 1211 1116 1240 aurei
1130 1210 1286 1253 insingen-

713 1255 746 1284 di
770 1266 943 1295 puerorum
961 1257 1090 1292 animis,
1113 1258 1230 1297 quibus
1249 1259 1285 1288 il-

710 1302 824 1331 lustres
835 1308 980 1342 parentes
993 1303 1205 1342 providentiae
1219 1315 1287 1333 mu-

710 1358 786 1377 nere
809 1349 1023 1388 eontigerunt.
1045 1349 1168 1379 Similes
1196 1357 1285 1379 erant

711 1404 805 1434 supra
823 1394 880 1424 lib.
900 1396 964 1431 III,
990 1396 1072 1431 342,
1095 1396 1130 1424 in
1154 1395 1283 1426 Andro-

710 1439 836 1470 maches
855 1440 960 1470 verbis
976 1439 1015 1470 de
1036 1441 1198 1472 Ascanio:
1220 1444 1282 1471 Ec-

710 1485 791 1527 quid
801 1485 833 1516 in
849 1485 1019 1527 antiquam
1037 1486 1189 1517 virtutem
1212 1487 1282 1518 ani-

711 1543 841 1573 mosque
862 1532 974 1562 viriles
989 1535 1034 1563 Ec
1044 1541 1144 1574 pater
1158 1535 1281 1565 AEneas

710 1586 742 1609 et
756 1580 927 1609 avunculus
942 1579 1066 1609 excitat
1078 1581 1224 1610 Hector?

758 1632 836 1662 441.
859 1625 965 1656 Verba
983 1633 1169 1666 comparant
1186 1626 1223 1657 Il.
1241 1637 1257 1656 υ
1271 1650 1279 1664 ,

714 1682 727 1700 1
743 1693 751 1708 ,
768 1679 799 1701 et
816 1673 903 1709 443,
927 1679 1010 1709 444ς
1034 1671 1123 1702 Iliad.
1143 1675 1180 1708 λ,
1200 1674 1277 1711 523.

709 1734 756 1739 -—
769 1719 872 1747 Portis
892 1728 958 1747 sese
979 1718 1097 1747 eaeculz't
1114 1718 1187 1747 aleis
1203 1718 1275 1748 edd.

709 1769 785 1792 vett.
806 1769 836 1792 et
851 1773 923 1802 pars
942 1763 1036 1793 codd.
1048 1785 1056 1799 ‚
1072 1763 1126 1793 sed
1142 1764 1235 1793 Pierii
1249 1771 1280 1793 et

709 1808 832 1837 Heinsii
859 1808 1004 1837 meliores
1029 1808 1159 1848 ingens,
1189 1809 1277 1849 quod

706 1853 769 1890 jam
787 1853 836 1883 ed,
855 1853 930 1882 Ald.
947 1855 1036 1882 tertia
1053 1853 1202 1891 exhibet,
1222 1855 1276 1885 sed

708 1898 788 1927 male
809 1909 883 1928 cum
902 1899 969 1928 aliis
985 1898 1024 1928 ad
1043 1899 1140 1928 telum
1154 1900 1251 1930 refert
1265 1911 1274 1932 :

708 1954 780 1973 nam
801 1946 845 1974 sic
860 1952 952 1985 poeta
965 1946 1098 1986 jungere
1115 1945 1251 1976 debebat
1265 1957 1274 1979 ς

706 1990 802 2020 telum
835 1991 948 2032 ingens
981 1991 1135 2022 immane.
1170 1993 1272 2023 Immo

707 2047 782 2066 vero
796 2048 870 2067 cum
887 2039 1015 2067 Donato
1029 2037 1067 2067 ad
1081 2040 1210 2069 AEueam
1227 2050 1275 2069 re-

706 2082 872 2113 ferendum
890 2093 897 2114 :
918 2083 983 2124 ipse
1006 2094 1073 2114 sese
1092 2084 1209 2115 extulit
1224 2085 1275 2115 in-

703 2139 801 2169 gens,
816 2136 851 2159 ut
866 2140 935 2170 sup.
953 2132 1001 2160 lx
1012 2151 1020 2166 ,
1046 2131 1122 2170 597.
1136 2149 1183 2155 —
1194 2133 1271 2168 443.

705 2174 913 2217 Antheusque
935 2177 1077 2217 reposuit
1093 2178 1242 2209 Heinsius
1258 2190 1274 2208 c

1101 2241 1142 2276 23
