1414 2435
122 81 135 100 1
142 71 161 99 6
617 67 810 98 AENEIDOS

116 127 248 165 Omnis
263 138 332 175 per
349 136 478 162 muros
496 124 614 175 legio,
631 124 764 161 sortita
783 123 965 173 periclum
976 150 988 169 ,

116 187 307 232 Excubat,
323 195 551 234 exercetque
567 185 686 231 vices,
707 184 810 234 quod
827 184 964 233 cuique
979 181 1161 220 tuendum
1176 189 1241 219 est.
1265 191 1312 224 ¹75

168 247 282 284 Nisus
303 254 383 282 erat
402 253 522 294 portae
541 253 685 288 custos,
706 243 911 280 acerrimus
931 242 1064 287 armis,

114 305 358 356 Hyrtacide53
379 305 554 341 comitem
574 306 701 339 AEneae
720 316 833 352 quern
853 303 1006 339 miserat
1026 301 1095 339 Ida

116 366 316 411 Venatrix,
333 365 459 414 jaculo
475 364 636 400 celerem
651 361 875 411 levibusque
896 361 1060 411 sagitti83

114 427 163 462 Et
177 426 287 475 juxta
305 436 430 460 comes
447 423 649 471 Euryalus,
670 433 747 470 quo
764 420 961 470 pulchrior
979 422 1073 458 alter

115 488 203 523 Non
223 484 294 521 fuit
311 481 540 526 AEneadum,
557 481 722 530 Trojana
739 493 863 530 neque
883 481 1006 518 induit
1021 494 1143 528 arma,
1268 490 1314 514 180

118 547 196 583 Ora
214 557 311 594 puer
329 542 453 593 prima
468 541 617 591 signans
635 540 785 577 intonsa
797 540 965 589 juventa.

115 713 208 739 rum,
229 712 308 741 quos
324 699 512 731 Mnestheus
535 706 566 729 et
587 702 689 729 Seres-

116 756 167 778 tus
187 747 248 777 sub
271 748 368 788 signis
389 746 566 781 habehant;
586 753 622 775 ut
641 753 688 776 to-

113 796 173 824 ties
185 793 315 833 juvenes
329 803 388 833 pro
402 794 496 828 viris,
515 792 669 822 militibus
679 814 687 829 ,

115 840 228 876 turba,
245 846 276 868 et
295 840 340 868 sic
358 849 455 879 porro
476 838 553 868 dicti
576 849 689 868 occur-

117 887 414 916 runt.--Reccores
421 884 573 926 juvenum
582 896 594 920 ;
611 885 690 914 frus-

116 940 164 962 tra
178 931 217 961 de
229 931 406 973 paedagogis
420 932 560 972 cogitant
572 932 689 971 intpp.;

116 985 191 1009 sunt
207 978 304 1008 duces
323 978 462 1008 miiitum
473 1000 481 1014 ‚
496 987 576 1018 quos
589 976 688 1018 desig-

117 1031 246 1055 naverat
276 1027 389 1054 AEueas
418 1030 488 1052 ante
519 1023 689 1062 profectio-

117 1081 192 1100 nem
213 1069 252 1099 ad
274 1069 476 1105 Evandrum,
496 1068 617 1109 siquid
640 1079 689 1098 ac-

117 1116 236 1147 cideret
266 1115 407 1151 adversi,
440 1114 527 1154 quod
561 1124 690 1155 operam

117 1162 286 1192 militarem
318 1160 502 1201 postularet.
533 1177 580 1183 —--
615 1161 688 1198 175.

120 1208 223 1244 Vices,
237 1207 324 1247 quod
334 1207 522 1247 explicative
532 1229 540 1243 ‚
554 1206 616 1236 hoc
631 1217 692 1236 ma-

117 1256 162 1296 gis
187 1253 321 1282 doctum
346 1252 488 1292 adeoque
511 1253 690 1293 poeticum,

119 1309 214 1340 quam
225 1299 440 1339 interpretari:
449 1309 506 1339 per
515 1300 597 1328 vices
607 1309 693 1328 exer-

119 1353 170 1376 cet
184 1345 217 1374 id
236 1344 324 1385 quod
339 1351 397 1375 etc.
409 1367 418 1382 ‚
435 1344 486 1374 vel
506 1352 632 1375 exercet
650 1346 693 1374 vi-

121 1403 172 1422 ces
206 1388 291 1420 κατὰ
321 1389 355 1421 τὸ
366 1414 374 1427 ,
407 1397 564 1431 quantum
593 1390 633 1420 ad
659 1390 694 1420 id

120 1444 240 1479 spectat
250 1460 258 1473 ‚
279 1437 367 1477 quod
382 1444 442 1467 etc.

171 1484 361 1523 176—449.
383 1484 588 1513 Pervenimus
608 1493 694 1513 nunc

120 1530 158 1559 ad
178 1529 353 1569 episodium
364 1552 372 1565 ‚
393 1528 534 1558 AEneidis
550 1530 694 1558 omnium

122 1576 212 1605 facile
235 1574 489 1617 nobilissimum,
509 1573 548 1603 de
568 1575 645 1604 Niso
664 1581 694 1603 et

122 1621 281 1661 Euryalo,
308 1621 398 1658 cujus
418 1620 554 1649 suavitas
572 1630 694 1649 summa

121 1668 268 1707 inprimis
293 1666 333 1695 ad
354 1676 481 1695 sensum
504 1672 534 1695 et
555 1666 693 1695 affectio-

123 1724 195 1742 nem
215 1713 360 1741 amit-ium
374 1722 439 1740 sese
452 1711 556 1741 refert.
576 1711 635 1741 Sed
650 1723 695 1741 ac-

123 1764 284 1789 cesserunt
302 1764 348 1786 tot
364 1757 422 1786 alia
438 1757 476 1785 ad
491 1758 613 1787 animos
628 1769 694 1787 mo-

122 1804 242 1835 veudos
265 1802 520 1833 accommodata:
545 1814 695 1843 generosa

122 1860 294 1891 puerorum
311 1848 432 1878 indoles
443 1872 451 1886 ,
471 1849 620 1889 praeclara
634 1850 696 1879 lau-

124 1897 171 1926 dis
188 1895 316 1935 cnpido,
330 1902 360 1924 ct
372 1896 472 1925 virtus
486 1895 604 1924 nullam
620 1906 696 1924 mer-

125 1942 232 1971 cedem
248 1948 398 1981 expetens
412 1963 419 1977 ,
438 1942 506 1982 ipso
524 1941 606 1971 facto
625 1951 696 1970 cou-

125 1996 208 2018 tentn
222 1999 229 2024 ;
244 1994 402 2027 respectus
417 1987 548 2016 materni
564 1989 694 2022 amoris,

126 2045 160 2062 m·
175 2036 290 2073 pietns2
308 2034 435 2063 Ascanii
450 2035 556 2073 pueri,
578 2040 608 2063 et
625 2033 696 2062 Ait·-

126 2087 164 2108 tae
179 2081 259 2108 sonis
275 2079 492 2109 benevolenti-i
503 2080 534 2108 iu
545 2090 609 2109 eos.
622 2080 695 2109 Dio-

126 2125 223 2154 medis
245 2131 275 2152 et
302 2125 420 2164 [lys-sis
440 2135 598 2165 egressum
620 2135 693 2155 noc·

127 2178 255 2202 turnum
270 2181 309 2199 ex
326 2171 360 2200 11.
378 2181 395 2199 ν.
412 2178 512 2211 poeta:
529 2178 600 2202 ante
618 2182 693 2201 ucu-

742 699 790 729 los
809 698 902 729 fuisse
926 710 993 731 non
1015 700 1148 732 dubito:
1168 702 1317 733 uiderunt

741 745 806 775 hoc
826 747 890 784 jam
916 753 1055 777 veteres:
1072 758 1103 778 V.
1129 749 1256 779 Servius
1277 750 1315 778 ad

743 803 773 821 v.
795 802 807 821 1
825 791 857 821 h.
871 792 914 829 l.;
935 792 990 822 sed
1007 793 1094 834 quod
1113 796 1229 824 amoris
1246 805 1315 824 mu-

742 839 790 867 tui
806 838 954 876 affectus,
970 849 1045 869 mox
1059 847 1160 869 metus
1175 840 1214 870 de
1228 841 1317 879 jux-c-

742 895 821 914 num
842 884 1086 915 fortissimorum
1109 886 1292 916 discrimine
1305 911 1312 922 ‚

743 930 933 971 tandemque
945 933 1103 962 miseratio
1116 933 1150 962 in
1163 934 1315 963 narratio-

743 987 816 1006 nem
826 977 910 1006 illata
925 985 981 1015 est,
993 977 1054 1007 hoc
1063 979 1218 1016 Maronis,
1233 989 1316 1009 stun-

744 1024 787 1051 mi
794 1029 907 1063 poetae,
919 1025 1047 1065 ingenio
1060 1024 1170 1054 deberi
1178 1025 1314 1055 videtur.

744 1069 846 1098 Etiam
882 1079 1021 1099 accessus
1044 1077 1075 1100 et
1097 1071 1248 1100 transitus
1275 1071 1316 1100 ad
1359 1087 1366 1091 -

744 1114 922 1154 episodium
945 1115 1025 1145 lenis
1045 1123 1091 1145 est
1115 1122 1146 1145 et
1167 1117 1313 1157 simplex.

744 1161 856 1200 Egerat
871 1160 910 1190 de
931 1161 1081 1191 custodiis
1103 1168 1135 1191 et
1156 1163 1316 1199 excubiis;

745 1213 791 1235 est
810 1207 844 1235 in
864 1207 903 1235 iis
919 1208 1025 1237 Nisus.
1043 1209 1151 1238 Unum
1167 1215 1212 1238 est
1229 1209 1317 1248 quod

744 1252 852 1292 paullo
873 1254 1012 1283 severior
1026 1253 1138 1293 aliquis
1152 1253 1253 1292 judex
1269 1265 1316 1284 re-

745 1297 967 1337 prehenderit,
993 1298 1082 1338 quod
1107 1298 1143 1328 ad
1172 1301 1318 1330 carminis

746 1354 900 1373 summam
918 1344 1051 1385 episodii
1066 1344 1154 1374 nulla
1169 1346 1216 1375 vis
1235 1353 1266 1376 et
1279 1346 1319 1376 ef-

747 1389 849 1419 fectus
865 1397 921 1420 est.

798 1437 872 1474 176.
882 1437 996 1467 Nisum
1006 1437 1139 1477 Hyrtaci
1154 1435 1257 1467 filium
1275 1438 1317 1467 fe-

748 1483 791 1511 cit
801 1504 809 1519 ‚
825 1488 949 1511 tantum
959 1504 967 1519 ‚
982 1489 1063 1522 puto
1073 1505 1081 1519 ‚
1099 1482 1184 1523 quod
1200 1494 1240 1513 ex
1258 1487 1318 1514 Ho-

747 1537 834 1557 mero
859 1534 971 1558 notum
993 1535 1059 1558 erat
1083 1539 1219 1566 nomen,
1239 1541 1270 1559 v.
1290 1541 1315 1559 c.

748 1573 785 1603 11.
801 1571 840 1611 β,
864 1574 925 1611 837
941 1596 949 1609 ‚
970 1574 1047 1604 838.
1071 1574 1164 1604 Idam
1185 1582 1316 1605 matrem

748 1629 812 1649 esse
834 1620 1016 1660 Nympham
1045 1620 1222 1651 habendam
1247 1623 1318 1661 quis

747 1665 893 1695 dubitet?
925 1666 1054 1706 Euryali
1088 1674 1209 1707 patrem
1236 1668 1317 1697 iufra

749 1724 778 1741 v.
795 1722 857 1741 201
874 1711 939 1741 edit
966 1712 1126 1752 Ophelten
1141 1735 1149 1750 ,
1166 1723 1285 1744 nomen
1301 1725 1318 1742 e

747 1758 907 1788 Thebanis
920 1757 1034 1787 fabulis
1047 1766 1169 1789 uotum.
1183 1794 1186 1797 Δ

801 1804 874 1834 130.
909 1803 1050 1844 Trojano
1084 1814 1186 1844 neque
1216 1804 1320 1835 induit

749 1860 839 1878 arma
849 1861 861 1885 ;
877 1850 1014 1879 otiosum
1028 1849 1128 1879 videri
1141 1849 1235 1880 debet
1248 1860 1320 1891 post

749 1895 802 1924 illa
819 1904 826 1924 :
856 1905 918 1924 non
957 1895 1003 1924 uit
1027 1895 1207 1925 AEneadmn
1219 1919 1228 1932 ,
1263 1897 1319 1927 scd

749 1940 882 1971 redemit
899 1941 1024 1980 culpam
1040 1948 1134 1981 poeta
1152 1943 1317 1972 Homerica

749 1985 848 2015 forma
863 1995 871 2015 :
888 1982 1018 2016 ἐδύσατο
1036 1986 1149 2026 τεύχεα
1161 2010 1169 2024 ,
1183 1995 1213 2017 et
1229 1990 1315 2018 simi·

749 2031 799 2062 lia.
829 2034 900 2063 Nou
926 2032 986 2061 fuit
1004 2033 1082 2064 alius
1101 2034 1183 2063 inter
1207 2036 1315 2073 'l'rojn-

749 2088 807 2107 uos
820 2079 876 2118 qui
900 2079 931 2107 in
955 2080 1046 2108 armis
1062 2087 1160 2110 erant.
1177 2097 1222 2102 —
1243 2081 1278 2109 18
1290 2092 1315 2112 ι.

748 2125 797 2154 Ex
825 2125 994 2155 Homerico
1020 2125 1134 2166 Odyss.
1160 2137 1178 2155 γ.
1190 2149 1198 2163 ,
1229 2128 1291 2164 278
1306 2150 1314 2162 ,

751 2170 816 2211 289
841 2170 942 2211 (addc
966 2171 1001 2201 u.
1027 2181 1072 2209 m,
1102 2172 1186 2209 3¹⁶7»
1210 2172 1315 2214 348),
