1414 2435
249 69 307 122 P.
356 60 714 122 VIRGILII
763 69 1126 125 MARONIS

409 220 971 306 AENEIDOS

357 399 632 455 LIBER
673 399 1019 456 NONUS.-

88 577 1282 596 §mmmmmmmmmmmmmmmwmssssuffi

458 699 913 737 ARGUMENTUM.

134 815 286 845 Ausum
309 817 421 854 AEnea,
442 821 474 845 et
496 816 531 845 in
553 816 670 847 Tuscia
702 815 928 858 conquirendis
953 818 1079 848 auxiliis
1105 827 1261 861 occupato
1272 843 1281 859 ,

89 871 217 899 Turnus
234 881 251 900 a
267 871 398 901 Junone
423 881 480 911 per
503 871 621 901 Iridem
640 871 836 908 admonitus,
861 882 902 901 ne
924 878 1040 902 tantam
1062 874 1108 903 rei
1130 874 1212 904 bene
1229 886 1283 916 ge-

85 924 192 955 rendae
209 926 404 956 occasionem
420 926 594 963 amitteret,
608 937 703 967 quam
719 927 865 966 proxime
884 925 922 955 ad
938 926 1042 956 hostes
1059 929 1165 968 copias
1179 929 1285 960 admo-

83 985 136 1008 vet
145 980 252 1010 —32.
264 980 330 1020 Qui
343 990 443 1019 quum
455 980 520 1009 suis
536 990 568 1010 se
581 980 741 1009 moenibus
756 980 974 1017 continerent,
990 990 1092 1020 neque
1106 991 1198 1022 aequo
1210 982 1284 1014 loco

85 1031 223 1062 facerent
241 1032 414 1062 dimicandi
428 1039 613 1073 potestatem
625 1055 634 1070 ,
647 1040 683 1062 ut
700 1032 762 1062 illis
786 1043 873 1072 spem
888 1043 1016 1062 omnem
1033 1033 1115 1074 fugae
1132 1035 1284 1066 interclu-

87 1084 192 1122 deret,
210 1086 338 1116 classem
356 1097 490 1116 exurere
512 1093 700 1116 conatur—
712 1086 764 1125 76.
781 1088 857 1116 Erat
872 1086 976 1115 classis
990 1087 1135 1124 Trojanae
1154 1089 1283 1118 materia

87 1149 126 1168 cx
143 1137 234 1168 Idaeae
247 1140 354 1168 matris
369 1139 444 1169 luco
457 1148 553 1169 caesa:
568 1146 761 1179 quapropter
778 1140 887 1168 matris
900 1138 1047 1179 precibus
1058 1138 1214 1169 adductus
1226 1141 1247 1170 J
1250 1151 1284 1170 u-

85 1192 168 1231 piter
183 1202 278 1222 naves
291 1203 400 1222 omnes
411 1192 561 1222 incendio
577 1193 709 1233 eripuit,
725 1199 757 1222 et
774 1193 809 1222 in
822 1191 955 1222 totidem
969 1192 1133 1233 Nymphas
1146 1194 1282 1223 marinas

85 1247 297 1276 convertit—
310 1257 386 1277 122.
410 1249 485 1277 Post
502 1245 569 1276 haec
580 1268 589 1283 ,
607 1246 792 1275 imminente
814 1246 878 1284 jam
894 1252 1007 1282 nocte,
1028 1247 1155 1276 Turnus
1171 1246 1282 1277 adver-

84 1309 136 1328 sus
146 1298 286 1329 hostium
299 1301 482 1340 eruptiones
497 1299 536 1329 ad
550 1299 663 1340 oppidi
674 1306 800 1340 portam
815 1299 964 1329 excubias
977 1298 1117 1339 disponit
1127 1309 1134 1330 :
1145 1301 1183 1330 iis
1196 1302 1282 1331 Mes-

84 1363 195 1393 sapum
209 1352 397 1393 praeficit—
410 1354 485 1392 167.
500 1354 630 1384 Interim
644 1353 897 1383 consultantibus
906 1354 1117 1391 Trojauorum
1132 1353 1280 1392 ducibus,

83 1417 251 1446 quemnam
267 1408 465 1448 potissimum
478 1407 517 1436 ad
529 1409 660 1437 AEneam
675 1408 837 1436 mitterent
846 1428 855 1443 ‚
870 1407 927 1446 qui
941 1405 980 1436 de
992 1417 1124 1436 suorum
1137 1407 1281 1447 periculo

83 1470 157 1489 eum
175 1461 291 1491 faceret
313 1462 498 1498 certiorem3
519 1461 606 1490 ultro
631 1470 699 1490 eam
717 1460 915 1501 provinciam
932 1460 1112 1500 suscipiunt
1130 1461 1226 1491 Nisus
1249 1467 1281 1490 et

82 1513 239 1554 Euryalus
249 1536 258 1551 ‚
277 1514 572 1552 conjunctissimum
587 1513 758 1542 amicorum
780 1522 889 1552 par—
901 1512 964 1541 313
978 1521 985 1542 :
1000 1513 1058 1552 qui
1078 1522 1178 1551 quum
1199 1512 1280 1541 urbe

83 1567 187 1596 emissi
198 1566 340 1597 hostium
352 1567 503 1596 excubias
516 1567 593 1596 vino
606 1575 781 1605 somnoque
796 1564 927 1595 obrutas
939 1563 1155 1602 offendissent,
1165 1563 1280 1595 Rham-

83 1626 187 1649 netem
202 1630 274 1650 cum
290 1631 403 1662 magno
412 1620 608 1651 Rutulorum
618 1630 752 1649 numero
765 1617 937 1655 trucidant,
944 1628 1117 1658 eorumque
1127 1628 1159 1648 se
1171 1616 1280 1659 spoliis

83 1674 496 1704 exornant—366.Verum
509 1684 609 1713 quum
619 1695 628 1710 ‚
642 1674 778 1703 instante
789 1673 853 1710 jam
864 1672 947 1709 luce,
958 1682 991 1701 se
1006 1672 1146 1711 recipere
1160 1680 1278 1701 conan-

84 1734 136 1755 tur
148 1749 156 1763 ‚
172 1736 189 1755 a
202 1726 384 1756 Volscentis
399 1726 560 1766 equitibus
575 1726 754 1766 conspecti,
779 1724 818 1754 ad
831 1724 924 1754 silvas
939 1724 1139 1764 confugiunt.
1155 1722 1206 1752 Ibi
1217 1724 1281 1752 Eu-

84 1780 208 1821 ryalus,
231 1790 392 1810 armorum
415 1779 556 1820 pondere
579 1780 703 1820 viaeqne
727 1788 833 1808 errore
855 1777 1045 1818 impeditus,
1062 1777 1096 1805 in
1110 1774 1216 1805 hostes
1230 1776 1280 1804 in-

85 1834 181 1871 cidit,
202 1841 233 1865 et
253 1846 270 1865 a
290 1833 475 1871 Volscente‚
495 1833 610 1863 frasu-a
636 1832 822 1873 deprecante
839 1831 929 1868 Niso,
952 1829 1279 1867 confoditur—437.

84 1888 179 1918 Nisus
197 1897 326 1928 quoque
337 1908 345 1923 ,
364 1896 443 1916 caeso
459 1886 646 1924 Volscente,
664 1892 696 1915 et
716 1884 847 1926 Euryali
863 1893 941 1913 nece
965 1889 1094 1913 strenue
1117 1881 1260 1912 vindicta
1266 1903 1278 1918 o

83 1939 190 1970 multis
204 1940 391 1970 vulneribus
407 1939 570 1970 confossus
584 1949 679 1979 snper
692 1938 785 1967 amici
797 1947 912 1976 corpus
921 1935 1115 1966 concidit—
1126 1934 1202 1970 445.
1219 1934 1279 1964 Ca-

83 1995 167 2034 pita,
183 1994 279 2023 hastis
295 1992 390 2023 affixa
400 2016 409 2031 ‚
427 1995 463 2024 in
476 2000 574 2024 castra
587 1993 774 2023 deferuntur
791 2000 800 2021 :
819 1990 876 2020 ubi
894 2000 911 2019 a
928 1990 1072 2027 Trojanis
1087 1999 1104 2018 e
1119 1987 1278 2018 moenibus

85 2048 189 2088 agnita
201 2048 360 2089 ingentem
374 2049 410 2077 in
424 2047 504 2077 urbe
516 2047 639 2081 luctum
652 2046 844 2076 excitant—
855 2043 932 2074 502.
947 2043 1079 2073 Interim
1090 2044 1220 2072 Turnus
1233 2049 1280 2072 to-

85 2103 125 2131 tis
139 2101 261 2131 viribus
273 2101 379 2132 hostes
396 2107 559 2143 oppugnat
574 2110 582 2132 :
600 2110 712 2142 magna
724 2099 882 2137 utrimque
895 2103 1012 2138 strages
1030 2095 1191 2126 editur—
1201 2095 1279 2135 589.

87 2155 139 2186 Ibi
153 2155 309 2186 Ascanius
326 2156 512 2188 Numanum
530 2154 718 2185 insolentius
732 2162 764 2182 se
783 2152 953 2192 jactantem
966 2150 1086 2191 sagittae
1102 2149 1170 2179 ictu
1184 2149 1282 2178 inter-

248 2220 312 2255 IV.
1124 2225 1153 2252 »ι
