1414 2435
563 65 686 96 LIBER
709 66 767 96 IX.
1229 78 1245 96 2
1253 67 1270 97 5

80 125 266 174 Euryalus
284 138 291 160 :
310 141 325 158 «
344 125 408 160 Me
428 121 530 159 nulla
548 123 626 160 (lies
646 133 723 160 tam
739 123 900 161 sortibus
922 126 1020 164 ausis

81 185 312 222 Dissimilem
328 183 515 232 arguerim
535 192 679 220 tantum
696 187 864 222 Fortuna
881 186 1062 232 secunda,

85 244 198 281 Haud
218 243 376 280 adversa
391 242 520 279 cadat!
541 243 607 280 sed
623 252 658 280 te
681 257 796 293 super
814 247 939 282 omnia
958 245 1056 282 dona

83 307 211 342 Unum
225 316 295 341 oro
313 319 320 340 :
340 305 511 353 genetrix
524 305 664 341 Priami
679 305 725 341 de
742 314 852 355 gente
867 316 1015 343 vetusta

81 367 147 402 Est
165 364 258 408 mihi
270 392 281 411 ,
301 377 415 413 quam
434 365 610 401 miseram
630 366 750 401 tenuit
766 378 842 402 non
858 367 926 403 Ilia
944 367 1052 404 tellus
1228 377 1274 401 285

80 427 232 462 Mecum
251 424 513 470 excedentem,
533 437 609 461 non
628 426 764 462 moenia
784 427 882 475 regis
899 430 1054 463 Acestae.

85 487 193 522 Hanc
213 497 283 535 ego
303 498 403 522 nunc
423 485 593 534 ignaram
611 485 724 534 hujus
744 485 1013 535 quodcumque
1032 487 1164 536 pericli
1182 496 1254 531 est,

87 548 209 594 Inque
227 546 426 583 salutatam
442 545 592 595 linquo3
609 548 711 590 Nox,
732 555 768 582 et
788 555 851 582 tua
873 546 976 583 testis

86 606 271 650 Dextera,
292 605 397 654 quod
417 618 602 654 nequeam
621 605 792 642 lacrimas
808 606 978 653 perferre
997 606 1174 654 parentis.

83 667 133 701 At
152 674 212 710 m,
234 678 321 711 oro,
339 666 461 702 solare
482 665 652 714 inopem,
667 673 705 702 et
720 677 899 701 succurre
917 665 1068 701 relictae.
1231 682 1277 706 290

82 727 188 762 Hanc
208 725 288 762 sine
303 737 362 761 me
385 737 490 773 spem
509 725 607 760 ferre
624 724 701 760 tui:
720 723 919 760 audentior
937 723 1002 760 ibo

89 788 133 821 In
157 797 263 821 casus
284 784 416 821 omnis.
433 801 449 817 a
467 786 649 822 Percussa
667 793 791 821 mente
806 784 992 821 dederunt

85 936 269 967 municabo.
301 935 526 977 Quodcunque
555 943 658 967 antem

84 983 138 1013 vel
171 994 245 1013 cum
274 981 338 1012 fide
366 993 400 1012 ac
432 982 547 1013 fiducia
567 1006 576 1021 ‚
608 983 659 1012 vel

85 1036 218 1069 propter
231 1028 329 1059 fidem
343 1029 475 1058 facimus
487 1051 495 1065 ‚
514 1029 548 1058 id
564 1040 658 1059 omne

73 1074 161 1116 fides
182 1074 338 1116 designat3
355 1081 392 1104 ut
407 1075 516 1114 paullo
532 1082 603 1105 ante
619 1074 658 1104 ad

86 1121 151 1150 260
168 1127 314 1151 notatum
329 1121 542 1151 meminimus.

132 1167 194 1196 281
209 1189 217 1203 ‚
237 1167 302 1196 282
316 1189 323 1203 ‚
346 1166 422 1196 283.
440 1168 506 1207 Ego
523 1177 598 1196 vero
615 1166 656 1195 al-

83 1212 236 1243 laborabo
247 1236 255 1249 ,
273 1220 310 1242 ut
323 1212 400 1242 huic
421 1212 496 1242 forti
513 1212 596 1242 facto
610 1219 657 1242 to-

84 1265 116 1288 ta
129 1260 193 1289 vita
206 1269 275 1288 mea
287 1259 327 1288 sit
344 1265 553 1288 consentanea
570 1267 577 1288 :
591 1259 656 1287 sive

85 1304 186 1341 bona,
200 1306 266 1334 sive
279 1304 409 1333 adversa
426 1304 554 1333 fortuna
569 1304 604 1332 in
619 1313 656 1333 eo

82 1350 284 1390 exsequendo
298 1360 374 1379 usus
391 1350 493 1379 fuero.
503 1366 549 1372 —
558 1350 657 1378 Inter-

82 1397 200 1437 punxit
212 1398 414 1426 Burmannus
428 1401 500 1436 post
512 1402 635 1424 cantum
645 1405 656 1423 :

82 1444 223 1472 Fortuna
236 1441 376 1472 secunda
386 1464 395 1477 ,
413 1441 512 1470 Haud
522 1441 656 1471 adversa

83 1488 202 1525 cadac;
219 1498 291 1529 quae
315 1486 462 1527 equidem
485 1497 550 1516 non
576 1497 655 1516 asse-

84 1544 177 1575 quor.
186 1535 257 1566 Sive
265 1534 429 1573 junxeris:
440 1532 582 1574 arguerit
590 1540 658 1562 tan-

84 1587 169 1616 lum,
194 1581 259 1610 sive
295 1579 480 1610 dissimilem
510 1587 652 1615 tamum,

81 1627 189 1665 jejuna
203 1633 250 1656 est
270 1627 381 1656 oratio.
398 1625 524 1657 Scilicet
536 1625 656 1665 duplex

83 1678 129 1702 est
150 1672 244 1702 lectio
264 1672 329 1701 loci
357 1678 388 1701 et
414 1673 654 1712 interpunctio:

85 1718 199 1753 altera,
219 1727 313 1757 quam
341 1719 469 1747 Servius
496 1724 605 1746 tuetur
625 1723 656 1746 et

84 1764 198 1794 diserte
212 1764 346 1804 exponit
363 1772 369 1792 :
387 1770 443 1792 auc
457 1762 590 1792 adversa
603 1773 654 1792 ca-

83 1811 150 1840 dat.
170 1811 221 1841 Sic
245 1811 309 1839 fere
328 1808 441 1839 editur.
461 1809 510 1838 Ex
531 1808 589 1837 hac
607 1809 653 1837 lo-

85 1866 140 1886 cus
166 1854 440 1896 interpungendus
458 1864 465 1884 ε
486 1855 540 1884 Me
563 1854 654 1883 nulla

84 1903 115 1933 d.
126 1901 319 1944 —argueric
331 1912 341 1931 :
356 1909 479 1931 tantum
490 1911 501 1929 :
514 1902 653 1930 Fortuna

85 1948 224 1979 secunda
240 1951 308 1978 Aut
326 1948 460 1978 adversa
478 1946 586 1977 cadat.
606 1949 652 1976 Ita

85 1994 196 2025 durior
211 1995 342 2035 quidem
354 2001 418 2030 est,
438 1999 573 2023 attamen
592 1988 654 2022 δει-

87 2038 200 2074 νότητα
218 2040 314 2070 habet
326 2041 427 2071 oratio
445 2049 453 2070 :
469 2046 593 2069 tantum
610 2050 653 2069 sc.

87 2086 127 2116 de
142 2097 192 2116 me
213 2087 358 2128 polliceri
375 2085 492 2122 audeo,
508 2096 655 2125 quaecun-

87 2142 148 2172 que
172 2132 300 2163 fortuna
328 2131 496 2168 acciderit,
518 2142 573 2161 seu
601 2131 656 2161 ad-

87 2188 173 2208 versa
186 2200 194 2215 ,
216 2189 272 2208 seu
287 2178 426 2209 secunda
443 2189 451 2216 ;
465 2177 528 2207 fere
542 2185 580 2208 ut
597 2177 654 2207 inf.

248 2242 312 2276 IV.

714 938 782 968 636
801 939 871 967 Hoc
890 944 1014 967 tantum
1029 938 1189 967 Ascanius
1200 941 1212 967 J
1227 938 1282 968 sed

711 994 770 1025 pro
784 984 907 1024 vulgari
919 994 973 1013 seu
988 983 1108 1013 dictum
1125 991 1190 1014 aut.
1198 986 1282 1014 Tum

711 1030 854 1070 arguerit
867 1037 912 1059 est
934 1040 993 1069 pro
1011 1037 1121 1070 arguet
1132 1052 1140 1066 ,
1153 1030 1207 1059 sed
1223 1041 1283 1059 nec

711 1075 914 1116 ineleganter.
937 1076 1095 1105 Convenit
1120 1076 1206 1115 quod
1224 1076 1283 1106 inf.

715 1131 780 1161 299
795 1120 1021 1161 casussacmm
1041 1121 1221 1162 quicunque
1237 1132 1283 1151 se-

711 1174 856 1207 quentur.
874 1167 983 1196 Altera
1001 1174 1047 1196 est
1065 1168 1178 1204 lectio,
1196 1167 1286 1197 haud

710 1213 843 1242 adversa
870 1213 987 1249 cadat,
1011 1213 1099 1252 quod
1128 1215 1233 1243 Heius.
1266 1224 1283 1243 e

710 1258 828 1288 Medic.
843 1258 974 1298 aliisque
983 1259 1134 1298 praetulit,
1144 1260 1169 1287 si
1186 1257 1296 1293 modo?

711 1305 860 1335 codicum
881 1305 1050 1333 auctoritas
1066 1305 1100 1333 in
1126 1305 1180 1334 tali
1203 1315 1282 1334 voce

709 1357 782 1385 aut,
806 1349 901 1385 hauc,
927 1349 1029 1385 haud,
1060 1360 1171 1391 magna
1205 1358 1279 1380 est:

710 1396 852 1426 concinit
867 1395 999 1425 Mentel.
1014 1406 1064 1436 pr.
1079 1396 1180 1425 Haud
1192 1407 1281 1426 aver-

709 1453 745 1472 sa
778 1441 874 1472 cadit.
910 1443 960 1472 Sic
989 1442 1280 1483 interpungendum

710 1499 774 1518 esse
789 1494 874 1528 patet
889 1497 898 1519 ε
916 1488 1166 1529 men—arguerit
1178 1499 1188 1517 :
1206 1496 1279 1518 tan-

709 1542 775 1564 tum
784 1533 920 1575 fortuna
933 1534 1092 1569 secunda,
1112 1535 1212 1564 Haud
1225 1535 1281 1564 ad-

711 1591 799 1610 versa
826 1580 948 1609 cadat!
977 1586 1118 1617 tantum,
1144 1587 1282 1610 tantum-

709 1627 824 1664 modo,
851 1636 982 1667 precor,
1011 1626 1139 1656 fortuna
1161 1627 1281 1656 faveat!

709 1675 748 1702 In
770 1673 835 1710 his,
860 1683 931 1702 meo
952 1672 1082 1712 quidem
1105 1683 1216 1708 sensu,
1233 1673 1280 1710 je-

706 1720 822 1757 junum
836 1725 883 1748 est
897 1718 977 1748 illud
994 1728 1002 1749 :
1019 1718 1175 1753 secunda,
1194 1716 1284 1746 haud

709 1764 852 1795 adversa.
875 1766 985 1804 Itaque
1007 1764 1217 1803 antiquiorem
1236 1773 1281 1792 re-

707 1811 820 1839 vocavi
844 1820 916 1839 cum
939 1808 1112 1839 Brunckio.
1127 1825 1174 1832 -—·
1196 1810 1280 1839 Tan-

707 1863 791 1891 tum,
813 1856 934 1884 scilicet
949 1855 1036 1891 dico,
1061 1854 1216 1895 profiteor
1241 1855 1280 1885 de

707 1912 775 1938 me,
799 1901 962 1942 polliceor.
987 1900 1040 1930 Ad
1061 1902 1183 1941 pietatis
1207 1911 1278 1930 sen-

706 1958 777 1977 sum
804 1947 952 1988 praeclare
983 1957 1068 1987 seqq.
1097 1954 1171 1976 sunt
1195 1956 1279 1976 com-

706 2000 824 2035 parata.
839 2011 884 2016 -
900 2003 977 2033 290.
994 1994 1090 2022 Hanc
1103 2001 1136 2024 tu
1158 1992 1279 2032 aliquot

707 2041 788 2070 Pier.
811 2047 841 2069 et
867 2041 974 2069 Burm.
1000 2049 1072 2068 cum
1100 2038 1197 2069 Goth.
1218 2048 1278 2068 sec.

708 2087 804 2115 Hanc
830 2096 884 2115 oro
918 2084 1049 2117 Oudart.
1077 2095 1094 2114 a
1120 2094 1204 2114 man.
1228 2094 1277 2124 pr.

708 2133 802 2161 Hanc
823 2139 853 2161 te
869 2142 924 2162 oro
947 2130 1068 2162 Zulich.
1096 2133 1142 2161 Tu
1155 2140 1234 2160 vero
1254 2140 1279 2159 5.

710 2178 806 2208 Goth.
824 2184 894 2209 tert.

1100 2241 1120 2275 3
