1414 2435
131 33 195 64 356

501 35 535 64 Ρ.
552 32 735 64 VIRGILII
760 32 956 64 MARONIS

131 94 213 128 Jam
233 90 356 141 rapidi
374 99 555 128 steterant
570 104 716 137 amnes,
736 99 773 128 et
792 91 906 130 turba
926 91 1092 128 ferarum

131 150 272 187 Blanda
289 164 383 188 voce
401 164 543 201 sequax
560 151 754 201 regionem
771 151 964 188 insederat
983 148 1147 201 Orphei3

131 214 290 259 Jamque
305 211 419 248 imam
437 211 552 248 viridi
571 211 738 248 radicem
755 220 927 249 moverat
943 212 1016 248 alte

133 272 305 315 Quercus
321 270 455 318 humo,
473 280 730 321 steterantque
749 284 896 318 amnes,
914 272 1094 321 silvaeque
1113 278 1259 306 sonorae
1282 275 1330 299 230

134 331 276 379 Sponte
294 343 362 367 sua
378 341 509 369 cantus
529 331 732 382 rapiebant
751 331 892 368 cortice
914 343 1053 368 amara.

133 390 319 428 Labentes
333 391 480 442 bijuges
501 393 615 429 etiam
634 405 704 442 per
725 391 850 429 sidera
869 395 978 429 Luna

133 451 271 488 Pressit
290 465 406 501 equos
413 467 424 497 3
445 462 482 489 et
499 461 540 488 tu
558 461 774 498 currentes,
795 460 988 489 menstrua
1005 451 1133 500 virgo,

133 510 322 547 Auditum
340 511 460 560 lyram
480 512 634 549 tenuisti
652 520 763 548 nocte
784 512 927 548 relicta.

133 572 223 606 Haec
239 571 369 608 eadem
384 572 509 620 potuit
528 572 626 608 Ditis
648 579 683 608 te
703 572 856 608 vincere
877 570 1036 620 conjux,

1284 578 1333 602 285

134 629 424 680 Eurydicenque
443 632 545 667 ultro
566 630 778 668 ducendam
797 631 959 668 reddere
977 646 984 667 :
1005 643 1082 667 non
1102 630 1174 675 fas,

134 692 220 726 Non
239 698 319 726 erat
335 691 374 726 in
390 691 506 727 vitam
525 691 622 727 divae
642 691 837 729 exorabile
858 705 1012 729 numen.

134 749 203 786 Illa
223 750 394 799 quidem,
413 752 572 787 nimium
591 753 724 788 Manes
744 761 901 801 experta
920 764 1091 797 severOS,

136 812 369 860 Praeceptum
389 809 561 860 signabat
579 810 670 856 iter3
689 824 759 847 nec
778 812 924 848 rettulit
943 812 1045 848 intus

135 869 315 915 Lumina,
332 883 402 906 nec
424 870 521 906 divae
538 870 718 920 conrupit
739 883 899 907 munera
921 871 1062 919 lingua.
1288 888 1335 911 79·-

136 929 211 966 Sed
232 938 272 966 tu
292 930 472 976 crudelis,
493 929 655 967 crudelis
675 938 717 966 tu
734 930 871 980 magis,
894 930 1073 980 Orpheu,

137 989 275 1026 Oscula
293 1002 380 1026 cara
397 997 528 1039 petens
546 989 683 1038 rupisti
695 990 799 1039 jussa
820 980 992 1026 deorum.

136 1048 282 1098 Dignus
301 1061 408 1086 amor
424 1049 554 1094 venia,
574 1061 735 1099 parvum
757 1049 788 1086 si
805 1051 965 1086 Tartara
984 1056 1137 1086 nossent

136 1112 334 1146 Peccatum
352 1109 559 1159 ignovisse!
579 1109 653 1146 Sed
674 1118 710 1146 et
727 1122 796 1146 vos
815 1109 903 1147 sede
923 1110 1094 1159 piorum,

137 1171 213 1206 Vos
231 1177 357 1206 manet
376 1168 537 1206 heroum
556 1177 689 1206 contra
707 1182 841 1207 manus
862 1183 870 1204 :
891 1169 955 1206 hic
972 1179 1009 1207 et
1029 1177 1190 1218 uterque

138 1321 217 1342 (ιιιια
233 1320 357 1353 potens.
377 1331 422 1336 ——
440 1324 520 1353 277,
545 1315 622 1353 278.
648 1317 708 1346 Re-

134 1359 281 1400 ζεἶιόηείη,
297 1359 421 1398 locum,
435 1362 469 1390 in
483 1372 548 1401 quo
562 1362 709 1402 Orpheus

138 1416 252 1435 canens
266 1407 383 1436 cithara
402 1407 602 1445 consederat,
619 1409 708 1437 turba

128 1451 276 1493 ferarum
287 1475 297 1488 ‚
318 1464 443 1493 sequax
458 1453 581 1483 blanda
603 1465 704 1490 voce,

136 1505 267 1537 propter
282 1499 429 1528 blandam
445 1510 555 1529 vocem
571 1500 704 1540 Orphei,

135 1545 198 1581 jam
214 1544 287 1573 alias
302 1555 383 1585 saepe
399 1547 488 1575 suavi
503 1553 598 1576 cantu
615 1547 706 1576 allec-

138 1597 186 1627 ta,
209 1589 380 1621 insederat.

186 1637 378 1674 285—287.
397 1639 472 1667 Haec
488 1638 597 1668 eadem
620 1639 704 1680 lyra,

137 1693 156 1711 o
179 1684 297 1721 conjux
321 1685 419 1720 Ditis,
436 1686 540 1725 potuit
557 1693 585 1714 te
602 1687 706 1715 vince-

137 1740 185 1766 re,
205 1736 240 1758 ut
257 1729 402 1760 redderes
421 1731 612 1771 Eurydicen.
628 1734 706 1762 Ila-c

132 1775 237 1814 poluit
253 1776 383 1806 reddere
393 1800 401 1813 ,
419 1777 512 1807 solito
525 1779 626 1818 poetis
642 1790 707 1809 mo-

136 1833 186 1858 re,
211 1822 350 1859 efficere,
371 1830 406 1852 ut
427 1823 623 1855 redderetur.
642 1827 707 1855 Du-

137 1869 289 1905 cendum,
307 1869 516 1900 reducend-uu
540 1873 574 1901 in
589 1873 705 1910 vitam3

138 1915 256 1955 reliqna
271 1923 345 1945 sunt
366 1917 485 1948 scabra.

184 1963 261 1992 288.
281 1963 440 2004 Eurydice
455 1963 581 2004 quidem
594 1987 601 2001 ‚
621 1976 707 1995 seve·

139 2018 206 2037 rum
229 2015 259 2038 et
282 2011 426 2039 strictum
449 2011 499 2049 jus
525 2012 704 2041 inferorum

138 2053 268 2083 deorum
291 2056 353 2093 jum
379 2064 524 2097 experta,
547 2059 607 2087 iic-r
627 2068 705 2098 pra:-

136 2101 253 2140 seriplo
281 2102 376 2132 modo
407 2104 556 2141 faciebat,
581 2115 704 2145 neque,

137 2147 182 2175 nri
208 2147 283 2184 jussi
307 2156 410 2185 erant,
429 2151 563 2190 res-pexit
577 2173 584 2187 ,
602 2161 704 2190 neque

1289 1178 1337 1210 ²93

764 1316 896 1346 verbum
927 1316 1051 1346 elocuta
1081 1319 1152 1345 ests
1169 1314 1337 1356 Ingeniose

763 1363 807 1391 sic
823 1370 915 1403 poeta
937 1373 1004 1392 non
1022 1361 1119 1392 modo
1134 1361 1266 1402 Orpheo
1287 1361 1335 1391 in-

763 1409 933 1439 terdictum
946 1432 953 1446 ‚
971 1419 1011 1438 ne
1024 1409 1262 1448 retrospiceret,
1280 1418 1332 1437 ve-

762 1466 832 1484 rum
850 1462 879 1485 et
904 1465 1020 1485 novam
1041 1455 1142 1496 legem
1164 1452 1334 1495 Eurydiea‘

761 1500 863 1531 datam
875 1507 1044 1536 memorat,
1054 1510 1117 1541 qua
1126 1506 1252 1529 nostros
1261 1510 1336 1540 poe-

762 1554 807 1576 tas
827 1547 971 1577 nondum
988 1547 1036 1576 nti
1052 1545 1116 1575 vidi
1131 1555 1138 1575 ε
1155 1552 1190 1574 ut
1201 1555 1260 1575 nec
1274 1545 1332 1575 illa

760 1592 917 1622 silencimn
945 1603 1028 1622 voce
1057 1599 1216 1631 rumperet
1224 1603 1237 1628 ;
1261 1602 1334 1632 qua·

760 1639 812 1669 lex
828 1639 922 1681 longe
940 1639 1106 1668 durissima
1124 1638 1202 1675 fuit,
1221 1645 1334 1679 utpote.

759 1686 883 1715 feminae
914 1686 1006 1715 dicta.
1040 1686 1114 1715 Fuit
1145 1690 1250 1714 tamen
1279 1685 1332 1714 illa

760 1733 859 1772 magis
875 1742 1006 1773 compos
1022 1732 1258 1772 linguae‚quam
1272 1741 1333 1761 ma-

761 1781 841 1808 ritus
863 1781 988 1809 amoris.
1010 1781 1208 1818 Pra’ceptum
1225 1777 1333 1820 signa-

760 1825 816 1854 hac
839 1824 916 1862 iter,
947 1825 1068 1855 scilicet
1100 1824 1239 1863 vestigiis
1271 1825 1329 1853 ini-

759 1872 885 1913 pressis.

806 1924 883 1958 294.
918 1919 1013 1949 Nunc
1047 1918 1149 1957 ipsum
1186 1915 1328 1956 Elysium

758 1962 824 1994 adit
838 1965 955 2000 Culex,
971 1971 1002 1994 et
1018 1972 1181 1993 recensum
1195 1962 1330 1993 heroum

759 2009 851 2049 facit,
871 2022 905 2041 ea
929 2010 997 2040 loca
1016 2009 1246 2046 incolentium,
1263 2010 1329 2050 pri-

757 2066 828 2094 mo,
855 2058 1057 2094 Graecorum,
1086 2062 1154 2085 tum
1176 2056 1329 2094 Trojano-

758 2114 841 2134 rum.
857 2104 889 2134 Si
903 2110 1012 2132 manet
1033 2113 1063 2132 v.
1086 2103 1150 2142 295
1168 2103 1328 2132 sincerum

758 2156 821 2186 est,
853 2148 946 2179 debet
971 2147 1219 2190 exspectandum
1246 2158 1327 2183 esse,
