<?xml version="1.0" encoding="UTF-8"?>
<!DOCTYPE html PUBLIC "-//W3C//DTD XHTML 1.0 Transitional//EN"
    "http://www.w3.org/TR/xhtml1/DTD/xhtml1-transitional.dtd">
<html xmlns="http://www.w3.org/1999/xhtml" xml:lang="en" lang="en">
 <head>
  <title>
</title>
<meta http-equiv="Content-Type" content="text/html;charset=utf-8" />
  <meta name='ocr-system' content='tesseract 3.04.00' />
  <meta name='ocr-capabilities' content='ocr_page ocr_carea ocr_par ocr_line ocrx_word'/>
</head>
<body>
  <div class='ocr_page' id='page_1' title='image "./operahey04virguoft_0042.png"; bbox 0 0 1414 2435; ppageno 0'>
   <div class='ocr_carea' id='block_1_1' title="bbox 101 82 1036 370">
    <p class='ocr_par' dir='ltr' id='par_1_1' title="bbox 104 82 796 115">
     <span class='ocr_line' id='line_1_1' title="bbox 104 82 796 115; baseline 0 -1"><span class='ocrx_word' id='word_1_1' title='bbox 104 85 144 115; x_wconf 81' lang='lat'><strong>32</strong></span> <span class='ocrx_word' id='word_1_2' title='bbox 602 82 796 115; x_wconf 79' lang='lat' dir='ltr'>AENEIDOS</span> 
     </span>
    </p>

    <p class='ocr_par' dir='ltr' id='par_1_2' title="bbox 101 141 1022 252">
     <span class='ocr_line' id='line_1_2' title="bbox 101 141 1019 190; baseline -0.002 -12"><span class='ocrx_word' id='word_1_3' title='bbox 101 143 229 179; x_wconf 83' lang='lat' dir='ltr'><strong>Induit</strong></span> <span class='ocrx_word' id='word_1_4' title='bbox 250 155 258 176; x_wconf 87' lang='lat'>:</span> <span class='ocrx_word' id='word_1_5' title='bbox 280 142 467 178; x_wconf 85' lang='lat' dir='ltr'><strong>excedunt</strong></span> <span class='ocrx_word' id='word_1_6' title='bbox 487 141 636 186; x_wconf 86' lang='lat' dir='ltr'><strong>castris,</strong></span> <span class='ocrx_word' id='word_1_7' title='bbox 654 149 691 177; x_wconf 86' lang='lat' dir='ltr'><strong>et</strong></span> <span class='ocrx_word' id='word_1_8' title='bbox 710 149 791 177; x_wconf 84' lang='lat' dir='ltr'><strong>tnta</strong></span> <span class='ocrx_word' id='word_1_9' title='bbox 810 148 1019 190; x_wconf 86' lang='lat' dir='ltr'><strong>capessunt.</strong></span> 
     </span>
     <span class='ocr_line' id='line_1_3' title="bbox 155 200 1022 252; baseline -0.002 -14"><span class='ocrx_word' id='word_1_10' title='bbox 155 204 305 239; x_wconf 77' lang='lat' dir='ltr'><strong>Interea</strong></span> <span class='ocrx_word' id='word_1_11' title='bbox 323 201 507 252; x_wconf 86' lang='lat' dir='ltr'><strong>praemissi</strong></span> <span class='ocrx_word' id='word_1_12' title='bbox 525 201 671 251; x_wconf 84' lang='lat' dir='ltr'><strong>equites</strong></span> <span class='ocrx_word' id='word_1_13' title='bbox 687 214 735 238; x_wconf 86' lang='lat' dir='ltr'><strong>ex</strong></span> <span class='ocrx_word' id='word_1_14' title='bbox 755 200 850 238; x_wconf 86' lang='lat' dir='ltr'><strong>urbe</strong></span> <span class='ocrx_word' id='word_1_15' title='bbox 870 201 1022 245; x_wconf 89' lang='lat' dir='ltr'><strong>Latina,</strong></span> 
     </span>
    </p>

    <p class='ocr_par' dir='ltr' id='par_1_3' title="bbox 102 261 1036 312">
     <span class='ocr_line' id='line_1_4' title="bbox 102 261 1036 312; baseline -0.002 -14"><span class='ocrx_word' id='word_1_16' title='bbox 102 265 236 299; x_wconf 84' lang='lat' dir='ltr'><strong>Cetera</strong></span> <span class='ocrx_word' id='word_1_17' title='bbox 255 262 346 299; x_wconf 91' lang='lat' dir='ltr'><strong>dum</strong></span> <span class='ocrx_word' id='word_1_18' title='bbox 364 262 462 312; x_wconf 81' lang='lat' dir='ltr'><strong>legio</strong></span> <span class='ocrx_word' id='word_1_19' title='bbox 480 261 622 310; x_wconf 85' lang='lat' dir='ltr'><strong>campis</strong></span> <span class='ocrx_word' id='word_1_20' title='bbox 641 261 827 297; x_wconf 83' lang='lat' dir='ltr'><strong>instructa</strong></span> <span class='ocrx_word' id='word_1_21' title='bbox 846 270 1036 305; x_wconf 86' lang='lat' dir='ltr'><strong>moratur,</strong></span> 
     </span>
    </p>

    <p class='ocr_par' dir='ltr' id='par_1_4' title="bbox 102 319 960 370">
     <span class='ocr_line' id='line_1_5' title="bbox 102 319 960 370; baseline 0 -12"><span class='ocrx_word' id='word_1_22' title='bbox 102 321 233 366; x_wconf 84' lang='lat' dir='ltr'>Ibant,</span> <span class='ocrx_word' id='word_1_23' title='bbox 253 331 290 358; x_wconf 90' lang='lat' dir='ltr'><strong>et</strong></span> <span class='ocrx_word' id='word_1_24' title='bbox 307 324 437 358; x_wconf 91' lang='lat' dir='ltr'><strong>Turno</strong></span> <span class='ocrx_word' id='word_1_25' title='bbox 460 321 558 370; x_wconf 82' lang='lat' dir='ltr'><strong>regis</strong></span> <span class='ocrx_word' id='word_1_26' title='bbox 576 332 755 369; x_wconf 88' lang='lat' dir='ltr'><strong>responsa</strong></span> <span class='ocrx_word' id='word_1_27' title='bbox 772 319 960 365; x_wconf 82' lang='lat' dir='ltr'><strong>ferebant,</strong></span> 
     </span>
    </p>
   </div>
   <div class='ocr_carea' id='block_1_2' title="bbox 101 380 1102 430">
    <p class='ocr_par' dir='ltr' id='par_1_5' title="bbox 101 380 1102 430">
     <span class='ocr_line' id='line_1_6' title="bbox 101 380 1102 430; baseline 0 -13"><span class='ocrx_word' id='word_1_28' title='bbox 101 383 348 426; x_wconf 85' lang='lat' dir='ltr'><strong>Tercentum,</strong></span> <span class='ocrx_word' id='word_1_29' title='bbox 367 380 503 418; x_wconf 88' lang='lat' dir='ltr'><strong>scutati</strong></span> <span class='ocrx_word' id='word_1_30' title='bbox 523 393 671 425; x_wconf 88' lang='lat' dir='ltr'><strong>omnes,</strong></span> <span class='ocrx_word' id='word_1_31' title='bbox 691 381 891 417; x_wconf 87' lang='lat' dir='ltr'><strong>Volseente</strong></span> <span class='ocrx_word' id='word_1_32' title='bbox 910 380 1102 430; x_wconf 79' lang='lat' dir='ltr'><strong>magistro,</strong></span> 
     </span>
    </p>
   </div>
   <div class='ocr_carea' id='block_1_3' title="bbox 1251 387 1300 421">
    <p class='ocr_par' dir='ltr' id='par_1_6' title="bbox 1251 387 1300 421">
     <span class='ocr_line' id='line_1_7' title="bbox 1251 387 1300 421; baseline -0.02 -9"><span class='ocrx_word' id='word_1_33' title='bbox 1251 387 1300 421; x_wconf 74' lang='lat'><strong>370</strong></span> 
     </span>
    </p>
   </div>
   <div class='ocr_carea' id='block_1_4' title="bbox 102 438 1300 727">
    <p class='ocr_par' dir='ltr' id='par_1_7' title="bbox 102 438 1199 548">
     <span class='ocr_line' id='line_1_8' title="bbox 102 438 1199 489; baseline -0.001 -12"><span class='ocrx_word' id='word_1_34' title='bbox 102 443 262 489; x_wconf 87' lang='lat' dir='ltr'><strong>Jamque</strong></span> <span class='ocrx_word' id='word_1_35' title='bbox 282 438 592 489; x_wconf 79' lang='lat' dir='ltr'><strong>propinquabant</strong></span> <span class='ocrx_word' id='word_1_36' title='bbox 611 440 760 484; x_wconf 87' lang='lat' dir='ltr'><strong>castris,</strong></span> <span class='ocrx_word' id='word_1_37' title='bbox 778 452 984 489; x_wconf 87' lang='lat' dir='ltr'><strong>murosque</strong></span> <span class='ocrx_word' id='word_1_38' title='bbox 1003 439 1199 484; x_wconf 85' lang='lat' dir='ltr'><strong>subibant,</strong></span> 
     </span>
     <span class='ocr_line' id='line_1_9' title="bbox 104 498 1129 548; baseline 0.002 -14"><span class='ocrx_word' id='word_1_39' title='bbox 104 501 232 544; x_wconf 87' lang='lat' dir='ltr'><strong>Quum</strong></span> <span class='ocrx_word' id='word_1_40' title='bbox 253 499 385 548; x_wconf 89' lang='lat' dir='ltr'><strong>procul</strong></span> <span class='ocrx_word' id='word_1_41' title='bbox 405 498 475 535; x_wconf 88' lang='lat' dir='ltr'><strong>hos</strong></span> <span class='ocrx_word' id='word_1_42' title='bbox 495 498 590 534; x_wconf 89' lang='lat' dir='ltr'><strong>laevo</strong></span> <span class='ocrx_word' id='word_1_43' title='bbox 611 498 795 534; x_wconf 88' lang='lat' dir='ltr'><strong>flectentis</strong></span> <span class='ocrx_word' id='word_1_44' title='bbox 814 498 932 535; x_wconf 88' lang='lat' dir='ltr'><strong>limite</strong></span> <span class='ocrx_word' id='word_1_45' title='bbox 952 508 1129 545; x_wconf 89' lang='lat' dir='ltr'><strong>cernunt;</strong></span> 
     </span>
    </p>

    <p class='ocr_par' dir='ltr' id='par_1_8' title="bbox 103 557 1087 608">
     <span class='ocr_line' id='line_1_10' title="bbox 103 557 1087 608; baseline -0.001 -13"><span class='ocrx_word' id='word_1_46' title='bbox 103 561 150 595; x_wconf 89' lang='lat' dir='ltr'><strong>Et</strong></span> <span class='ocrx_word' id='word_1_47' title='bbox 170 559 276 608; x_wconf 84' lang='lat' dir='ltr'><strong>galea</strong></span> <span class='ocrx_word' id='word_1_48' title='bbox 294 558 503 608; x_wconf 83' lang='lat' dir='ltr'><strong>Euryalum</strong></span> <span class='ocrx_word' id='word_1_49' title='bbox 522 557 705 595; x_wconf 83' lang='lat' dir='ltr'><strong>sublustri</strong></span> <span class='ocrx_word' id='word_1_50' title='bbox 724 557 846 594; x_wconf 85' lang='lat' dir='ltr'><strong>noctis</strong></span> <span class='ocrx_word' id='word_1_51' title='bbox 865 558 903 594; x_wconf 87' lang='lat' dir='ltr'><strong>in</strong></span> <span class='ocrx_word' id='word_1_52' title='bbox 924 557 1060 594; x_wconf 87' lang='lat' dir='ltr'><strong>umbra</strong></span> <span class='ocrx_word' id='word_1_53' title='bbox 1084 598 1087 600; x_wconf 60' lang='grc'>,</span> 
     </span>
    </p>

    <p class='ocr_par' dir='ltr' id='par_1_9' title="bbox 102 617 1129 666">
     <span class='ocr_line' id='line_1_11' title="bbox 102 617 1129 666; baseline 0 -13"><span class='ocrx_word' id='word_1_54' title='bbox 102 617 275 655; x_wconf 85' lang='lat' dir='ltr'><strong>Prodidit</strong></span> <span class='ocrx_word' id='word_1_55' title='bbox 294 618 560 662; x_wconf 84' lang='lat' dir='ltr'><strong>inmemorem,</strong></span> <span class='ocrx_word' id='word_1_56' title='bbox 582 617 773 666; x_wconf 81' lang='lat' dir='ltr'><strong>radiisque</strong></span> <span class='ocrx_word' id='word_1_57' title='bbox 793 617 952 654; x_wconf 85' lang='lat' dir='ltr'><strong>adversa</strong></span> <span class='ocrx_word' id='word_1_58' title='bbox 972 617 1129 654; x_wconf 84' lang='lat' dir='ltr'><strong>refulsit.</strong></span> 
     </span>
    </p>

    <p class='ocr_par' dir='ltr' id='par_1_10' title="bbox 103 677 1300 727">
     <span class='ocr_line' id='line_1_12' title="bbox 103 677 1300 727; baseline 0.001 -12"><span class='ocrx_word' id='word_1_59' title='bbox 103 678 217 715; x_wconf 90' lang='lat' dir='ltr'><strong>Haud</strong></span> <span class='ocrx_word' id='word_1_60' title='bbox 237 686 377 715; x_wconf 88' lang='lat' dir='ltr'><strong>temere</strong></span> <span class='ocrx_word' id='word_1_61' title='bbox 394 687 450 715; x_wconf 86' lang='lat' dir='ltr'><strong>est</strong></span> <span class='ocrx_word' id='word_1_62' title='bbox 468 678 603 714; x_wconf 81' lang='lat' dir='ltr'><strong>visum.</strong></span> <span class='ocrx_word' id='word_1_63' title='bbox 624 678 841 714; x_wconf 86' lang='lat' dir='ltr'><strong>Conclamat</strong></span> <span class='ocrx_word' id='word_1_64' title='bbox 861 677 909 715; x_wconf 89' lang='lat' dir='ltr'><strong>ab</strong></span> <span class='ocrx_word' id='word_1_65' title='bbox 929 678 1076 727; x_wconf 82' lang='lat' dir='ltr'><strong>agmine</strong></span> <span class='ocrx_word' id='word_1_66' title='bbox 1094 678 1272 716; x_wconf 88' lang='lat' dir='ltr'><strong>Volscens</strong></span> <span class='ocrx_word' id='word_1_67' title='bbox 1293 693 1300 716; x_wconf 94' lang='lat'><strong>:</strong></span> 
     </span>
    </p>
   </div>
   <div class='ocr_carea' id='block_1_5' title="bbox 103 803 679 2230">
    <p class='ocr_par' dir='ltr' id='par_1_11' title="bbox 103 803 679 1492">
     <span class='ocr_line' id='line_1_13' title="bbox 152 803 677 844; baseline 0 -11"><span class='ocrx_word' id='word_1_68' title='bbox 152 803 214 841; x_wconf 82' lang='lat'><strong>367</strong></span> <span class='ocrx_word' id='word_1_69' title='bbox 251 814 320 843; x_wconf 85' lang='lat' dir='ltr'>sqq.</span> <span class='ocrx_word' id='word_1_70' title='bbox 357 804 486 833; x_wconf 81' lang='lat' dir='ltr'><strong>Interea</strong></span> <span class='ocrx_word' id='word_1_71' title='bbox 514 803 677 844; x_wconf 81' lang='lat' dir='ltr'><strong>praemissi</strong></span> 
     </span>
     <span class='ocr_line' id='line_1_14' title="bbox 104 849 677 890; baseline 0.003 -12"><span class='ocrx_word' id='word_1_72' title='bbox 104 849 224 890; x_wconf 80' lang='lat' dir='ltr'><strong>equites</strong></span> <span class='ocrx_word' id='word_1_73' title='bbox 246 860 289 879; x_wconf 74' lang='lat' dir='ltr'><strong>ex</strong></span> <span class='ocrx_word' id='word_1_74' title='bbox 311 849 402 885; x_wconf 85' lang='lat' dir='ltr'><strong>urbe,</strong></span> <span class='ocrx_word' id='word_1_75' title='bbox 430 856 490 880; x_wconf 86' lang='lat' dir='ltr'><strong>etc.</strong></span> <span class='ocrx_word' id='word_1_76' title='bbox 515 850 677 881; x_wconf 86' lang='lat' dir='ltr'><strong>Subticuit</strong></span> 
     </span>
     <span class='ocr_line' id='line_1_15' title="bbox 103 896 676 937; baseline 0 -12"><span class='ocrx_word' id='word_1_77' title='bbox 103 902 196 936; x_wconf 87' lang='lat' dir='ltr'><strong>poeta</strong></span> <span class='ocrx_word' id='word_1_78' title='bbox 223 896 379 936; x_wconf 84' lang='lat' dir='ltr'><strong>sapienter</strong></span> <span class='ocrx_word' id='word_1_79' title='bbox 405 896 576 933; x_wconf 84' lang='lat' dir='ltr'><strong>nonnulla,</strong></span> <span class='ocrx_word' id='word_1_80' title='bbox 604 907 676 937; x_wconf 80' lang='lat' dir='ltr'><strong>quae</strong></span> 
     </span>
     <span class='ocr_line' id='line_1_16' title="bbox 103 942 675 984; baseline 0.003 -14"><span class='ocrx_word' id='word_1_81' title='bbox 103 952 145 971; x_wconf 85' lang='lat' dir='ltr'><strong>ex</strong></span> <span class='ocrx_word' id='word_1_82' title='bbox 160 942 227 982; x_wconf 89' lang='lat' dir='ltr'><strong>ipsa</strong></span> <span class='ocrx_word' id='word_1_83' title='bbox 242 943 423 972; x_wconf 83' lang='lat' dir='ltr'><strong>narratione</strong></span> <span class='ocrx_word' id='word_1_84' title='bbox 439 942 675 984; x_wconf 85' lang='lat' dir='ltr'><strong>intelliguntur.</strong></span> 
     </span>
     <span class='ocr_line' id='line_1_17' title="bbox 104 989 676 1029; baseline 0.002 -12"><span class='ocrx_word' id='word_1_85' title='bbox 104 989 306 1018; x_wconf 78' lang='lat' dir='ltr'><strong>Praecesserat</strong></span> <span class='ocrx_word' id='word_1_86' title='bbox 328 990 457 1019; x_wconf 89' lang='lat' dir='ltr'><strong>Turnus</strong></span> <span class='ocrx_word' id='word_1_87' title='bbox 481 999 554 1018; x_wconf 89' lang='lat' dir='ltr'><strong>cum</strong></span> <span class='ocrx_word' id='word_1_88' title='bbox 581 999 676 1029; x_wconf 82' lang='lat' dir='ltr'><strong>expe-</strong></span> 
     </span>
     <span class='ocr_line' id='line_1_18' title="bbox 105 1032 676 1075; baseline 0.004 -13"><span class='ocrx_word' id='word_1_89' title='bbox 105 1032 172 1063; x_wconf 89' lang='lat' dir='ltr'><strong>dito</strong></span> <span class='ocrx_word' id='word_1_90' title='bbox 197 1035 320 1075; x_wconf 80' lang='lat' dir='ltr'><strong>agmine</strong></span> <span class='ocrx_word' id='word_1_91' title='bbox 344 1034 382 1063; x_wconf 87' lang='lat' dir='ltr'><strong>ad</strong></span> <span class='ocrx_word' id='word_1_92' title='bbox 404 1042 502 1064; x_wconf 84' lang='lat' dir='ltr'><strong>castra</strong></span> <span class='ocrx_word' id='word_1_93' title='bbox 521 1036 676 1073; x_wconf 79' lang='lat' dir='ltr'><strong>Trojano·</strong></span> 
     </span>
     <span class='ocr_line' id='line_1_19' title="bbox 104 1080 676 1121; baseline 0.002 -12"><span class='ocrx_word' id='word_1_94' title='bbox 104 1090 176 1109; x_wconf 89' lang='lat' dir='ltr'><strong>rum</strong></span> <span class='ocrx_word' id='word_1_95' title='bbox 189 1081 410 1121; x_wconf 80' lang='lat' dir='ltr'><strong>expugnanda.</strong></span> <span class='ocrx_word' id='word_1_96' title='bbox 422 1082 544 1111; x_wconf 84' lang='lat' dir='ltr'><strong>Interea</strong></span> <span class='ocrx_word' id='word_1_97' title='bbox 554 1083 585 1110; x_wconf 91' lang='lat' dir='ltr'><strong>in</strong></span> <span class='ocrx_word' id='word_1_98' title='bbox 598 1080 676 1110; x_wconf 87' lang='lat' dir='ltr'><strong>urbe</strong></span> 
     </span>
     <span class='ocr_line' id='line_1_20' title="bbox 105 1127 677 1168; baseline 0.002 -12"><span class='ocrx_word' id='word_1_99' title='bbox 105 1127 299 1156; x_wconf 85' lang='lat' dir='ltr'><strong>Laurentum</strong></span> <span class='ocrx_word' id='word_1_100' title='bbox 317 1134 474 1168; x_wconf 87' lang='lat' dir='ltr'><strong>coguntur</strong></span> <span class='ocrx_word' id='word_1_101' title='bbox 492 1128 600 1168; x_wconf 80' lang='lat' dir='ltr'><strong>copiae.</strong></span> <span class='ocrx_word' id='word_1_102' title='bbox 624 1127 677 1157; x_wconf 80' lang='lat' dir='ltr'><strong>Ad</strong></span> 
     </span>
     <span class='ocr_line' id='line_1_21' title="bbox 105 1173 676 1203; baseline 0.004 -2"><span class='ocrx_word' id='word_1_103' title='bbox 105 1182 214 1202; x_wconf 86' lang='lat' dir='ltr'><strong>earum</strong></span> <span class='ocrx_word' id='word_1_104' title='bbox 237 1173 409 1203; x_wconf 86' lang='lat' dir='ltr'><strong>adventum</strong></span> <span class='ocrx_word' id='word_1_105' title='bbox 436 1173 676 1203; x_wconf 85' lang='lat' dir='ltr'><strong>accelerandum</strong></span> 
     </span>
     <span class='ocr_line' id='line_1_22' title="bbox 105 1219 679 1261; baseline 0.002 -13"><span class='ocrx_word' id='word_1_106' title='bbox 105 1219 235 1248; x_wconf 85' lang='lat' dir='ltr'><strong>miserat</strong></span> <span class='ocrx_word' id='word_1_107' title='bbox 251 1221 380 1250; x_wconf 90' lang='lat' dir='ltr'><strong>Turnus</strong></span> <span class='ocrx_word' id='word_1_108' title='bbox 404 1219 442 1249; x_wconf 87' lang='lat' dir='ltr'><strong>ad</strong></span> <span class='ocrx_word' id='word_1_109' title='bbox 470 1231 573 1261; x_wconf 86' lang='lat' dir='ltr'><strong>regem</strong></span> <span class='ocrx_word' id='word_1_110' title='bbox 599 1221 679 1249; x_wconf 89' lang='lat' dir='ltr'><strong>Lati-</strong></span> 
     </span>
     <span class='ocr_line' id='line_1_23' title="bbox 107 1265 679 1306; baseline 0.003 -12"><span class='ocrx_word' id='word_1_111' title='bbox 107 1275 185 1294; x_wconf 87' lang='lat' dir='ltr'><strong>num</strong></span> <span class='ocrx_word' id='word_1_112' title='bbox 200 1275 208 1295; x_wconf 75' lang='lat'>2</span> <span class='ocrx_word' id='word_1_113' title='bbox 223 1275 239 1294; x_wconf 89' lang='lat' dir='ltr'><strong>a</strong></span> <span class='ocrx_word' id='word_1_114' title='bbox 257 1276 339 1305; x_wconf 90' lang='lat' dir='ltr'><strong>quo,</strong></span> <span class='ocrx_word' id='word_1_115' title='bbox 359 1265 434 1295; x_wconf 89' lang='lat' dir='ltr'><strong>dum</strong></span> <span class='ocrx_word' id='word_1_116' title='bbox 452 1273 561 1296; x_wconf 78' lang='lat' dir='ltr'><strong>ceterae</strong></span> <span class='ocrx_word' id='word_1_117' title='bbox 577 1267 679 1306; x_wconf 86' lang='lat' dir='ltr'><strong>copiae</strong></span> 
     </span>
     <span class='ocr_line' id='line_1_24' title="bbox 107 1311 678 1352; baseline 0.005 -12"><span class='ocrx_word' id='word_1_118' title='bbox 107 1311 326 1349; x_wconf 88' lang='lat' dir='ltr'><strong>instruuntur,</strong></span> <span class='ocrx_word' id='word_1_119' title='bbox 352 1313 590 1352; x_wconf 65' lang='lat' dir='ltr'><strong>praemittuntur</strong></span> <span class='ocrx_word' id='word_1_120' title='bbox 616 1319 678 1343; x_wconf 83' lang='lat' dir='ltr'><strong>tre-</strong></span> 
     </span>
     <span class='ocr_line' id='line_1_25' title="bbox 107 1358 678 1400; baseline 0.004 -14"><span class='ocrx_word' id='word_1_121' title='bbox 107 1358 192 1387; x_wconf 87' lang='lat' dir='ltr'><strong>centi</strong></span> <span class='ocrx_word' id='word_1_122' title='bbox 208 1359 339 1398; x_wconf 83' lang='lat' dir='ltr'><strong>equites.</strong></span> <span class='ocrx_word' id='word_1_123' title='bbox 357 1360 395 1388; x_wconf 87' lang='lat' dir='ltr'><strong>In</strong></span> <span class='ocrx_word' id='word_1_124' title='bbox 407 1359 466 1389; x_wconf 90' lang='lat' dir='ltr'><strong>hos</strong></span> <span class='ocrx_word' id='word_1_125' title='bbox 483 1360 582 1400; x_wconf 86' lang='lat' dir='ltr'><strong>ipsos,</strong></span> <span class='ocrx_word' id='word_1_126' title='bbox 601 1358 678 1388; x_wconf 90' lang='lat' dir='ltr'><strong>dum</strong></span> 
     </span>
     <span class='ocr_line' id='line_1_26' title="bbox 106 1403 679 1446; baseline 0.005 -14"><span class='ocrx_word' id='word_1_127' title='bbox 106 1403 145 1432; x_wconf 87' lang='lat' dir='ltr'><strong>ad</strong></span> <span class='ocrx_word' id='word_1_128' title='bbox 172 1410 271 1434; x_wconf 87' lang='lat' dir='ltr'><strong>castra</strong></span> <span class='ocrx_word' id='word_1_129' title='bbox 298 1407 571 1446; x_wconf 82' lang='lat' dir='ltr'><strong>appropinquant,</strong></span> <span class='ocrx_word' id='word_1_130' title='bbox 599 1406 679 1435; x_wconf 90' lang='lat' dir='ltr'><strong>inci-</strong></span> 
     </span>
     <span class='ocr_line' id='line_1_27' title="bbox 106 1449 678 1492; baseline 0.003 -13"><span class='ocrx_word' id='word_1_131' title='bbox 106 1449 189 1479; x_wconf 90' lang='lat' dir='ltr'><strong>dunt</strong></span> <span class='ocrx_word' id='word_1_132' title='bbox 208 1451 313 1480; x_wconf 86' lang='lat' dir='ltr'><strong>miseri</strong></span> <span class='ocrx_word' id='word_1_133' title='bbox 334 1452 429 1482; x_wconf 82' lang='lat' dir='ltr'><strong>Nisus</strong></span> <span class='ocrx_word' id='word_1_134' title='bbox 453 1459 484 1481; x_wconf 87' lang='lat' dir='ltr'><strong>et</strong></span> <span class='ocrx_word' id='word_1_135' title='bbox 508 1452 678 1492; x_wconf 73' lang='lat' dir='ltr'><strong>Euryalus.</strong></span> 
     </span>
    </p>

    <p class='ocr_par' dir='ltr' id='par_1_12' title="bbox 103 1496 679 2230">
     <span class='ocr_line' id='line_1_28' title="bbox 167 1496 679 1536; baseline 0 -11"><span class='ocrx_word' id='word_1_136' title='bbox 167 1496 205 1533; x_wconf 82' lang='lat'><strong>37</strong></span> <span class='ocrx_word' id='word_1_137' title='bbox 218 1507 244 1526; x_wconf 79' lang='lat' dir='ltr'><strong>r.</strong></span> <span class='ocrx_word' id='word_1_138' title='bbox 285 1498 455 1536; x_wconf 61' lang='lat' dir='ltr'><strong>Illurosque</strong></span> <span class='ocrx_word' id='word_1_139' title='bbox 496 1497 642 1526; x_wconf 77' lang='lat' dir='ltr'><strong>subibant</strong></span> <span class='ocrx_word' id='word_1_140' title='bbox 668 1508 679 1525; x_wconf 91' lang='lat'><em>:</em></span> 
     </span>
     <span class='ocr_line' id='line_1_29' title="bbox 105 1542 679 1580; baseline 0 -10"><span class='ocrx_word' id='word_1_141' title='bbox 105 1542 280 1580; x_wconf 79' lang='lat' dir='ltr'><strong>quosnam?</strong></span> <span class='ocrx_word' id='word_1_142' title='bbox 310 1543 591 1579; x_wconf 75' lang='lat' dir='ltr'><strong>Trojanorumne?</strong></span> <span class='ocrx_word' id='word_1_143' title='bbox 619 1542 679 1571; x_wconf 89' lang='lat' dir='ltr'><strong>hoc</strong></span> 
     </span>
     <span class='ocr_line' id='line_1_30' title="bbox 107 1587 678 1628; baseline 0.004 -13"><span class='ocrx_word' id='word_1_144' title='bbox 107 1593 154 1616; x_wconf 88' lang='lat' dir='ltr'><strong>est</strong></span> <span class='ocrx_word' id='word_1_145' title='bbox 172 1587 290 1616; x_wconf 83' lang='lat' dir='ltr'><strong>vallum</strong></span> <span class='ocrx_word' id='word_1_146' title='bbox 312 1594 343 1617; x_wconf 87' lang='lat' dir='ltr'><strong>et</strong></span> <span class='ocrx_word' id='word_1_147' title='bbox 367 1595 464 1617; x_wconf 83' lang='lat' dir='ltr'><strong>castra</strong></span> <span class='ocrx_word' id='word_1_148' title='bbox 477 1610 484 1624; x_wconf 89' lang='lat'><strong>‚</strong></span> <span class='ocrx_word' id='word_1_149' title='bbox 504 1598 575 1628; x_wconf 79' lang='lat' dir='ltr'><strong>qnae</strong></span> <span class='ocrx_word' id='word_1_150' title='bbox 594 1588 678 1617; x_wconf 91' lang='lat' dir='ltr'><strong>obsi-</strong></span> 
     </span>
     <span class='ocr_line' id='line_1_31' title="bbox 106 1632 676 1673; baseline 0.002 -11"><span class='ocrx_word' id='word_1_151' title='bbox 106 1632 223 1662; x_wconf 80' lang='lat' dir='ltr'><strong>debant</strong></span> <span class='ocrx_word' id='word_1_152' title='bbox 238 1633 370 1663; x_wconf 78' lang='lat' dir='ltr'><strong>Rutuli?</strong></span> <span class='ocrx_word' id='word_1_153' title='bbox 393 1635 480 1673; x_wconf 84' lang='lat' dir='ltr'><strong>atqui</strong></span> <span class='ocrx_word' id='word_1_154' title='bbox 496 1645 530 1663; x_wconf 86' lang='lat' dir='ltr'><strong>ea</strong></span> <span class='ocrx_word' id='word_1_155' title='bbox 547 1644 611 1664; x_wconf 90' lang='lat' dir='ltr'><strong>non</strong></span> <span class='ocrx_word' id='word_1_156' title='bbox 628 1635 676 1663; x_wconf 89' lang='lat' dir='ltr'><strong>in-</strong></span> 
     </span>
     <span class='ocr_line' id='line_1_32' title="bbox 105 1678 676 1720; baseline 0.002 -12"><span class='ocrx_word' id='word_1_157' title='bbox 105 1678 193 1719; x_wconf 83' lang='lat' dir='ltr'><strong>gredi</strong></span> <span class='ocrx_word' id='word_1_158' title='bbox 212 1686 358 1719; x_wconf 85' lang='lat' dir='ltr'><strong>poterant</strong></span> <span class='ocrx_word' id='word_1_159' title='bbox 371 1681 492 1720; x_wconf 82' lang='lat' dir='ltr'><strong>equites</strong></span> <span class='ocrx_word' id='word_1_160' title='bbox 505 1681 623 1715; x_wconf 82' lang='lat' dir='ltr'><strong>Latini;</strong></span> <span class='ocrx_word' id='word_1_161' title='bbox 637 1691 676 1709; x_wconf 82' lang='lat' dir='ltr'><strong>an</strong></span> 
     </span>
     <span class='ocr_line' id='line_1_33' title="bbox 106 1725 677 1766; baseline -0.002 -10"><span class='ocrx_word' id='word_1_162' title='bbox 106 1725 322 1756; x_wconf 82' lang='lat' dir='ltr'><strong>Rutulorum?</strong></span> <span class='ocrx_word' id='word_1_163' title='bbox 339 1727 427 1766; x_wconf 85' lang='lat' dir='ltr'><strong>atqui</strong></span> <span class='ocrx_word' id='word_1_164' title='bbox 446 1726 561 1756; x_wconf 86' lang='lat' dir='ltr'><strong>horum</strong></span> <span class='ocrx_word' id='word_1_165' title='bbox 580 1733 677 1756; x_wconf 86' lang='lat' dir='ltr'><strong>castra</strong></span> 
     </span>
     <span class='ocr_line' id='line_1_34' title="bbox 105 1771 676 1808; baseline 0.002 -7"><span class='ocrx_word' id='word_1_166' title='bbox 105 1778 194 1801; x_wconf 88' lang='lat' dir='ltr'><strong>crant</strong></span> <span class='ocrx_word' id='word_1_167' title='bbox 207 1771 294 1801; x_wconf 82' lang='lat' dir='ltr'><strong>nulla</strong></span> <span class='ocrx_word' id='word_1_168' title='bbox 304 1794 312 1808; x_wconf 92' lang='lat'>‚</span> <span class='ocrx_word' id='word_1_169' title='bbox 327 1771 389 1802; x_wconf 88' lang='lat' dir='ltr'><strong>hoc</strong></span> <span class='ocrx_word' id='word_1_170' title='bbox 404 1779 466 1808; x_wconf 82' lang='lat' dir='ltr'><strong>est,</strong></span> <span class='ocrx_word' id='word_1_171' title='bbox 486 1783 543 1802; x_wconf 91' lang='lat' dir='ltr'><strong>nec</strong></span> <span class='ocrx_word' id='word_1_172' title='bbox 559 1772 676 1802; x_wconf 81' lang='lat' dir='ltr'><strong>vallum</strong></span> 
     </span>
     <span class='ocr_line' id='line_1_35' title="bbox 105 1820 675 1859; baseline 0.004 -12"><span class='ocrx_word' id='word_1_173' title='bbox 105 1828 163 1847; x_wconf 84' lang='lat' dir='ltr'><strong>nec</strong></span> <span class='ocrx_word' id='word_1_174' title='bbox 180 1828 286 1858; x_wconf 80' lang='lat' dir='ltr'><strong>agger;</strong></span> <span class='ocrx_word' id='word_1_175' title='bbox 308 1829 415 1848; x_wconf 83' lang='lat' dir='ltr'><strong>verum</strong></span> <span class='ocrx_word' id='word_1_176' title='bbox 432 1820 465 1848; x_wconf 89' lang='lat' dir='ltr'><strong>in</strong></span> <span class='ocrx_word' id='word_1_177' title='bbox 479 1830 590 1859; x_wconf 87' lang='lat' dir='ltr'><strong>campo</strong></span> <span class='ocrx_word' id='word_1_178' title='bbox 606 1829 675 1859; x_wconf 84' lang='lat' dir='ltr'><strong>pro-</strong></span> 
     </span>
     <span class='ocr_line' id='line_1_36' title="bbox 106 1864 673 1906; baseline 0.002 -12"><span class='ocrx_word' id='word_1_179' title='bbox 106 1864 292 1894; x_wconf 80' lang='lat' dir='ltr'><strong>cubuerant.</strong></span> <span class='ocrx_word' id='word_1_180' title='bbox 311 1867 371 1894; x_wconf 78' lang='lat' dir='ltr'><strong>Res</strong></span> <span class='ocrx_word' id='word_1_181' title='bbox 393 1867 437 1895; x_wconf 86' lang='lat' dir='ltr'><strong>sic</strong></span> <span class='ocrx_word' id='word_1_182' title='bbox 461 1865 673 1906; x_wconf 83' lang='lat' dir='ltr'><strong>expedienda;</strong></span> 
     </span>
     <span class='ocr_line' id='line_1_37' title="bbox 105 1910 675 1948; baseline 0 -7"><span class='ocrx_word' id='word_1_183' title='bbox 105 1911 218 1941; x_wconf 84' lang='lat' dir='ltr'><strong>Rutuli</strong></span> <span class='ocrx_word' id='word_1_184' title='bbox 251 1910 438 1942; x_wconf 79' lang='lat' dir='ltr'><strong>obsidebant</strong></span> <span class='ocrx_word' id='word_1_185' title='bbox 464 1913 580 1942; x_wconf 75' lang='lat' dir='ltr'><strong>vallum</strong></span> <span class='ocrx_word' id='word_1_186' title='bbox 597 1935 606 1948; x_wconf 93' lang='lat'>‚</span> <span class='ocrx_word' id='word_1_187' title='bbox 643 1919 675 1941; x_wconf 89' lang='lat' dir='ltr'><strong>et</strong></span> 
     </span>
     <span class='ocr_line' id='line_1_38' title="bbox 105 1959 671 1996; baseline 0.004 -11"><span class='ocrx_word' id='word_1_188' title='bbox 105 1964 211 1996; x_wconf 83' lang='lat' dir='ltr'><strong>portas</strong></span> <span class='ocrx_word' id='word_1_189' title='bbox 239 1965 413 1987; x_wconf 86' lang='lat' dir='ltr'><strong>castrorum</strong></span> <span class='ocrx_word' id='word_1_190' title='bbox 440 1959 671 1996; x_wconf 77' lang='lat' dir='ltr'><strong>ijanornm,</strong></span> 
     </span>
     <span class='ocr_line' id='line_1_39' title="bbox 105 2003 674 2045; baseline 0 -13"><span class='ocrx_word' id='word_1_191' title='bbox 105 2003 145 2033; x_wconf 79' lang='lat' dir='ltr'><strong>cf.</strong></span> <span class='ocrx_word' id='word_1_192' title='bbox 163 2014 232 2044; x_wconf 88' lang='lat' dir='ltr'><strong>sup.</strong></span> <span class='ocrx_word' id='word_1_193' title='bbox 255 2004 316 2043; x_wconf 77' lang='lat'><strong>159</strong></span> <span class='ocrx_word' id='word_1_194' title='bbox 335 2015 393 2044; x_wconf 80' lang='lat' dir='ltr'><strong>sq.,</strong></span> <span class='ocrx_word' id='word_1_195' title='bbox 407 2004 546 2045; x_wconf 80' lang='lat' dir='ltr'><strong>adeoque</strong></span> <span class='ocrx_word' id='word_1_196' title='bbox 560 2011 674 2038; x_wconf 84' lang='lat' dir='ltr'><strong>turma,</strong></span> 
     </span>
     <span class='ocr_line' id='line_1_40' title="bbox 104 2049 673 2088; baseline 0.004 -10"><span class='ocrx_word' id='word_1_197' title='bbox 104 2059 174 2088; x_wconf 60' lang='lat' dir='ltr'><strong>quse</strong></span> <span class='ocrx_word' id='word_1_198' title='bbox 200 2049 237 2079; x_wconf 73' lang='lat' dir='ltr'><strong>ml</strong></span> <span class='ocrx_word' id='word_1_199' title='bbox 263 2052 437 2080; x_wconf 80' lang='lat' dir='ltr'><strong>exercitum</strong></span> <span class='ocrx_word' id='word_1_200' title='bbox 464 2051 647 2080; x_wconf 80' lang='lat' dir='ltr'><strong>mittebatur</strong></span> <span class='ocrx_word' id='word_1_201' title='bbox 664 2073 673 2086; x_wconf 88' lang='lat'>‚</span> 
     </span>
     <span class='ocr_line' id='line_1_41' title="bbox 103 2095 674 2137; baseline 0.005 -15"><span class='ocrx_word' id='word_1_202' title='bbox 103 2095 212 2125; x_wconf 74' lang='lat' dir='ltr'><strong>castris</strong></span> <span class='ocrx_word' id='word_1_203' title='bbox 239 2095 455 2136; x_wconf 79' lang='lat' dir='ltr'><strong>propinquare</strong></span> <span class='ocrx_word' id='word_1_204' title='bbox 467 2121 474 2133; x_wconf 90' lang='lat'><em>,</em></span> <span class='ocrx_word' id='word_1_205' title='bbox 509 2107 674 2137; x_wconf 79' lang='lat' dir='ltr'><strong>murosque</strong></span> 
     </span>
     <span class='ocr_line' id='line_1_42' title="bbox 103 2140 673 2183; baseline 0.005 -13"><span class='ocrx_word' id='word_1_206' title='bbox 103 2140 204 2171; x_wconf 76' lang='lat' dir='ltr'><strong>subire</strong></span> <span class='ocrx_word' id='word_1_207' title='bbox 220 2141 282 2171; x_wconf 75' lang='lat' dir='ltr'><strong>diei</strong></span> <span class='ocrx_word' id='word_1_208' title='bbox 298 2149 419 2182; x_wconf 78' lang='lat' dir='ltr'><strong>poterat</strong></span> <span class='ocrx_word' id='word_1_209' title='bbox 431 2166 438 2177; x_wconf 81' lang='grc'>,</span> <span class='ocrx_word' id='word_1_210' title='bbox 458 2145 512 2183; x_wconf 85' lang='lat' dir='ltr'><strong>qni</strong></span> <span class='ocrx_word' id='word_1_211' title='bbox 532 2143 572 2173; x_wconf 84' lang='lat' dir='ltr'><strong>ab</strong></span> <span class='ocrx_word' id='word_1_212' title='bbox 585 2154 673 2173; x_wconf 80' lang='lat' dir='ltr'><strong>exer-</strong></span> 
     </span>
     <span class='ocr_line' id='line_1_43' title="bbox 103 2189 672 2230; baseline 0.004 -13"><span class='ocrx_word' id='word_1_213' title='bbox 103 2189 167 2218; x_wconf 92' lang='lat' dir='ltr'><strong>citu</strong></span> <span class='ocrx_word' id='word_1_214' title='bbox 178 2189 455 2230; x_wconf 78' lang='lat' dir='ltr'><strong>oppugnabantur.</strong></span> <span class='ocrx_word' id='word_1_215' title='bbox 468 2190 576 2219; x_wconf 76' lang='lat' dir='ltr'><strong>Subin-</strong></span> <span class='ocrx_word' id='word_1_216' title='bbox 587 2200 672 2219; x_wconf 88' lang='lat' dir='ltr'><strong>nunc</strong></span> 
     </span>
    </p>
   </div>
   <div class='ocr_carea' id='block_1_6' title="bbox 723 803 1305 2231">
    <p class='ocr_par' dir='ltr' id='par_1_13' title="bbox 723 803 1305 2231">
     <span class='ocr_line' id='line_1_44' title="bbox 729 803 1302 844; baseline 0.003 -12"><span class='ocrx_word' id='word_1_217' title='bbox 729 809 775 833; x_wconf 89' lang='lat' dir='ltr'><strong>est</strong></span> <span class='ocrx_word' id='word_1_218' title='bbox 787 803 983 844; x_wconf 72' lang='lat' dir='ltr'><strong>simpliciter,</strong></span> <span class='ocrx_word' id='word_1_219' title='bbox 995 803 1126 843; x_wconf 88' lang='lat' dir='ltr'><strong>propius</strong></span> <span class='ocrx_word' id='word_1_220' title='bbox 1139 804 1283 834; x_wconf 84' lang='lat' dir='ltr'><strong>accedere</strong></span> <span class='ocrx_word' id='word_1_221' title='bbox 1294 816 1302 841; x_wconf 90' lang='grc'>;</span> 
     </span>
     <span class='ocr_line' id='line_1_45' title="bbox 729 849 1301 890; baseline 0.003 -12"><span class='ocrx_word' id='word_1_222' title='bbox 729 859 812 886; x_wconf 89' lang='lat' dir='ltr'><strong>non,</strong></span> <span class='ocrx_word' id='word_1_223' title='bbox 827 849 962 890; x_wconf 86' lang='lat' dir='ltr'><strong>ingredi.</strong></span> <span class='ocrx_word' id='word_1_224' title='bbox 979 867 1025 871; x_wconf 94' lang='lat'><strong>-—-</strong></span> <span class='ocrx_word' id='word_1_225' title='bbox 1046 851 1122 887; x_wconf 65' lang='lat'><strong>372.</strong></span> <span class='ocrx_word' id='word_1_226' title='bbox 1148 852 1240 880; x_wconf 83' lang='lat' dir='ltr'><strong>Laevo</strong></span> <span class='ocrx_word' id='word_1_227' title='bbox 1264 851 1301 880; x_wconf 84' lang='lat' dir='ltr'><strong>Ii-</strong></span> 
     </span>
     <span class='ocr_line' id='line_1_46' title="bbox 730 895 1302 937; baseline 0.003 -13"><span class='ocrx_word' id='word_1_228' title='bbox 730 895 805 925; x_wconf 80' lang='lat' dir='ltr'><strong>mite</strong></span> <span class='ocrx_word' id='word_1_229' title='bbox 819 907 829 925; x_wconf 91' lang='lat'><em>:</em></span> <span class='ocrx_word' id='word_1_230' title='bbox 855 907 899 925; x_wconf 84' lang='lat' dir='ltr'><strong>se.</strong></span> <span class='ocrx_word' id='word_1_231' title='bbox 929 897 963 925; x_wconf 90' lang='lat' dir='ltr'><strong>in</strong></span> <span class='ocrx_word' id='word_1_232' title='bbox 982 895 1060 925; x_wconf 78' lang='lat' dir='ltr'><strong>bivio</strong></span> <span class='ocrx_word' id='word_1_233' title='bbox 1077 903 1197 936; x_wconf 64' lang='lat' dir='ltr'><strong>portet,</strong></span> <span class='ocrx_word' id='word_1_234' title='bbox 1229 908 1302 937; x_wconf 81' lang='lat' dir='ltr'><strong>quae</strong></span> 
     </span>
     <span class='ocr_line' id='line_1_47' title="bbox 723 942 1303 982; baseline 0.005 -12"><span class='ocrx_word' id='word_1_235' title='bbox 723 942 877 982; x_wconf 70' lang='lat' dir='ltr'><strong>proxima</strong></span> <span class='ocrx_word' id='word_1_236' title='bbox 895 949 996 982; x_wconf 83' lang='lat' dir='ltr'><strong>ponto</strong></span> <span class='ocrx_word' id='word_1_237' title='bbox 1019 953 1049 972; x_wconf 91' lang='lat' dir='ltr'><strong>v.</strong></span> <span class='ocrx_word' id='word_1_238' title='bbox 1075 943 1139 972; x_wconf 82' lang='lat'><strong>238</strong></span> <span class='ocrx_word' id='word_1_239' title='bbox 1160 943 1255 973; x_wconf 85' lang='lat' dir='ltr'><strong>Nisus</strong></span> <span class='ocrx_word' id='word_1_240' title='bbox 1272 950 1303 973; x_wconf 88' lang='lat' dir='ltr'><strong>et</strong></span> 
     </span>
     <span class='ocr_line' id='line_1_48' title="bbox 729 987 1302 1029; baseline 0 -11"><span class='ocrx_word' id='word_1_241' title='bbox 729 988 888 1029; x_wconf 77' lang='lat' dir='ltr'><strong>Euryalus</strong></span> <span class='ocrx_word' id='word_1_242' title='bbox 914 987 1049 1018; x_wconf 88' lang='lat' dir='ltr'><strong>tendunt</strong></span> <span class='ocrx_word' id='word_1_243' title='bbox 1071 988 1149 1018; x_wconf 85' lang='lat' dir='ltr'><strong>laeva</strong></span> <span class='ocrx_word' id='word_1_244' title='bbox 1171 987 1262 1028; x_wconf 86' lang='lat' dir='ltr'><strong>(scil.</strong></span> <span class='ocrx_word' id='word_1_245' title='bbox 1286 1000 1302 1018; x_wconf 85' lang='lat' dir='ltr'><strong>a</strong></span> 
     </span>
     <span class='ocr_line' id='line_1_49' title="bbox 729 1035 1302 1075; baseline 0 -11"><span class='ocrx_word' id='word_1_246' title='bbox 729 1044 784 1064; x_wconf 86' lang='lat' dir='ltr'><strong>sna</strong></span> <span class='ocrx_word' id='word_1_247' title='bbox 801 1041 831 1064; x_wconf 84' lang='lat' dir='ltr'><strong>et</strong></span> <span class='ocrx_word' id='word_1_248' title='bbox 846 1035 1056 1072; x_wconf 80' lang='lat' dir='ltr'><strong>Trojanorum</strong></span> <span class='ocrx_word' id='word_1_249' title='bbox 1070 1035 1179 1075; x_wconf 85' lang='lat' dir='ltr'><strong>parte)</strong></span> <span class='ocrx_word' id='word_1_250' title='bbox 1195 1045 1302 1064; x_wconf 79' lang='lat' dir='ltr'><strong>versus</strong></span> 
     </span>
     <span class='ocr_line' id='line_1_50' title="bbox 729 1080 1299 1121; baseline 0.002 -12"><span class='ocrx_word' id='word_1_251' title='bbox 729 1080 871 1110; x_wconf 86' lang='lat' dir='ltr'><strong>Tiberim</strong></span> <span class='ocrx_word' id='word_1_252' title='bbox 885 1088 915 1110; x_wconf 87' lang='lat' dir='ltr'><strong>et</strong></span> <span class='ocrx_word' id='word_1_253' title='bbox 929 1080 1081 1121; x_wconf 89' lang='lat' dir='ltr'><strong>palatium</strong></span> <span class='ocrx_word' id='word_1_254' title='bbox 1095 1080 1245 1111; x_wconf 81' lang='lat' dir='ltr'><strong>Evandri.</strong></span> <span class='ocrx_word' id='word_1_255' title='bbox 1259 1081 1299 1111; x_wconf 86' lang='lat' dir='ltr'><strong>ef.</strong></span> 
     </span>
     <span class='ocr_line' id='line_1_51' title="bbox 729 1122 1303 1166; baseline 0.002 -11"><span class='ocrx_word' id='word_1_256' title='bbox 729 1137 800 1166; x_wconf 89' lang='lat' dir='ltr'><strong>sup.</strong></span> <span class='ocrx_word' id='word_1_257' title='bbox 821 1126 861 1156; x_wconf 85' lang='lat' dir='ltr'><strong>ad</strong></span> <span class='ocrx_word' id='word_1_258' title='bbox 875 1122 925 1157; x_wconf 73' lang='lat' dir='ltr'><strong>vvs.</strong></span> <span class='ocrx_word' id='word_1_259' title='bbox 949 1127 1023 1166; x_wconf 78' lang='lat'><strong>195.</strong></span> <span class='ocrx_word' id='word_1_260' title='bbox 1037 1143 1083 1149; x_wconf 82' lang='lat'><strong>——</strong></span> <span class='ocrx_word' id='word_1_261' title='bbox 1101 1128 1178 1164; x_wconf 73' lang='lat'><strong>374.</strong></span> <span class='ocrx_word' id='word_1_262' title='bbox 1194 1128 1303 1156; x_wconf 82' lang='lat' dir='ltr'><strong>Varia-</strong></span> 
     </span>
     <span class='ocr_line' id='line_1_52' title="bbox 729 1172 1303 1214; baseline 0.003 -13"><span class='ocrx_word' id='word_1_263' title='bbox 729 1173 777 1202; x_wconf 84' lang='lat' dir='ltr'><strong>vit</strong></span> <span class='ocrx_word' id='word_1_264' title='bbox 790 1174 952 1214; x_wconf 85' lang='lat' dir='ltr'><strong>ingeniose</strong></span> <span class='ocrx_word' id='word_1_265' title='bbox 969 1172 1057 1213; x_wconf 90' lang='lat' dir='ltr'><strong>quod</strong></span> <span class='ocrx_word' id='word_1_266' title='bbox 1082 1173 1167 1213; x_wconf 88' lang='lat' dir='ltr'><strong>apud</strong></span> <span class='ocrx_word' id='word_1_267' title='bbox 1185 1174 1303 1203; x_wconf 85' lang='lat' dir='ltr'><strong>Home-</strong></span> 
     </span>
     <span class='ocr_line' id='line_1_53' title="bbox 731 1219 1303 1256; baseline 0.002 -8"><span class='ocrx_word' id='word_1_268' title='bbox 731 1229 804 1248; x_wconf 89' lang='lat' dir='ltr'><strong>rum</strong></span> <span class='ocrx_word' id='word_1_269' title='bbox 820 1226 867 1249; x_wconf 89' lang='lat' dir='ltr'><strong>est</strong></span> <span class='ocrx_word' id='word_1_270' title='bbox 884 1219 972 1249; x_wconf 87' lang='lat' dir='ltr'><strong>Iliad.</strong></span> <span class='ocrx_word' id='word_1_271' title='bbox 991 1230 1027 1256; x_wconf 80' lang='grc' dir='ltr'><strong>κ,</strong></span> <span class='ocrx_word' id='word_1_272' title='bbox 1047 1220 1125 1256; x_wconf 83' lang='lat'><strong>258,</strong></span> <span class='ocrx_word' id='word_1_273' title='bbox 1147 1219 1204 1249; x_wconf 83' lang='lat' dir='ltr'><strong>ubi</strong></span> <span class='ocrx_word' id='word_1_274' title='bbox 1226 1220 1303 1249; x_wconf 83' lang='lat' dir='ltr'><strong>Dio-</strong></span> 
     </span>
     <span class='ocr_line' id='line_1_54' title="bbox 732 1265 1303 1306; baseline 0 -11"><span class='ocrx_word' id='word_1_275' title='bbox 732 1265 837 1295; x_wconf 87' lang='lat' dir='ltr'><strong>medes</strong></span> <span class='ocrx_word' id='word_1_276' title='bbox 851 1265 890 1294; x_wconf 85' lang='lat' dir='ltr'><strong>ad</strong></span> <span class='ocrx_word' id='word_1_277' title='bbox 913 1265 1141 1306; x_wconf 86' lang='lat' dir='ltr'><strong>speculandum</strong></span> <span class='ocrx_word' id='word_1_278' title='bbox 1160 1267 1303 1295; x_wconf 84' lang='lat' dir='ltr'><strong>exiturus</strong></span> 
     </span>
     <span class='ocr_line' id='line_1_55' title="bbox 732 1311 1303 1352; baseline 0.002 -12"><span class='ocrx_word' id='word_1_279' title='bbox 732 1312 835 1341; x_wconf 90' lang='lat' dir='ltr'><strong>multo</strong></span> <span class='ocrx_word' id='word_1_280' title='bbox 851 1313 972 1342; x_wconf 85' lang='lat' dir='ltr'><strong>cantius</strong></span> <span class='ocrx_word' id='word_1_281' title='bbox 988 1322 1023 1341; x_wconf 85' lang='lat' dir='ltr'><strong>ac</strong></span> <span class='ocrx_word' id='word_1_282' title='bbox 1040 1311 1229 1352; x_wconf 84' lang='lat' dir='ltr'><strong>prudentius</strong></span> <span class='ocrx_word' id='word_1_283' title='bbox 1250 1321 1303 1352; x_wconf 83' lang='lat' dir='ltr'><strong>ga-</strong></span> 
     </span>
     <span class='ocr_line' id='line_1_56' title="bbox 731 1355 1301 1399; baseline 0.002 -13"><span class='ocrx_word' id='word_1_284' title='bbox 731 1357 811 1387; x_wconf 85' lang='lat' dir='ltr'><strong>leam</strong></span> <span class='ocrx_word' id='word_1_285' title='bbox 835 1360 932 1388; x_wconf 77' lang='lat' dir='ltr'><strong>suunt</strong></span> <span class='ocrx_word' id='word_1_286' title='bbox 954 1355 1075 1398; x_wconf 57' lang='lat' dir='ltr'><strong>&amp;onom</strong></span> <span class='ocrx_word' id='word_1_287' title='bbox 1098 1355 1152 1388; x_wconf 83' lang='grc' dir='ltr'><strong>καὶ</strong></span> <span class='ocrx_word' id='word_1_288' title='bbox 1174 1355 1301 1399; x_wconf 66' lang='grc' dir='ltr'>ἅλοφον.</span> 
     </span>
     <span class='ocr_line' id='line_1_57' title="bbox 733 1404 1303 1442; baseline 0 -8"><span class='ocrx_word' id='word_1_289' title='bbox 733 1422 778 1426; x_wconf 92' lang='lat'><strong>-——</strong></span> <span class='ocrx_word' id='word_1_290' title='bbox 796 1405 872 1442; x_wconf 82' lang='lat'><strong>375.</strong></span> <span class='ocrx_word' id='word_1_291' title='bbox 888 1406 949 1435; x_wconf 83' lang='lat' dir='ltr'><strong>Est</strong></span> <span class='ocrx_word' id='word_1_292' title='bbox 959 1405 1046 1434; x_wconf 86' lang='lat' dir='ltr'><strong>abest</strong></span> <span class='ocrx_word' id='word_1_293' title='bbox 1060 1404 1226 1434; x_wconf 86' lang='lat' dir='ltr'><strong>nonnullis</strong></span> <span class='ocrx_word' id='word_1_294' title='bbox 1240 1405 1303 1435; x_wconf 86' lang='lat' dir='ltr'><strong>Pie-</strong></span> 
     </span>
     <span class='ocr_line' id='line_1_58' title="bbox 733 1450 1301 1490; baseline 0.002 -11"><span class='ocrx_word' id='word_1_295' title='bbox 733 1452 846 1487; x_wconf 88' lang='lat' dir='ltr'><strong>rianis,</strong></span> <span class='ocrx_word' id='word_1_296' title='bbox 864 1459 893 1480; x_wconf 88' lang='lat' dir='ltr'><strong>et</strong></span> <span class='ocrx_word' id='word_1_297' title='bbox 909 1451 992 1480; x_wconf 84' lang='lat' dir='ltr'><strong>binis</strong></span> <span class='ocrx_word' id='word_1_298' title='bbox 1009 1450 1121 1486; x_wconf 82' lang='lat' dir='ltr'><strong>Goth.;</strong></span> <span class='ocrx_word' id='word_1_299' title='bbox 1138 1457 1167 1479; x_wconf 86' lang='lat' dir='ltr'><strong>at</strong></span> <span class='ocrx_word' id='word_1_300' title='bbox 1186 1451 1275 1490; x_wconf 89' lang='lat' dir='ltr'><strong>prior</strong></span> <span class='ocrx_word' id='word_1_301' title='bbox 1294 1460 1301 1480; x_wconf 72' lang='grc' dir='ltr'>ε</span> 
     </span>
     <span class='ocr_line' id='line_1_59' title="bbox 735 1496 1304 1535; baseline 0.002 -11"><span class='ocrx_word' id='word_1_302' title='bbox 735 1497 826 1524; x_wconf 79' lang='lat' dir='ltr'><strong>Stare</strong></span> <span class='ocrx_word' id='word_1_303' title='bbox 847 1508 858 1529; x_wconf 87' lang='lat'><strong>,-</strong></span> <span class='ocrx_word' id='word_1_304' title='bbox 892 1496 958 1524; x_wconf 68' lang='lat' dir='ltr'><strong>‘viri</strong></span> <span class='ocrx_word' id='word_1_305' title='bbox 989 1506 1061 1535; x_wconf 76' lang='lat' dir='ltr'><strong>qnce</strong></span> <span class='ocrx_word' id='word_1_306' title='bbox 1092 1506 1204 1524; x_wconf 79' lang='lat' dir='ltr'><strong>caussa</strong></span> <span class='ocrx_word' id='word_1_307' title='bbox 1236 1496 1304 1525; x_wconf 80' lang='lat' dir='ltr'><strong>viae</strong></span> 
     </span>
     <span class='ocr_line' id='line_1_60' title="bbox 733 1541 1301 1582; baseline 0.004 -13"><span class='ocrx_word' id='word_1_308' title='bbox 733 1548 780 1570; x_wconf 83' lang='lat' dir='ltr'><strong>est</strong></span> <span class='ocrx_word' id='word_1_309' title='bbox 788 1545 804 1570; x_wconf 78' lang='lat'><strong>.³</strong></span> <span class='ocrx_word' id='word_1_310' title='bbox 823 1543 918 1571; x_wconf 84' lang='lat' dir='ltr'><strong>Usum</strong></span> <span class='ocrx_word' id='word_1_311' title='bbox 937 1542 1014 1571; x_wconf 83' lang='lat' dir='ltr'><strong>Exc.</strong></span> <span class='ocrx_word' id='word_1_312' title='bbox 1036 1542 1142 1570; x_wconf 80' lang='lat' dir='ltr'><strong>Burin.</strong></span> <span class='ocrx_word' id='word_1_313' title='bbox 1166 1541 1234 1570; x_wconf 77' lang='lat' dir='ltr'><strong>visu</strong></span> <span class='ocrx_word' id='word_1_314' title='bbox 1253 1552 1301 1582; x_wconf 83' lang='lat' dir='ltr'><strong>pr.</strong></span> 
     </span>
     <span class='ocr_line' id='line_1_61' title="bbox 733 1587 1304 1623; baseline 0.004 -7"><span class='ocrx_word' id='word_1_315' title='bbox 733 1588 848 1617; x_wconf 84' lang='lat' dir='ltr'><strong>Moret.</strong></span> <span class='ocrx_word' id='word_1_316' title='bbox 865 1589 1081 1623; x_wconf 80' lang='lat' dir='ltr'><strong>Burmannus,</strong></span> <span class='ocrx_word' id='word_1_317' title='bbox 1096 1587 1221 1617; x_wconf 86' lang='lat' dir='ltr'><strong>nullum</strong></span> <span class='ocrx_word' id='word_1_318' title='bbox 1238 1587 1304 1618; x_wconf 86' lang='lat' dir='ltr'><strong>ido-</strong></span> 
     </span>
     <span class='ocr_line' id='line_1_62' title="bbox 730 1635 1303 1673; baseline 0 -10"><span class='ocrx_word' id='word_1_319' title='bbox 730 1644 824 1663; x_wconf 78' lang='lat' dir='ltr'><strong>neum</strong></span> <span class='ocrx_word' id='word_1_320' title='bbox 835 1644 961 1663; x_wconf 83' lang='lat' dir='ltr'><strong>sensum</strong></span> <span class='ocrx_word' id='word_1_321' title='bbox 973 1635 1059 1663; x_wconf 82' lang='lat' dir='ltr'><strong>exire</strong></span> <span class='ocrx_word' id='word_1_322' title='bbox 1070 1640 1303 1673; x_wconf 74' lang='lat' dir='ltr'><strong>plitanS‚emen·</strong></span> 
     </span>
     <span class='ocr_line' id='line_1_63' title="bbox 730 1679 1300 1720; baseline 0.002 -11"><span class='ocrx_word' id='word_1_323' title='bbox 730 1680 783 1709; x_wconf 89' lang='lat' dir='ltr'><strong>dat</strong></span> <span class='ocrx_word' id='word_1_324' title='bbox 802 1680 895 1715; x_wconf 73' lang='lat' dir='ltr'><strong>vi,sa</strong></span> <span class='ocrx_word' id='word_1_325' title='bbox 917 1681 982 1709; x_wconf 57' lang='lat' dir='ltr'><strong>wisa</strong></span> <span class='ocrx_word' id='word_1_326' title='bbox 1008 1680 1092 1720; x_wconf 77' lang='lat' dir='ltr'><strong>galea</strong></span> <span class='ocrx_word' id='word_1_327' title='bbox 1111 1679 1300 1720; x_wconf 83' lang='lat' dir='ltr'><strong>splendenti.</strong></span> 
     </span>
     <span class='ocr_line' id='line_1_64' title="bbox 729 1704 1305 1768; baseline -0.002 -12"><span class='ocrx_word' id='word_1_328' title='bbox 729 1726 854 1757; x_wconf 80' lang='lat' dir='ltr'><strong>Scilicet</strong></span> <span class='ocrx_word' id='word_1_329' title='bbox 876 1704 1186 1768; x_wconf 75' lang='lat' dir='ltr'><strong>iitterputigebatur:</strong></span> <span class='ocrx_word' id='word_1_330' title='bbox 1204 1726 1305 1756; x_wconf 81' lang='lat' dir='ltr'><strong>Haud</strong></span> 
     </span>
     <span class='ocr_line' id='line_1_65' title="bbox 730 1772 1301 1809; baseline 0 -8"><span class='ocrx_word' id='word_1_331' title='bbox 730 1779 847 1802; x_wconf 73' lang='lat' dir='ltr'><strong>temen-</strong></span> <span class='ocrx_word' id='word_1_332' title='bbox 860 1781 906 1802; x_wconf 79' lang='lat' dir='ltr'><strong>est</strong></span> <span class='ocrx_word' id='word_1_333' title='bbox 919 1783 944 1802; x_wconf 65' lang='lat' dir='ltr'><strong>a·</strong></span> <span class='ocrx_word' id='word_1_334' title='bbox 948 1773 1046 1809; x_wconf 76' lang='lat' dir='ltr'><strong>istun,</strong></span> <span class='ocrx_word' id='word_1_335' title='bbox 1064 1772 1246 1802; x_wconf 69' lang='lat' dir='ltr'><strong>conclamat</strong></span> <span class='ocrx_word' id='word_1_336' title='bbox 1261 1772 1301 1802; x_wconf 81' lang='lat' dir='ltr'><strong>ab</strong></span> 
     </span>
     <span class='ocr_line' id='line_1_66' title="bbox 729 1819 1300 1860; baseline 0 -12"><span class='ocrx_word' id='word_1_337' title='bbox 729 1819 862 1860; x_wconf 75' lang='lat' dir='ltr'><strong>agmine</strong></span> <span class='ocrx_word' id='word_1_338' title='bbox 886 1822 922 1850; x_wconf 98' lang='lat' dir='ltr'><strong>V.</strong></span> <span class='ocrx_word' id='word_1_339' title='bbox 941 1820 979 1848; x_wconf 60' lang='grc' dir='ltr'>ἶ</span> <span class='ocrx_word' id='word_1_340' title='bbox 972 1830 999 1849; x_wconf 87' lang='grc' dir='ltr'><strong>ιι·</strong></span> <span class='ocrx_word' id='word_1_341' title='bbox 1023 1819 1150 1849; x_wconf 82' lang='lat' dir='ltr'><strong>doctiss.</strong></span> <span class='ocrx_word' id='word_1_342' title='bbox 1176 1825 1300 1848; x_wconf 88' lang='lat' dir='ltr'><strong>tantum</strong></span> 
     </span>
     <span class='ocr_line' id='line_1_67' title="bbox 726 1865 1300 1906; baseline -0.003 -11"><span class='ocrx_word' id='word_1_343' title='bbox 726 1867 1014 1906; x_wconf 85' lang='lat' dir='ltr'><strong>interpunctionem</strong></span> <span class='ocrx_word' id='word_1_344' title='bbox 1029 1865 1169 1894; x_wconf 83' lang='lat' dir='ltr'><strong>curatius</strong></span> <span class='ocrx_word' id='word_1_345' title='bbox 1176 1865 1300 1905; x_wconf 74' lang='lat' dir='ltr'><strong>exigere</strong></span> 
     </span>
     <span class='ocr_line' id='line_1_68' title="bbox 727 1911 1300 1951; baseline -0.002 -10"><span class='ocrx_word' id='word_1_346' title='bbox 727 1912 872 1942; x_wconf 82' lang='lat' dir='ltr'><strong>debebat.</strong></span> <span class='ocrx_word' id='word_1_347' title='bbox 884 1911 1090 1941; x_wconf 82' lang='lat' dir='ltr'><strong>Scribendum</strong></span> <span class='ocrx_word' id='word_1_348' title='bbox 1102 1917 1131 1940; x_wconf 87' lang='lat' dir='ltr'><strong>et</strong></span> <span class='ocrx_word' id='word_1_349' title='bbox 1146 1912 1300 1951; x_wconf 77' lang='lat' dir='ltr'><strong>aecipien-</strong></span> 
     </span>
     <span class='ocr_line' id='line_1_69' title="bbox 726 1957 1297 1987; baseline -0.002 0"><span class='ocrx_word' id='word_1_350' title='bbox 726 1958 802 1987; x_wconf 86' lang='lat' dir='ltr'><strong>dum</strong></span> <span class='ocrx_word' id='word_1_351' title='bbox 825 1964 895 1987; x_wconf 79' lang='lat' dir='ltr'><strong>est:</strong></span> <span class='ocrx_word' id='word_1_352' title='bbox 918 1957 1017 1986; x_wconf 75' lang='lat' dir='ltr'><strong>Haud</strong></span> <span class='ocrx_word' id='word_1_353' title='bbox 1038 1965 1155 1986; x_wconf 76' lang='lat' dir='ltr'><strong>temere</strong></span> <span class='ocrx_word' id='word_1_354' title='bbox 1178 1964 1224 1986; x_wconf 78' lang='lat' dir='ltr'><strong>est</strong></span> <span class='ocrx_word' id='word_1_355' title='bbox 1245 1957 1297 1986; x_wconf 67' lang='lat' dir='ltr'><strong>‘m&#39;-</strong></span> 
     </span>
     <span class='ocr_line' id='line_1_70' title="bbox 728 2003 1294 2043; baseline 0.002 -10"><span class='ocrx_word' id='word_1_356' title='bbox 728 2015 807 2033; x_wconf 81' lang='lat' dir='ltr'><strong>swn.</strong></span> <span class='ocrx_word' id='word_1_357' title='bbox 832 2003 1021 2033; x_wconf 67' lang='lat' dir='ltr'><strong>Conclamat</strong></span> <span class='ocrx_word' id='word_1_358' title='bbox 1035 2003 1076 2032; x_wconf 80' lang='lat' dir='ltr'><strong>ab</strong></span> <span class='ocrx_word' id='word_1_359' title='bbox 1097 2003 1229 2043; x_wconf 57' lang='lat' dir='ltr'><strong>affluim-</strong></span> <span class='ocrx_word' id='word_1_360' title='bbox 1245 2006 1294 2039; x_wconf 81' lang='grc'><em>1’“.,</em></span> 
     </span>
     <span class='ocr_line' id='line_1_71' title="bbox 728 2049 1298 2080; baseline 0 -1"><span class='ocrx_word' id='word_1_361' title='bbox 728 2061 776 2079; x_wconf 80' lang='lat' dir='ltr'><strong>res</strong></span> <span class='ocrx_word' id='word_1_362' title='bbox 794 2049 1009 2079; x_wconf 77' lang='lat' dir='ltr'><strong>animadversa</strong></span> <span class='ocrx_word' id='word_1_363' title='bbox 1028 2057 1073 2079; x_wconf 76' lang='lat' dir='ltr'><strong>est</strong></span> <span class='ocrx_word' id='word_1_364' title='bbox 1093 2049 1176 2078; x_wconf 76' lang='lat' dir='ltr'><strong>hand</strong></span> <span class='ocrx_word' id='word_1_365' title='bbox 1197 2050 1229 2079; x_wconf 89' lang='lat' dir='ltr'><strong>in</strong></span> <span class='ocrx_word' id='word_1_366' title='bbox 1247 2061 1298 2080; x_wconf 78' lang='lat' dir='ltr'><strong>va-</strong></span> 
     </span>
     <span class='ocr_line' id='line_1_72' title="bbox 726 2095 1298 2137; baseline 0.003 -12"><span class='ocrx_word' id='word_1_367' title='bbox 726 2107 822 2129; x_wconf 73' lang='lat' dir='ltr'><strong>num.</strong></span> <span class='ocrx_word' id='word_1_368' title='bbox 843 2095 928 2125; x_wconf 79' lang='lat' dir='ltr'><strong>hand</strong></span> <span class='ocrx_word' id='word_1_369' title='bbox 949 2097 1087 2137; x_wconf 87' lang='lat' dir='ltr'><strong>impune.</strong></span> <span class='ocrx_word' id='word_1_370' title='bbox 1115 2095 1298 2127; x_wconf 77' lang='lat' dir='ltr'><strong>Conclama-</strong></span> 
     </span>
     <span class='ocr_line' id='line_1_73' title="bbox 727 2143 1297 2184; baseline 0.004 -12"><span class='ocrx_word' id='word_1_371' title='bbox 727 2143 771 2172; x_wconf 79' lang='lat' dir='ltr'><strong>vit</strong></span> <span class='ocrx_word' id='word_1_372' title='bbox 795 2143 898 2172; x_wconf 81' lang='lat' dir='ltr'><strong>statim</strong></span> <span class='ocrx_word' id='word_1_373' title='bbox 927 2143 1078 2172; x_wconf 63' lang='lat' dir='ltr'><strong>Volscrns</strong></span> <span class='ocrx_word' id='word_1_374' title='bbox 1103 2149 1162 2172; x_wconf 81' lang='lat' dir='ltr'><strong>etr.</strong></span> <span class='ocrx_word' id='word_1_375' title='bbox 1192 2144 1297 2184; x_wconf 77' lang='lat' dir='ltr'><strong>Atque</strong></span> 
     </span>
     <span class='ocr_line' id='line_1_74' title="bbox 725 2188 1296 2231; baseline 0 -12"><span class='ocrx_word' id='word_1_376' title='bbox 725 2188 788 2219; x_wconf 81' lang='lat' dir='ltr'><strong>hoc</strong></span> <span class='ocrx_word' id='word_1_377' title='bbox 811 2189 899 2231; x_wconf 83' lang='lat' dir='ltr'><strong>quod</strong></span> <span class='ocrx_word' id='word_1_378' title='bbox 920 2196 1032 2230; x_wconf 77' lang='lat' dir='ltr'><strong>sponte</strong></span> <span class='ocrx_word' id='word_1_379' title='bbox 1058 2199 1089 2219; x_wconf 85' lang='lat' dir='ltr'><strong>se</strong></span> <span class='ocrx_word' id='word_1_380' title='bbox 1105 2188 1216 2221; x_wconf 78' lang='lat' dir='ltr'><strong>offert.</strong></span> <span class='ocrx_word' id='word_1_381' title='bbox 1233 2199 1296 2219; x_wconf 77' lang='lat' dir='ltr'><strong>ma·</strong></span> 
     </span>
    </p>
   </div>
  </div>
 </body>
</html>
