1414 2435
552 92 676 122 LIBER
699 93 758 122 M.

1192 103 1252 133 207

28 171 36 177 ›
65 152 218 188 Mecum
238 149 349 187 crede
367 149 466 194 solo,
486 161 699 198 pugnaeque
719 147 875 198 adcinge
893 150 1058 200 pedestri
1076 165 1084 187 ε

65 214 86 248 J
89 223 148 248 am
166 223 316 254 nosces,
336 216 490 245 ventosa
511 208 607 244 ferat
625 207 687 244 cui
703 208 823 258 gloria
842 209 1002 246 laudem.
1021 227 1037 243 »

118 270 225 308 Dixit
243 283 251 306 :
270 278 307 306 at
324 269 388 306 illa
407 269 554 315 furens,
574 268 728 318 acrique
747 269 907 307 adcensa
927 269 1076 317 dolore,

67 330 198 367 Tradit
217 342 357 379 equum
376 330 526 375 comiti,
546 328 779 379 paribusque
798 329 937 367 resistit
955 330 995 366 in
1016 330 1147 378 armis,

1209 347 1258 372 7¹·

67 393 164 428 Ense
183 389 297 439 pedes
315 389 435 436 nudo,
456 403 629 440 puraque
648 389 823 427 interrita
840 403 983 440 parma.

66 455 117 489 At
131 451 302 502 juvenis,
322 450 456 487 vicisse
476 450 564 487 dolo
584 459 706 496 ratus,
727 451 851 487 avolat
868 451 967 501 ipse,

66 511 178 549 Haud
198 523 324 555 mora,
342 511 611 559 conversisque
629 510 743 560 fugax
763 510 933 547 aufertur
952 510 1129 558 habenis,

67 570 439 621 Quadrupedemque
460 570 576 607 citum
596 570 736 608 ferrata
755 571 855 608 calce
875 571 1016 621 fatigat.

69 688 202 718 Dimitte
210 687 348 730 filgfflrl,
374 698 504 718 cursum
527 698 638 728 eques-

68 742 147 764 trem
159 757 167 771 ,
182 736 255 774 equi
266 744 321 764 usa
335 735 637 772 velocitate.—-7o7.

68 780 257 811 Desiliamus
273 786 408 820 uterque
423 779 462 809 de
484 782 573 820 equis
584 802 593 816 ,
609 786 641 809 et

67 836 245 867 pugnemus
269 825 538 866 pedites.--708.
555 827 639 854 Ven-

69 880 141 902 tura
160 873 262 913 Bigot.
281 878 313 901 et
340 882 388 912 pr.
408 871 524 902 Hamb.
548 872 641 901 Feret

67 918 186 949 Medic.
201 919 294 948 Pierii
311 924 342 948 et
351 919 483 949 Memel.
494 928 543 958 pr.
555 919 639 947 Lau-

68 965 140 994 dem
154 971 280 1004 recepta
294 965 327 994 in
342 965 500 1005 impressis
515 971 560 993 est
575 964 637 993 lec-

67 1011 132 1049 tio,
149 1021 220 1050 quae
238 1017 270 1040 et
287 1011 351 1051 ipsa
375 1012 459 1040 inter
478 1011 636 1051 Apronia-

68 1067 124 1086 nas
134 1079 142 1095 ,
156 1056 188 1087 h.
208 1067 234 1086 e.
250 1056 397 1097 probatas
413 1058 560 1096 Apronio
573 1058 638 1086 Ru-

68 1102 121 1140 fo,
145 1102 255 1132 referri
276 1109 399 1142 potest;
424 1108 471 1130 est
497 1102 582 1130 enim
599 1102 637 1130 ab

69 1148 282 1177 emendatrice
297 1156 393 1175 manu
410 1146 565 1186 adscripta
572 1148 639 1176 Me-

69 1192 174 1229 (liceo,
192 1193 248 1231 qui
262 1203 277 1221 a
288 1203 336 1232 pr.
351 1202 393 1220 m.
405 1191 640 1233 habebatsrau-

69 1239 161 1274 dem,
181 1238 268 1278 quod
281 1239 386 1278 ipsum
403 1240 495 1268 Rom.
512 1238 640 1268 exhibe-

69 1284 125 1314 bat
159 1283 272 1314 diserte.
283 1306 292 1321 ,
325 1293 397 1313 cnm
430 1295 484 1324 qu.
520 1285 638 1315 Moret.

70 1330 205 1361 Dorvill.
224 1340 240 1359 a
258 1341 300 1360 m.
316 1340 378 1360 sec.
398 1336 429 1359 et
453 1329 550 1360 Goth.
574 1341 637 1362 sec.

70 1383 101 1406 et
114 1377 256 1416 quinque
272 1377 395 1406 Heinsii
407 1387 466 1416 pro
485 1376 549 1406 div.
563 1377 636 1408 lect.

70 1424 107 1452 In
119 1421 203 1453 Gnd.
213 1429 429 1462 eratpoenam;
440 1423 473 1452 in
484 1423 635 1454 Rottend.

68 1478 129 1498 sec.
145 1479 263 1508 poena,
286 1479 326 1498 ex
344 1469 634 1508 interpretamento.

67 1515 195 1543 Servius
205 1515 343 1555 egregie:
358 1513 530 1555 «fraudem
545 1525 556 1543 .·
570 1515 637 1545 haec

66 1566 113 1589 est
127 1570 200 1590 vera
217 1567 249 1590 et
265 1561 394 1600 antiqua
411 1560 506 1590 lectio
517 1582 526 1597 ‚
546 1567 582 1590 ut
596 1562 637 1591 sit

65 1615 176 1635 sensus
198 1615 206 1637 :
226 1606 322 1646 pedes
348 1606 555 1647 congredere,
571 1608 636 1645 jam

68 1661 257 1692 cognosces,
287 1653 340 1681 cui
362 1653 466 1682 inanis
485 1653 636 1691 jactantia

67 1696 186 1726 adferat
193 1706 329 1736 poenam;
343 1708 415 1726 nam
430 1698 573 1728 fraudem
582 1710 635 1729 ve-

68 1749 149 1772 teres
162 1752 290 1782 poenam
303 1743 469 1773 vocabant.
481 1757 496 1769 »ι
514 1758 530 1769 «
539 1746 572 1775 Si
581 1755 636 1775 au-

67 1795 130 1818 tem
141 1788 269 1818 laudem
281 1788 425 1828 legimus,
436 1789 496 1818 erit
507 1800 634 1821 sensus:

66 1844 232 1876 agnosces,
251 1835 303 1864 cui
326 1835 428 1863 inanis
445 1834 543 1874 gloria
559 1835 636 1865 affe-

66 1887 114 1910 rat
126 1880 261 1910 laudem.
276 1895 291 1906 u
306 1881 406 1910 Etiam
426 1882 569 1910 Donatus
583 1891 635 1922 ag-

66 1927 169 1956 noscit
189 1936 196 1957 :
225 1940 240 1952 «
256 1925 480 1966 Experiundo,
510 1927 633 1966 inquit,

66 1982 237 2014 cognosces
248 1995 255 2008 ‚
276 1973 346 2012 quis
361 1972 473 2002 debeat
485 1972 556 2010 jure
574 1983 637 2002 me·

66 2019 192 2058 ritoque
225 2018 356 2048 laudari.
374 2033 388 2044 n
424 2018 637 2058 Reliquerunt

67 2073 134 2094 rem
151 2065 185 2094 in
211 2064 316 2095 medio
343 2065 453 2095 Heius.
478 2071 508 2094 et
527 2065 636 2096 Burm-

70 2110 255 2144 Rationem,
273 2121 334 2152 qua
351 2112 566 2141 controversia
584 2110 637 2141 de—

67 2154 131 2184 cidi
157 2155 270 2194 debet,
304 2167 371 2187 non
396 2157 546 2187 videntur
570 2158 635 2187 ani-

68 2200 270 2234 madvertisse
298 2204 358 2234 viri
384 2203 479 2234 docti.
512 2203 638 2234 Scilicet

691 687 855 728 epitheton
871 697 879 719 z
898 695 1038 718 ventosa
1061 686 1177 729 gloria,
1196 697 1262 719 me·

691 734 752 763 lius
784 735 935 764 convenit
964 735 996 763 in
1022 734 1198 774 fraudem,
1227 734 1260 764 h.

691 789 834 819 poenam,
857 789 952 819 quam
976 775 1159 816 κενοδοξία,
1181 789 1263 809 vana

693 831 724 854 et
742 825 845 854 inanis
861 825 1029 863 jactantia,
1053 825 1154 856 affert.
1178 826 1262 856 Con-

692 878 739 900 tra
756 872 791 900 in
809 871 902 900 altera
919 871 1054 901 lectione
1067 872 1206 910 jejunior
1218 877 1265 901 est

691 919 845 947 sententia
857 940 865 955 ‚
889 918 1011 947 etiamsi
1025 919 1070 947 sic
1081 941 1090 955 ‚
1106 924 1143 947 ut
1160 917 1262 947 facere

691 974 816 994 necesse
839 970 904 1001 est,
930 963 1092 1004 expedias3
1117 963 1260 1001 videbis,

690 1011 760 1046 cui,
780 1010 811 1040 h.
829 1020 856 1040 e.
874 1020 914 1039 an
930 1010 988 1039 tibi
1005 1020 1082 1039 vana
1101 1010 1200 1050 gloria
1219 1009 1260 1038 af-

690 1055 768 1085 ferat
795 1057 970 1086 victoriam.
999 1057 1037 1084 In
1060 1055 1152 1085 Obss.
1170 1056 1259 1086 misc.

690 1101 811 1131 volum.
836 1103 867 1138 Ι,
891 1111 961 1142 pag.
987 1111 1028 1130 22
1057 1102 1117 1130 Vir
1148 1099 1259 1130 doctus

691 1145 925 1187 distinguebat:
945 1149 1020 1176 Jam
1038 1157 1157 1182 nosceS,
1175 1157 1258 1176 ven-

693 1199 781 1228 tosa,
793 1193 888 1233 jerat
907 1192 960 1221 cui
981 1192 1087 1233 gloria
1106 1192 1234 1222 laudem
1246 1204 1259 1228 ;

692 1239 765 1267 satis
777 1239 895 1276 jejune.
918 1256 963 1261 —-
982 1239 1122 1267 Laudem
1134 1261 1143 1274 ‚
1161 1238 1258 1268 decus

692 1294 732 1313 ex
746 1285 879 1314 victoria
891 1307 899 1322 ,
914 1283 1011 1318 κλέος.
1030 1286 1170 1314 Ventosa
1180 1307 1189 1320 ,
1207 1294 1260 1314 va-

691 1340 747 1367 na,
766 1331 884 1367 inanis,
909 1330 1054 1371 gloriatio
1071 1329 1131 1370 (de
1142 1341 1259 1371 pugnae

690 1377 842 1416 equestris
864 1387 1030 1413 successu,
1054 1377 1143 1414 cujus
1159 1377 1260 1414 major

689 1432 761 1462 pars
775 1423 848 1462 equi
861 1423 1059 1462 praestantiae,
1071 1422 1121 1451 cui
1131 1421 1258 1458 insides,

690 1467 868 1510 debetur),
898 1475 934 1497 ut
963 1468 1148 1508 simpliciter
1166 1474 1260 1498 ornet

689 1514 872 1554 epitheton3
887 1524 953 1543 non
971 1514 1050 1543 male
1077 1519 1261 1554 comparant

688 1558 739 1593 ἡνε
743 1558 813 1590 υ.όεν
849 1557 991 1602 φρόνημα
1021 1559 1107 1600 apud
1138 1558 1259 1600 Sopho-

689 1606 787 1644 clem,
808 1607 918 1646 Anu'g.
937 1607 1014 1642 354.
1032 1605 1203 1647 Cuiferat;
1219 1615 1259 1635 an

690 1652 748 1683 tibi
775 1653 864 1683 ferat.

759 1709 836 1739 709·
877 1699 1069 1738 Comparant
1113 1698 1258 1727 Hectoris

689 1745 808 1774 factum
827 1755 877 1784 ap.
897 1746 992 1774 Hom.
1014 1743 1104 1773 Iliad.
1128 1743 1164 1779 θ,
1190 1743 1256 1772 318

689 1801 756 1830 sqq.
768 1807 814 1812 ·—
830 1799 906 1827 710.
927 1791 993 1819 Stat
1010 1790 1043 1818 in
1062 1789 1154 1818 armis
1165 1788 1257 1827 pari-

689 1835 760 1871 bus,
777 1836 883 1864 «sicut
896 1834 988 1863 etiam
1005 1834 1097 1863 illum
1111 1843 1257 1874 congres-

688 1894 704 1906 «
719 1891 829 1910 surum
843 1879 930 1921 (non
939 1901 947 1915 ‚
965 1881 1166 1920 congress'um
1176 1878 1190 1920 )
1201 1889 1258 1920 pu-

688 1940 703 1952 «
719 1926 849 1962 tabat‚»
868 1932 905 1954 ut
925 1926 1051 1955 Servius
1075 1932 1192 1955 monet.
1211 1942 1258 1948 —

691 1983 706 2011 7
718 1983 728 2002 1
741 1982 766 2002 1.
781 1974 901 2002 Parma
911 1981 1006 2011 pura.
1025 1971 1195 2012 Epitheton
1212 1981 1259 2002 ar-

690 2019 792 2048 bitror
808 2017 992 2058 simpliciter
1013 2028 1125 2047 ornare.
1141 2026 1149 2047 ε
1168 2023 1205 2047 ut
1219 2018 1260 2048 sit

689 2074 797 2105 parma
829 2065 896 2093 sine
925 2064 1041 2104 insigni
1065 2069 1097 2093 et
1123 2069 1255 2100 ornatu,

690 2117 726 2140 ut
744 2120 863 2150 parma
890 2109 966 2139 alba
991 2119 1061 2150 sup.
1088 2110 1155 2147 Ix,
1180 2110 1257 2146 548.

689 2174 736 2180 —
748 2162 824 2195 714.
850 2157 982 2186 Fer-rata
1007 2155 1116 2192 calce;
1133 2155 1196 2186 hoc
1217 2155 1257 2185 de

690 2214 748 2234 suo
772 2213 839 2234 aevo
862 2203 975 2233 sumsit
996 2209 1101 2244 poeta.
1117 2203 1258 2234 Heroum
