1414 2435
605 68 727 98 LissER
751 68 827 97 ΧΠ.
1255 83 1271 102 2
1280 73 1318 104 53

121 129 288 174 Balteus,
310 135 348 164 et
366 128 526 164 laterum
539 125 737 175 juncturas
755 123 873 161 fibula
890 125 1058 173 mordet,

127 191 330 241 Egregium
346 189 468 226 forma
482 188 663 238 juvenem
681 193 718 222 et
738 184 970 235 fulgentibus
990 187 1120 235 armis,
1274 201 1321 234 255

124 249 363 300 Transadigit
381 257 521 294 costas,
543 247 721 297 fulvaque
740 246 902 284 effundit
919 260 1043 285 arena.

125 315 175 349 At
194 312 347 357 fratres,
369 309 538 346 animosa
554 308 740 358 phalanx,
758 307 995 357 adcensaque
1014 308 1138 355 luctu,

125 374 215 408 Pars
235 369 380 421 gladios
397 368 588 418 stringunt
604 366 780 404 manibus
792 395 802 412 ‚
822 380 910 416 pars
930 368 1069 405 missile
1090 369 1232 406 ferrum

125 430 369 481 Conripiunt‚
387 427 553 477 caecique
574 434 691 462 ruunt
710 441 718 462 :
739 437 834 475 quos
855 427 1004 476 agmina
1023 437 1156 464 contra

128 492 363 527 Procurrunt
378 491 633 532 Laurentum,
651 485 740 522 hinc
760 484 867 522 densi
885 499 1017 523 rursus
1036 487 1221 526 inundant
1278 500 1325 523 280

125 554 263 597 Troes,
283 548 543 600 Agyllinique,
565 554 603 583 et
621 546 731 596 pictis
749 545 917 583 Arcades
938 547 1062 584 armis.

128 612 191 650 Sic
210 610 332 648 omnis
351 622 457 648 amor
475 622 573 646 unus
589 606 707 645 habet
727 607 932 645 decernere
952 608 1055 645 ferro
1074 623 1082 645 ;

135 779 219 800 unus
242 769 357 799 Hamb.
383 767 469 799 Leid.
497 775 529 798 et
557 766 707 799 scheffer.

135 827 207 846 cum
240 815 338 846 Goth.
369 821 440 845 tert.
452 837 461 852 ,
492 824 549 854 per
579 824 611 843 se
640 824 707 843 non

134 862 233 899 male3
259 863 320 891 nisi
347 858 428 891 forte
455 867 527 890 nata
548 860 644 890 lectio
667 870 706 890 ex

134 909 213 939 vitio
224 931 233 946 ,
256 908 349 948 quale
373 907 407 936 in
431 906 549 937 Medic.
565 917 581 936 a
597 917 646 947 pr.
662 917 704 936 111.

133 962 198 992 est,
215 955 262 984 ad
273 953 423 984 mediam.
441 953 501 984 Sed
523 953 558 982 in
578 952 640 982 hoc
663 952 707 982 di-

132 1002 263 1031 versitas
287 1001 434 1030 lectionis
458 1007 522 1037 est,
548 1009 641 1039 quam
668 998 706 1027 ab

135 1048 285 1084 Heinsio,
310 1048 366 1087 qui
388 1046 531 1076 codicem
553 1052 615 1074 tam
637 1044 707 1073 dili-

134 1100 242 1134 genter
255 1099 451 1129 enotaverat,
465 1099 495 1121 et
508 1091 547 1120 ab
560 1091 628 1120 aliis
640 1101 706 1120 non

134 1139 383 1168 animadversam
416 1138 540 1167 mireris
565 1147 573 1168 :
606 1136 708 1167 sutilis

135 1196 213 1214 auro
238 1184 388 1219 Balteus,
417 1191 455 1213 ut
477 1195 518 1214 ex
541 1184 643 1213 aureis
660 1183 704 1212 la-

134 1232 254 1269 mellis,
274 1241 329 1261 seu
351 1230 503 1260 catenulis
521 1237 601 1260 esset
621 1240 705 1260 com-

134 1285 263 1319 pactus;
294 1278 337 1306 ita
365 1276 477 1307 teritur
502 1276 706 1306 referendum

133 1325 174 1354 ad
189 1324 299 1354 fibulae
312 1334 454 1354 morsum
464 1346 473 1360 ,
491 1324 547 1364 qui
559 1324 626 1363 ipse
639 1333 706 1353 ver-

134 1371 211 1402 bum
229 1370 311 1400 illud
334 1370 482 1411 explicat.
499 1370 596 1401 Nunc
614 1368 705 1399 avide

134 1418 196 1448 hoc
213 1417 378 1458 amplexus
394 1423 440 1446 est
454 1415 645 1447 Wakefield.
659 1433 706 1438 --

135 1475 174 1503 27
183 1466 200 1494 3
211 1486 219 1500 ‚
234 1469 312 1502 274.
326 1462 510 1494 Secundum
523 1462 706 1504 exemplum

132 1512 166 1540 in
206 1509 297 1540 Iliad.
331 1506 373 1547 ὃ,
416 1511 478 1540 132
515 1507 629 1547 ἴθυνεν,
662 1507 706 1539 ὅθι

132 1555 285 1600 ζωστῆρος
310 1553 400 1596 effe<
423 1554 558 1599 χρύσειοι
580 1554 704 1595 σύνεχον

132 1601 187 1633 καὶ
210 1599 337 1638 διπλόος
358 1601 466 1636 ἤντετο
490 1600 600 1645 θώρηξ·
628 1601 656 1632 ἐν
675 1598 705 1631 δ’

135 1647 225 1679 ἔπεσε
242 1648 375 1691 ζωστῆρι
394 1647 522 1692 ἀρηρότι
538 1646 648 1691 πικρὸς
661 1646 704 1678 ὀϊ-

133 1693 213 1730 στός.
233 1696 318 1724 Hinc
337 1695 431 1724 duxit
448 1702 544 1734 poeta
563 1695 705 1724 balteum

135 1739 235 1771 fibula
253 1740 441 1769 adstrictum
451 1761 460 1775 ,
475 1740 506 1769 in
523 1740 629 1769 medio
641 1751 706 1769 cor-

128 1798 228 1828 pore,
249 1787 283 1816 in
302 1785 373 1816 alvo
396 1795 404 1816 :
426 1785 550 1814 balteus
568 1792 614 1814 est
632 1785 706 1814 suti-

135 1834 192 1870 lis,
219 1843 275 1863 seu
295 1832 424 1869 laneus,
449 1841 504 1860 seu
525 1831 703 1867 coriaceus,

136 1880 217 1911 forte
234 1886 338 1909 tamen
356 1878 445 1908 aereis
462 1877 587 1906 laminis
603 1877 707 1906 muni-

137 1933 198 1957 tus.
227 1927 377 1955 Laterum
399 1923 570 1965 juncturas
600 1923 705 1963 ipsum

136 1972 277 2002 balteum
295 1971 400 2001 dicere
423 1971 479 2000 vix
494 1969 619 2010 potuit;
639 1979 706 1999 non

139 2019 224 2048 enim
250 2019 276 2048 is
306 2018 412 2058 jungit
446 2017 559 2053 latera;
598 2015 706 2045 saltem

136 2065 282 2104 jungitur
310 2064 412 2094 lateri.
439 2064 541 2105 Igitur
571 2061 706 2092 laterum

136 2110 302 2150 juncturas
325 2110 415 2140 aliter
437 2110 494 2140 vix
516 2110 658 2150 accipere
674 2108 709 2138 li-

140 2162 190 2186 cet
200 2178 209 2193 ,
226 2165 322 2196 quam
333 2163 370 2186 ut
384 2156 448 2186 sint
460 2156 564 2186 lacera
573 2178 582 2193 ,
595 2155 627 2186 h.
643 2165 708 2185 orae

140 2201 256 2239 baltei,
274 2200 426 2238 ζωστῆοος
452 2200 561 2242 ὂχῗες,
584 2211 661 2242 quas
672 2201 708 2243 fi-

294 2265 359 2301 IV.

761 766 836 796 bula
863 765 1004 803 mordet,
1036 766 1174 809 colligit,
1199 769 1331 811 jungit:

760 812 901 854 hincque
929 820 1040 843 ornate
1061 814 1229 855 juncturas
1252 817 1332 846 late-

761 871 830 889 rum
853 860 945 891 dixit.
971 861 1097 890 Vulnus
1127 862 1226 902 igitur
1251 862 1285 894 h.
1307 863 1330 893 l.

761 913 926 947 acceptum
957 913 1003 936 est
1032 907 1079 937 ad
1106 908 1264 945 medium,
1298 910 1333 939 in

762 953 867 982 medio
894 963 1047 993 corpore,
1071 964 1106 983 ea
1134 955 1200 994 ipsa
1222 962 1331 995 parte,

757 1009 823 1038 qua
840 999 905 1028 coit
920 1000 953 1027 in
970 999 1042 1028 alvo
1063 999 1204 1038 balteus,
1222 1000 1333 1031 fibula-

760 1055 823 1085 que
846 1045 963 1074 inserta
989 1046 1229 1086 constringitur.
1258 1049 1335 1078 Bal-

761 1099 828 1121 teus
840 1092 883 1120 ita
899 1090 1025 1128 teritur,
1039 1091 1191 1122 adstrictu
1205 1092 1331 1133 fibulae,

760 1139 794 1167 in
810 1137 893 1168 alvo.
903 1137 969 1167 Alii
982 1138 1106 1168 malunt
1120 1140 1178 1168 teri
1192 1139 1332 1171 balteum

759 1184 851 1220 αἶνο,
868 1194 963 1224 quam
987 1185 1123 1226 attingit.
1142 1186 1244 1216 Cerda
1262 1188 1332 1217 imi-

760 1232 911 1261 tationem
942 1241 982 1260 ex
1005 1231 1082 1261 Silio
1107 1233 1246 1270 notavit,
1274 1233 1330 1264 lib.

759 1278 842 1314 VII,
870 1276 937 1311 624
963 1287 1028 1316 seq.
1047 1288 1112 1317 qua
1120 1277 1228 1320 fibula
1247 1290 1330 1309 mor-

759 1334 809 1354 sus
827 1322 950 1352 Loricae
967 1323 1075 1353 crebro
1094 1323 1212 1353 laxata
1235 1326 1331 1356 resol-

760 1377 847 1399 verat
859 1369 939 1405 icen,
963 1369 1098 1410 Accepit
1112 1370 1331 1413 lateri....fi²r-

760 1427 839 1446 rum.

808 1473 871 1501 277
891 1474 959 1504 sqq.
979 1463 1092 1493 Praelio
1113 1463 1177 1502 jam
1191 1463 1329 1505 pedestri

760 1517 791 1540 et
815 1511 955 1550 equestri
973 1510 1059 1548 justo
1081 1509 1241 1551 descripto
1251 1511 1268 1549 ,'
1284 1522 1330 1542 re-

759 1556 860 1586 stabat
887 1563 1008 1597 poetae,
1029 1562 1066 1586 ut
1091 1557 1328 1588 tumultuariam

759 1613 899 1644 pugnam
923 1602 1126 1634 describeret.
1143 1604 1214 1633 Hoc
1237 1604 1271 1633 in
1296 1604 1328 1635 h.

758 1649 779 1680 1.
794 1650 887 1686 fecit,
901 1650 958 1690 qui
969 1650 1122 1690 sequitur.
1137 1650 1331 1691 Comparent

758 1696 892 1726 studiosi
917 1696 1032 1725 harum
1056 1706 1164 1725 rerum
1189 1706 1329 1736 pugnam

760 1743 994 1771 Centaurorum
1008 1748 1040 1771 et
1053 1741 1268 1781 Lapitharum,
1279 1751 1328 1782 ap.

759 1786 853 1817 Ovid.
882 1788 961 1816 Met.
989 1788 1072 1823 XII,
1091 1797 1157 1816 210
1181 1797 1328 1827 seqq.—

761 1833 836 1862 280.
863 1832 1029 1861 Immdanc
1055 1842 1221 1872 campum,
1252 1833 1329 1864 felix

759 1888 828 1907 voc.
864 1877 902 1907 ad
935 1878 1059 1917 copiam
1094 1877 1325 1911 declarandam.

759 1922 927 1965 Agyllini,
943 1922 1028 1953 conf.
1045 1933 1117 1964 sup.
1140 1925 1240 1962 VIII,
1260 1926 1325 1964 478

759 1980 826 2009 sqq.
850 1969 946 1999 Pictis
972 1969 1116 1999 Arcades
1144 1971 1268 2001 armis.-
1289 1971 1328 2002 ad

759 2015 957 2046 diversorum
982 2016 1182 2046 metallorum
1203 2018 1331 2049 mixtio-

760 2073 833 2092 nem
847 2062 951 2093 retuli.
965 2072 1035 2102 sup.
1051 2061 1108 2093 lib.
1122 2064 1164 2099 X,
1180 2063 1241 2094 181
1258 2075 1329 2095 ‘ver-

760 2108 943 2138 sicoloribus
979 2108 1087 2139 armis.
1128 2109 1198 2140 Nisi
1235 2118 1327 2151 poeta

761 2154 944 2196 simpliciter
961 2151 1087 2198 γραφὰς
1111 2151 1252 2186 ἀσπίδων
1278 2157 1331 2188 de-

762 2203 884 2243 signare
898 2201 1001 2232 voluit
1015 2211 1022 2233 :
1042 2212 1112 2244 quae
1125 2209 1231 2233 tamen
1238 2203 1330 2245 picea

1156 2277 1203 2303 22
