1414 2435
115 70 180 100 130

611 67 806 100 AENEIDOS

113 128 160 163 Et
177 123 294 175 patris
313 123 507 174 antiquam
524 124 649 161 Dauni
671 125 841 162 defertur
858 125 907 163 ad
924 125 1072 165 urbemn

165 187 216 221 At
230 185 334 222 Jovis
353 183 498 221 interea
512 183 665 221 monitis
683 185 894 224 Mezentius
911 187 1046 224 ardens

115 243 290 281 Succedit
306 256 460 293 pugnae,
479 242 723 295 Teucrosque
742 245 888 284 invadit
905 247 1064 285 ovantis.

113 306 355 340 Concurrunt
372 304 578 353 Tyrrhenae
596 305 712 351 acies,
730 314 843 356 atque
861 307 1037 359 omnibus
1057 309 1122 345 uni

113 363 190 400 Uni
208 363 379 414 odiisque
397 365 482 401 viro
502 365 660 415 telisque
677 366 939 416 frequentibus
960 368 1110 406 instant.

111 424 195 470 Ille,
214 424 318 461 velut
336 437 468 474 rupes,
486 434 635 462 vastum
653 439 738 475 quae
754 426 884 475 prodit
901 427 940 463 in
959 441 1107 477 aequor,

110 482 237 520 Obvia
254 492 455 521 ventorum
473 484 599 530 furiis,
620 493 852 535 expostaque
870 495 988 534 ponto
999 514 1009 531 ‚

108 543 195 579 Vim
214 552 387 580 cunctam
406 552 520 593 atque
536 544 655 596 minas
671 545 814 594 perfert
833 545 992 594 coelique
1007 546 1213 596 marisque,
1251 557 1300 590 ⁶9⁵

108 604 197 650 Ipsa
213 602 355 639 inmota
374 615 546 650 manens,
565 603 711 653 prolem
728 603 973 640 Dolichaonis
991 604 1163 642 Hebrum

109 661 252 697 Sternit
270 662 395 706 humi,
414 675 500 698 cum
520 675 597 711 quo
615 665 818 711 Latagum,
835 663 1081 712 Palmumque
1097 665 1284 714 fugacem3

107 719 183 755 Sed
202 721 384 767 Latagum
403 732 512 764 saxo,
534 729 646 767 atque
663 719 806 768 ingenti
824 720 1007 768 fragmine
1026 722 1163 758 montis

107 778 280 826 Occupat
299 788 341 813 os
359 777 568 826 faciemque
588 777 783 814 adversam
802 792 810 813 :
829 778 973 827 poplite
992 779 1161 817 Palmum

107 836 262 873 Succiso
281 835 385 872 volvi
404 849 555 886 segnem
572 836 678 883 sinit3
699 847 878 886 armaque
898 839 1022 875 Lauso

1249 857 1297 882 7⁰⁰

105 898 233 932 Donat
247 893 390 931 habere
410 895 595 941 humeris,
613 903 649 932 et
665 896 807 933 vertice
824 896 939 946 figere
959 897 1101 934 cristas.

105 957 184 992 Nec
201 967 278 993 non
293 955 491 993 Evanthen
507 955 732 1006 Phrygium,
748 956 968 1006 Paridisque
985 958 1169 995 Mimanta

104 1107 220 1143 AEscu;
247 1117 289 1137 an
312 1106 345 1138 h.
366 1106 388 1138 l.
412 1107 533 1137 vento?
548 1117 610 1137 usu
628 1113 673 1137 ta-

101 1162 175 1182 men
203 1154 406 1193 grammatico
416 1154 541 1195 fluctus
566 1160 611 1183 est
634 1163 674 1182 ex

101 1205 218 1235 vent03
245 1206 359 1235 cestus,
387 1206 492 1229 motus
513 1201 608 1228 maris
633 1208 675 1228 ex

100 1251 213 1274 natura
237 1255 304 1276 sua.
326 1245 395 1276 Erit
418 1254 494 1285 ergo
513 1252 606 1274 aeseus
627 1255 673 1274 se-

98 1290 219 1319 cundus
241 1290 275 1319 h.
299 1291 322 1319 1.
345 1291 401 1328 qui
424 1297 492 1317 non
512 1291 546 1318 in
572 1290 670 1318 altum

99 1334 276 1375 abripiebat
286 1358 294 1371 ‚
312 1335 368 1364 sed
380 1334 467 1363 litori
482 1333 673 1364 admovebat

99 1381 354 1412 navem—688.
377 1379 501 1416 Urbem,
517 1379 668 1411 Ardeam.

145 1427 213 1467 689
228 1444 275 1450 -
293 1427 370 1465 754.
396 1428 507 1457 Turno
535 1437 575 1456 ex
603 1427 670 1456 acie

97 1473 213 1504 educto
243 1473 437 1512 relinquitur
467 1473 647 1502 Mezentius
659 1495 667 1510 ,

96 1519 188 1557 cujus
210 1519 291 1548 facta
316 1526 443 1548 strenua
469 1524 667 1548 enarrantur.

97 1564 182 1594 Iovis
199 1563 344 1600 monitis,
364 1563 524 1603 impulsu3
541 1563 580 1593 cf.
595 1573 666 1603 sup.

95 1611 162 1647 lx,
188 1611 250 1645 184
265 1632 273 1647 ,
293 1610 367 1639 185.
387 1608 480 1639 Adde
500 1610 664 1646 Servium,

93 1657 151 1696 qui
169 1656 269 1686 multa
291 1662 454 1695 argutatur
476 1664 572 1695 super
595 1655 665 1684 viro

93 1702 194 1743 impio
211 1700 298 1742 (vu
311 1724 319 1738 ‚
338 1699 428 1741 647)
452 1710 468 1729 a
492 1701 575 1730 Jove
600 1711 667 1730 mo-

93 1749 173 1778 nito.
184 1749 284 1788 Atqui
301 1754 412 1788 poetae,
425 1747 451 1776 si
467 1746 598 1776 deorum
611 1747 665 1775 mi-

93 1794 230 1824 nisteriis
246 1800 383 1823 utuntur
399 1792 437 1822 ad
452 1791 665 1833 expediendas

92 1850 151 1877 res,
162 1850 227 1870 non
237 1850 361 1880 semper
371 1849 496 1869 morum
507 1845 535 1868 et
545 1840 664 1869 animo-

92 1896 163 1915 rum
183 1886 374 1927 probitatem
388 1892 540 1925 spectant.
558 1885 664 1916 Multo

95 1933 202 1962 minus
216 1932 247 1961 id
259 1932 451 1972 antiquiores
460 1938 562 1972 poetae
571 1941 662 1961 cura-

92 1985 178 2013 runt,
189 1979 243 2018 qni
257 1978 354 2008 inulta
366 1979 460 2018 impia
477 1984 507 2007 et
523 1978 661 2015 scelesta,

90 2024 304 2053 intercedente
322 2025 455 2054 deorum
470 2034 563 2064 opera
574 2046 582 2060 ‚
602 2023 663 2053 fac—

91 2075 121 2097 ta
149 2077 276 2099 narrant
293 2080 300 2100 :
319 2081 417 2110 quum
438 2069 469 2099 id
492 2070 595 2099 solnm
615 2079 662 2099 re-

89 2120 238 2152 putarent
250 2138 257 2151 ‚
272 2130 287 2140 u
300 2123 335 2145 ut
351 2117 394 2145 rei
410 2117 496 2145 mirre
509 2122 539 2145 et
555 2115 662 2145 insoli-

88 2165 127 2189 tae
142 2170 248 2189 caussa
271 2167 301 2190 et
318 2169 430 2191 auctor
450 2163 597 2191 inventus
612 2172 658 2191 es-

725 1113 783 1138 set.
801 1122 817 1134 »
832 1124 879 1131 —
901 1108 978 1147 691.
1004 1107 1165 1148 Tyrrheni
1188 1107 1223 1138 iu
1243 1111 1295 1140 AE-

726 1163 794 1183 neae
822 1155 886 1183 acie
897 1176 905 1190 ‚
934 1154 991 1193 qui
1021 1153 1082 1183 sub
1114 1152 1297 1185 Tarchonte

727 1199 917 1228 tenebantur
939 1199 951 1239 (
971 1199 1057 1229 conf.
1079 1201 1179 1237 VIII,
1208 1205 1294 1240 494,

728 1245 815 1284 495,
834 1246 900 1275 603
920 1254 966 1283 sq.
981 1243 1012 1284 ),
1031 1245 1155 1284 agmine
1174 1246 1208 1275 in
1229 1247 1296 1276 Me-

727 1290 867 1319 zentium
895 1291 1076 1320 incurrunt.
1105 1291 1154 1320 Ex
1184 1290 1296 1320 iisdem

723 1341 798 1364 sunt
810 1357 818 1372 ,
837 1336 894 1375 qui
909 1346 989 1365 vers.
1008 1336 1191 1376 696—699
1211 1338 1295 1366 occi-

723 1379 855 1411 duntur.
868 1397 916 1404 --
932 1382 1010 1420 693.
1027 1381 1122 1411 Velut
1141 1392 1235 1422 rupes
1254 1383 1293 1413 11.

723 1435 738 1455 ο
750 1447 759 1462 ,
774 1427 794 1456 6
803 1427 839 1455 18
855 1437 924 1466 sqq.
933 1449 942 1464 ,
959 1426 1014 1456 sed
1029 1428 1148 1465 majore
1161 1437 1233 1458 cum
1246 1437 1294 1458 or-

722 1478 810 1501 natu.
822 1472 907 1502 conf.
919 1483 989 1512 sup.
1002 1473 1076 1508 VII,
1093 1473 1158 1502 586
1167 1483 1236 1513 sqq.
1247 1490 1293 1497 ——-

722 1518 800 1556 696.
809 1519 931 1554 illane-t,
943 1517 1071 1547 suavius
1081 1527 1152 1546 meo
1162 1518 1292 1557 quidem

720 1573 831 1599 sensu,
848 1562 1015 1603 oblongus
1034 1562 1115 1593 Pier.
1130 1569 1161 1592 et
1174 1563 1290 1595 Medic.

720 1618 736 1637 3
749 1619 791 1638 m.
802 1619 862 1639 sec.
880 1608 891 1648 (
903 1609 957 1638 sed
972 1619 988 1637 3
1002 1619 1051 1648 pr.
1064 1616 1198 1638 manent
1206 1610 1230 1650 )‚
1246 1621 1292 1640 re*

719 1661 846 1695 ceptum
861 1665 990 1694 qnoque
1007 1665 1094 1683 nunc
1105 1665 1120 1684 3
1135 1655 1288 1694 Brunck.;

717 1701 760 1729 ita
784 1711 860 1729 vero
887 1700 994 1730 delicit
1019 1701 1290 1741 complementum

718 1747 904 1777 sententiae:
925 1746 980 1776 ille
1002 1747 1087 1776 cuim
1110 1757 1175 1777 non
1193 1746 1290 1778 habet

717 1792 851 1822 verbum
861 1815 869 1829 ‚
884 1793 922 1822 ad
937 1792 1026 1833 qnod
1040 1802 1072 1822 se
1086 1792 1214 1829 referat,
1227 1795 1289 1823 uisi

716 1838 851 1869 scribas:
863 1838 928 1875 ille,
941 1838 1288 1878 velutmpes-minas

711 1884 836 1926 perfert
856 1885 991 1925 coelique
1014 1883 1194 1925 marisqum
1218 1884 1286 1925 ipsa

716 1931 849 1961 immota
860 1955 869 1967 ‚
893 1938 1025 1966 manem
1042 1937 1077 1959 ut
1089 1931 1129 1959 sit
1142 1930 1208 1970 ipse
1222 1941 1287 1960 ηια-

716 1986 779 2007 ner.
797 1977 857 2007 Sed
875 1976 936 2006 hoc
951 1986 1063 2016 parum
1077 1975 1190 2015 placet.

762 2033 826 2061 7⁰2
845 2039 891 2045 —·
907 2023 983 2059 706.
1001 2023 1114 2051 Mimas
1125 2024 1241 2063 Am5ei
1253 2030 1284 2053 et

713 2068 861 2099 Theanus
882 2067 967 2097 filius
986 2067 1094 2097 endem
1114 2075 1208 2098 nocte
1232 2079 1284 2099 na-
1318 2072 1323 2075 '

714 2120 765 2144 tus
775 2137 784 2150 ,
799 2123 861 2154 qua
876 2115 960 2144 Paris
974 2114 1012 2143 ab
1028 2114 1157 2144 Hecuba
1175 2125 1183 2146 :
1201 2125 1284 2146 com-

713 2167 855 2191 mentum
894 2167 995 2201 poetoe
1029 2160 1069 2190 ad
1099 2160 1280 2193 variandum
