1414 2435
608 41 733 72 LIBER
757 41 831 71 XII.

1259 42 1322 72 263

125 103 235 140 Stare
255 102 402 149 vident3
422 100 663 151 subeuntque
683 100 849 150 equites,
868 109 905 137 et
924 99 1070 150 spicula
1088 99 1221 138 castris

126 164 253 200 Densa
272 162 411 200 cadunt
426 161 561 198 mediis
581 176 589 197 :
609 161 638 198 it
657 161 774 198 tristis
795 160 844 197 ad
863 160 1005 198 aethera
1025 160 1168 197 clamor

126 222 334 258 Bellantum
348 222 553 271 juvenum,
570 231 607 258 et
625 221 723 258 duro
744 220 816 258 sub
832 223 959 258 Marte
978 221 1191 258 cadentum.

1276 230 1325 258 410

178 282 251 319 Hic
268 285 415 330 Venus,
434 282 591 333 indigno
609 283 690 320 nati
709 295 892 320 concussa
911 282 1062 328 dolore,

122 343 364 379 Dictamnum
384 344 557 393 genetrix
577 346 725 381 Cretaea
740 343 863 393 carpit
879 342 927 380 ab
946 343 1034 389 Ida,

122 401 336 440 Puberibus
356 405 502 440 caulem
522 404 622 440 foliis
643 413 681 441 et
697 403 791 440 flore
810 411 1025 440 comantem

122 466 342 514 Purpure03
359 477 437 501 non
455 464 518 501 illa
537 464 627 501 feris
648 465 842 513 incognita
860 464 985 513 capris

123 525 326 572 Gramina,
346 539 466 576 quum
488 535 596 575 tergo
615 525 792 561 volucres
808 524 951 560 haesere
965 523 1121 573 sagittae.

1276 533 1325 563 4¹⁵

121 588 206 623 Hoc
224 587 373 635 Venus,
390 584 558 622 obscuro
575 585 711 622 faciem
727 584 963 621 circumdata
978 582 1129 629 nimbo,

125 737 202 773 408.
229 735 429 776 Subetmtque
444 746 461 765 e
477 737 559 766 Pier.
583 741 614 765 et
629 736 695 765 suis

123 783 215 814 codd.
231 783 429 823 rescripsisse
445 782 594 812 Heinsius
608 781 696 810 vide·

123 838 187 860 tur.
204 831 273 870 Que
286 829 325 858 ab
341 829 408 858 aliis
421 827 507 863 abest
523 838 531 859 :
545 834 588 866 et,
602 835 694 868 puto,

123 876 246 906 melius.

171 928 210 958 41
222 933 234 952 1
247 932 314 962 sqq.
330 922 435 952 Lineae
446 921 512 951 loci
526 921 608 951 forte
622 919 698 951 duc-

123 976 163 999 tae
181 970 218 999 in
239 968 330 999 Iliad.
353 979 396 1007 π,
415 968 596 1006 523—527
616 978 697 1008 sqq„

125 1015 163 1045 de
182 1016 306 1046 Glauco
321 1015 360 1045 ab
375 1014 528 1056 Apolline
545 1021 697 1044 recreato.

123 1080 170 1086 —-
181 1068 258 1098 412.
275 1061 473 1090 Dictamnon
487 1061 625 1091 malebat
640 1062 699 1092 Cu-

124 1108 286 1149 ningham.
305 1106 488 1136 Dictamum
507 1109 619 1137 vitiose
633 1118 699 1148 pas-

125 1156 185 1184 sim
199 1155 365 1194 scriptum.
378 1154 586 1183 Dictamnum
596 1165 695 1195 gene-

125 1201 192 1230 trioe
207 1210 317 1231 omnes
332 1200 453 1241 ubique
471 1200 565 1231 codd.
585 1211 696 1242 agnos-

126 1254 204 1277 cunt
229 1258 236 1278 :
261 1249 407 1277 Donatus
431 1253 536 1277 tamen
563 1248 640 1289 legit
667 1254 699 1277 et

126 1295 275 1335 exposuit
294 1303 301 1324 ε
328 1294 404 1333 Ipsa
428 1304 528 1323 manu
546 1294 698 1335 genetrix

126 1341 255 1371 Dictaea
278 1339 397 1381 carpsit
421 1339 461 1369 ab
486 1340 559 1371 Ida.
576 1342 699 1370 Lectio-

125 1398 199 1417 uem
213 1387 296 1417 hanc
307 1388 418 1428 utique
425 1397 534 1417 veram
548 1397 614 1417 esse
629 1397 699 1418 cen-

125 1433 262 1464 sendum
276 1440 340 1471 est,
353 1440 512 1474 quatenus
529 1444 545 1463 a
560 1441 653 1474 poeta
665 1434 699 1464 id

124 1480 307 1521 profectum
345 1490 411 1510 esse
446 1480 574 1510 credere
600 1481 696 1519 licet,

126 1526 214 1568 quod
236 1527 374 1557 orationi
403 1527 537 1567 poeticae
560 1529 698 1558 maxime

126 1573 288 1604 convenit.
303 1573 443 1603 Decebat
454 1580 582 1614 poetam
598 1574 698 1616 desig-

126 1630 201 1649 nare
222 1619 354 1650 herbam
371 1627 403 1650 et
425 1629 564 1651 ornare:
579 1631 698 1651 nomen

127 1666 255 1706 vulgare
282 1676 441 1706 apponere
469 1668 527 1696 vix
555 1667 698 1698 decebat.

128 1713 177 1742 Ex
194 1711 338 1747 Dictaea,
358 1711 500 1751 epitheto
515 1713 597 1750 1dae,
615 1715 698 1744 mul-

127 1765 161 1789 to
186 1757 310 1788 facilius
341 1758 550 1788 Dictamnum
575 1762 697 1800 assequi

124 1805 251 1835 licebat.
272 1805 322 1834 Ex
339 1805 431 1835 statii
444 1804 533 1841 loco,
550 1806 607 1845 qui
618 1806 694 1836 Silva

127 1853 158 1889 1,
188 1858 221 1889 4,
260 1861 322 1881 102
358 1851 528 1880 Dt'ctamni
544 1851 697 1893 florentis

125 1909 234 1939 opem,
253 1904 399 1939 respectu
410 1897 508 1935 hujus
516 1898 591 1935 loci,
601 1897 695 1935 dixit,

125 1946 182 1974 vix
197 1945 367 1986 quicquam
384 1943 544 1975 conficias.
556 1962 602 1967 -—
616 1947 693 1980 413.

126 1990 365 2033 Puberasblia‚
385 1992 411 2021 si
433 2002 491 2032 per
504 2002 537 2021 se
552 1991 696 2022 conside-

125 2047 190 2073 ras,
213 2045 288 2068 sunt
312 2037 554 2075 efflorescentia,
580 2037 696 2068 exube-

125 2084 227 2113 rantia
244 2093 252 2114 ε
269 2084 350 2114 nihil
369 2084 467 2115 aliud.
480 2086 608 2115 Servius
622 2085 695 2115 folia

124 2128 229 2160 adulta
244 2132 388 2172 exponit.
405 2132 631 2162 Pubescentem
647 2131 696 2161 rvi-

123 2183 186 2206 tem
209 2178 294 2207 varie
310 2184 410 2208 tentat
431 2178 558 2209 Salmas.
581 2180 694 2209 Exere.

749 735 830 766 Pliu.
848 746 920 776 pag.
941 736 1024 773 364,
1049 735 1146 766 modo
1169 737 1326 777 interpre-

750 782 848 812 tando
867 783 1116 823 nigrescentem,
1131 782 1229 813 modo
1250 784 1326 813 viri-

749 827 892 866 dantem,
908 835 940 860 et
955 830 1000 859 sic
1015 840 1125 870 porro.
1144 831 1202 860 Est
1218 836 1325 860 autem

744 875 917 915 pubescere
945 876 1134 906 translatum
1162 886 1178 905 a
1205 876 1324 917 puber·

751 928 833 959 tate,
859 921 1002 963 adeoque
1020 922 1100 952 flore
1122 923 1241 960 aetatis,
1264 922 1325 953 flo-

751 978 818 997 rem
844 968 1017 1006 arborum,
1045 968 1234 1006 herbarum,
1263 969 1326 999 sol—

750 1014 840 1044 lenni
864 1021 971 1046 tamen
994 1015 1100 1056 aliqua
1126 1016 1250 1046 ratione
1278 1016 1324 1045 vi-

752 1062 848 1099 tium,
873 1061 1031 1104 designat;
1050 1061 1146 1092 modo
1170 1063 1322 1100 omnino,

753 1115 789 1137 nt
807 1107 840 1138 h.
859 1108 894 1145 1.,
918 1116 949 1138 et
959 1109 1114 1149 pubentes
1129 1107 1235 1138 herbae
1250 1120 1321 1150 sup.

751 1156 814 1191 lv,
832 1155 915 1193 5143
933 1156 1048 1197 Georg.
1065 1155 1121 1185 lib.
1139 1156 1206 1193 ΙΙΙ,
1231 1156 1294 1191 126
1315 1166 1322 1186 z

751 1200 847 1231 modo
858 1225 867 1239 ‚
883 1203 967 1232 utin
983 1202 1050 1232 aliis
1069 1202 1162 1239 locis,
1183 1212 1257 1231 cum
1271 1201 1324 1231 ad—

749 1248 860 1285 juncta
884 1249 1016 1278 notione
1033 1248 1268 1286 exuberantiae,
1287 1250 1326 1278 si-

752 1304 790 1323 ve
815 1295 1006 1324 maturitatis
1030 1294 1082 1324 vel
1102 1295 1249 1324 instantis
1275 1295 1325 1324 vel

752 1341 990 1381 exspectandae,
1019 1348 1056 1370 ut
1086 1341 1145 1371 Ge.
1176 1342 1224 1378 11,
1257 1341 1322 1381 390

751 1387 838 1416 Hinc
865 1387 969 1417 omnis
993 1387 1085 1429 largo
1106 1386 1254 1428 pubescit
1273 1386 1326 1416 ‘vi-

752 1443 814 1463 nea
820 1433 906 1475 secu.
921 1436 990 1464 Hoc
1002 1435 1064 1464 nisi
1079 1444 1141 1464 usu
1160 1440 1325 1464 constante

752 1480 831 1510 mihi
845 1487 1018 1517 constaret,
1032 1482 1166 1522 pronior
1177 1491 1277 1510 essem
1291 1481 1325 1511 in

752 1529 939 1558 senteutiam
966 1529 1111 1558 virorum
1134 1527 1324 1564 doctorum,

753 1575 809 1613 qui
831 1580 977 1611 censent,
1000 1580 1127 1615 poetam
1152 1575 1326 1615 respexisse

751 1619 935 1662 lanuginem
959 1621 1113 1651 fohorum
1134 1621 1231 1659 hujus
1256 1619 1327 1650 her-

752 1666 820 1703 bae3
843 1677 916 1697 nam
950 1674 1027 1698 sunt
1064 1679 1100 1698 ea
1126 1663 1325 1720 γναῳσιλώὸη

751 1711 807 1744 καὶ
827 1713 857 1756 ἐρ
862 1711 939 1746 mss-r.
958 1713 1013 1744 iezi
1028 1724 1127 1744 τινα.
1115 1711 1254 1754 ἐπίφυσιν
1270 1712 1325 1742 ha-

752 1744 886 1790 bentia.
905 1761 1086 1791 secundum
1101 1758 1284 1790 Dioscorid.
1301 1759 1323 1790 l.

751 1816 779 1836 e.
809 1807 920 1836 Unum
944 1817 994 1836 me
1020 1806 1082 1836 hoc
1107 1813 1211 1842 tenet,
1235 1806 1325 1846 quod

749 1862 845 1881 usum
853 1852 942 1882 hunc
955 1852 1109 1893 loquendi
1122 1852 1213 1882 nullo
1222 1862 1325 1882 exem-

747 1898 803 1939 plo
819 1905 929 1938 aperto
947 1898 1138 1929 declaratum
1151 1897 1236 1936 vidi;
1251 1898 1324 1929 nbi-

748 1955 810 1985 que
832 1945 948 1985 pubere
967 1952 997 1975 et
1008 1946 1182 1986 pubescere
1200 1952 1246 1975 est
1265 1944 1323 1976 flo-

751 2002 820 2022 rere
831 2014 839 2027 ‚
854 1993 946 2022 etiam
959 1993 995 2022 iu
1007 1992 1103 2034 genis
1116 1999 1147 2022 et
1163 1992 1323 2034 malispu·

749 2038 960 2074 bescentibus;
987 2040 1044 2068 etsi
1064 2040 1100 2069 in
1123 2038 1173 2069 his
1197 2049 1232 2069 re
1254 2040 1320 2080 ipsa

749 2084 867 2126 lanugo
881 2084 1086 2127 intelligenda
1099 2092 1156 2116 est.

798 2132 875 2167 416.
907 2133 978 2172 Qua
1010 2133 1108 2173 igitur
1135 2132 1321 2173 simpliciter

749 2189 826 2209 usus
840 2178 905 2208 dici
919 2185 1043 2219 poterat
1058 2179 1216 2210 medicina
1227 2181 1319 2219 Iapis,
