1414 2435
156 78 173 108 3
184 89 196 108 1
205 87 221 108 2
633 78 856 110 EXCURSUS
880 79 928 107 111

157 137 220 167 niae
233 138 359 168 Miseno
373 137 505 176 objectae
519 142 595 166 sunt
607 137 721 166 insulae
734 135 894 175 Prochyta
910 135 1021 177 (nunc
1043 134 1204 176 Procida)
1221 141 1252 165 et
1269 135 1364 166 altera

158 192 268 231 paullo
292 192 411 230 major,
439 189 609 221 Pithecusa
634 201 691 220 seu
716 189 858 221 AEnaria
883 189 1000 231 (nunc
1025 189 1131 219 Ischia
1140 188 1164 231 ).
1188 187 1365 219 Pithecusa*

159 247 222 277 fere
240 247 358 288 plurali
379 255 515 276 numero
539 244 645 275 efferri
666 244 788 283 solent,
809 255 866 275 seu
882 246 1035 286 quoniam
1053 244 1214 287 Prochyta
1230 243 1292 276 sub
1311 255 1364 274 eo-

159 301 231 332 dem
250 302 381 332 nomine
397 301 459 331 fuit
475 299 725 341 comprehensa,
746 309 803 329 seu
825 299 915 339 quod
937 299 1046 340 plures
1069 300 1240 341 aliquando
1263 299 1365 330 fuere.

161 357 241 387 Sunt
261 359 346 387 enim
363 364 528 395 auctores,
545 355 601 396 qui
613 355 797 386 Pithecusas
811 354 851 384 ab
868 355 996 385 AEnaria
1014 355 1205 386 discernant.
1225 356 1300 386 Esse
1315 364 1366 384 eas

156 418 260 453 partes
279 413 474 444 continentis
490 411 612 442 avulsas
623 433 632 450 ,
650 417 682 441 et
697 417 846 441 constans
866 410 949 442 fama
971 411 1114 443 obtinuit
1129 411 1217 454 (vid.
1235 411 1365 443 Cluver.

156 467 226 498 Ital.
252 469 332 498 Ant.
361 468 429 505 IV,
451 465 512 509 4),
529 472 560 496 et
578 466 646 507 ipsa
668 476 718 496 res
741 464 952 507 locorumque
967 465 1062 496 facies
1083 466 1250 507 probabile
1272 465 1364 501 facit;

157 523 372 554 subterraneis
386 523 472 553 enim
488 521 617 563 ignibus
636 532 718 563 saepe
738 520 915 553 Pithecusae
929 528 1127 553 exarserunt.
1141 521 1207 552 vid.
1220 521 1364 562 inprimis

155 577 302 608 Strabon.
321 579 363 615 V,
378 588 449 619 pag.
469 578 535 618 379
548 577 570 608 f.
587 588 656 618 sqq.
669 589 678 615 ;
692 577 774 608 Plin.
790 579 838 616 ΙΙ,
857 577 920 616 88;
936 577 1053 608 Mirab.
1070 576 1159 608 And.
1178 576 1241 606 36:
1256 574 1365 606 confer

154 631 355 663 Wernsdorf.
372 634 506 663 Excurs.
522 633 571 662 III
595 631 634 661 ad
649 634 790 670 AEtnam‚
808 639 884 663 tom.
905 634 952 663 IV
963 655 971 670 ‚
987 643 1058 674 pag.
1078 632 1144 668 354
1165 642 1234 672 sqq.
1253 632 1365 672 Quum

155 691 261 716 autem
281 687 394 717 veteris
407 687 580 724 sermonis,
599 693 629 717 et
643 686 901 728 phantasmatum
915 698 986 728 quae
1006 686 1081 717 inde
1103 691 1206 727 poetae
1220 695 1365 725 suscepe-

152 747 224 770 rant
234 763 242 777 ‚
261 741 341 770 ratio
354 742 397 770 ita
413 741 509 771 ferret
521 764 529 779 ,
548 747 586 771 ut
600 748 759 771 terrarum
777 748 884 772 motus
898 748 929 771 et
943 741 1068 783 ignium
1083 739 1365 771 subterraneorum

152 793 354 834 explosiones
369 794 561 835 Gigantibus
576 801 666 824 terrae
679 796 813 825 inclusis
828 795 1006 826 tribuerent
1020 805 1028 825 :
1042 794 1130 836 quod
1144 804 1245 836 quum
1257 793 1363 835 primo

154 854 309 878 narrasset
322 848 361 878 de
376 848 525 890 Typhoeo
540 848 700 879 Hesiodus
715 850 783 879 sine
799 850 888 878 omni
902 850 966 879 loci
979 851 1142 879 mentione
1155 850 1171 879 θ
1183 873 1192 887 ,
1213 849 1278 888 859
1293 859 1363 889 sqq.

152 902 259 933 fabula
281 903 366 933 haud
388 903 486 934 dubie
508 915 548 934 ex
567 904 699 935 Oriente
723 909 852 944 accepta
864 927 871 941 ‚
888 903 1063 933 deductum
1078 910 1124 933 est
1141 903 1181 932 ad
1201 903 1362 939 Ciliciam,

154 958 277 999 Syriam
289 981 297 996 ‚
319 959 425 990 laeum
441 958 645 990 Sirbonidem
664 966 695 989 et
716 959 938 1000 Asphaltiten,
954 958 993 989 ad
1016 959 1101 989 Asiae
1126 958 1364 989 Catacecaume-

156 1022 219 1041 neu
236 1019 267 1042 et
281 1012 453 1055 Phrygiam
471 1012 557 1055 (vid.
572 1013 705 1044 Wessel.
728 1013 768 1043 ad
788 1013 883 1044 Diod.
899 1015 941 1051 V,
963 1024 978 1052 7
990 1024 1018 1045 1.
1035 1013 1076 1043 cf.
1097 1011 1249 1053 ApoUod.
1268 1013 1301 1048 Ι,
1321 1012 1341 1041 6
1352 1034 1361 1047 ‚

157 1065 173 1095 3
185 1089 194 1101 ,
213 1073 243 1096 et
256 1066 303 1096 ibi
318 1066 456 1109 Notata)
469 1077 478 1105 ;
493 1067 537 1097 ita
557 1073 693 1097 tractum
718 1075 765 1097 est
787 1069 880 1098 etiam
897 1067 936 1097 ad
956 1067 1040 1098 hanc
1057 1066 1212 1105 insulam,
1233 1067 1363 1107 imposi-

154 1127 215 1151 tam
235 1132 303 1151 eam
319 1132 385 1152 esse
402 1121 568 1164 Typhoeo,
586 1121 675 1163 quod
696 1122 781 1153 idem
805 1121 844 1153 de
869 1121 991 1152 Arimis
1008 1122 1074 1152 suis
1093 1127 1275 1152 narraverat
1296 1121 1363 1150 Ho-

156 1186 263 1206 merus
282 1176 372 1207 Iliad.
389 1175 427 1216 β,
445 1177 522 1216 583.
544 1177 674 1208 Arimos
694 1177 753 1208 hos
770 1178 835 1218 jam
858 1179 942 1208 iuter
957 1183 1079 1208 veteres
1095 1177 1174 1207 alios
1192 1177 1228 1206 in
1248 1175 1364 1216 Mysiae

157 1239 212 1260 seu
227 1230 336 1272 Lydiae
353 1238 442 1272 parte
453 1254 461 1269 ,
476 1231 553 1262 alios
567 1232 601 1262 in
614 1232 723 1264 Cilicia
733 1255 742 1270 ‚
757 1233 792 1262 in
806 1233 897 1274 Syria
911 1232 989 1262 alios
1001 1231 1172 1273 reperisse;
1188 1230 1282 1261 fnisse
1298 1235 1362 1259 tan-

153 1282 226 1314 dem
241 1286 334 1315 etiam
344 1308 353 1323 ‚
369 1287 424 1326 qui
446 1287 480 1316 in
499 1285 674 1317 Pithecusis
689 1287 802 1317 insulis
817 1287 1030 1324 collocarent,
1046 1293 1154 1317 narrat
1172 1285 1286 1317 Strabo
1303 1284 1362 1314 lib.

154 1339 252 1376 XIII,
269 1350 339 1380 pag.
361 1350 428 1381 929
449 1341 484 1372 C.
504 1342 555 1371 Ex
573 1340 622 1371 his
636 1348 722 1382 patet
733 1364 741 1379 ,
756 1341 930 1383 Virgilium
946 1346 1093 1371 nostrum
1108 1351 1176 1373 uon
1192 1340 1288 1370 fuisse
1301 1338 1362 1379 pri-

153 1404 239 1423 mum
250 1416 258 1431 ,
275 1396 332 1435 qui
346 1406 487 1426 errorem
503 1395 590 1426 hunc
608 1396 840 1434 committeret,
862 1402 897 1425 ut
911 1397 1040 1426 Arimos
1055 1395 1094 1425 ad
1116 1395 1200 1426 hauc
1225 1393 1361 1424 insulam

151 1448 343 1480 transferret.
360 1450 466 1480 Multo
482 1451 588 1481 minus
611 1451 664 1481 ille
689 1450 840 1481 adversus
855 1452 1089 1492 grammaticam
1106 1451 1261 1481 rationem
1283 1451 1362 1479 Ina-

152 1503 252 1533 rimen
277 1503 377 1534 facere
396 1505 503 1545 potuit
520 1516 561 1535 ex
578 1503 641 1535 Eiv’
662 1497 807 1548 Ᾰρίμεις,
825 1516 896 1546 quae
921 1507 972 1536 vel
993 1503 1034 1536 τὰ
1058 1497 1163 1548 Ᾰριμα,
1183 1505 1235 1535 vel
1250 1495 1361 1547 σὶᾸρι-

154 1567 206 1598 με’.
226 1558 366 1589 fuerunt.
384 1560 536 1600 Suspicor
552 1559 648 1590 fuisse
667 1560 804 1601 aliquem
821 1571 862 1590 ex
879 1561 1018 1601 antiquis
1037 1561 1138 1601 poetis
1153 1559 1288 1594 Latinis,
1303 1560 1361 1598 qui

154 1611 283 1642 Iliadem
302 1612 398 1643 latine
421 1612 652 1650 reddiderunt,
672 1615 755 1644 inter
777 1625 858 1655 quos
878 1615 937 1645 Cn.
963 1615 1098 1645 Mattius
1117 1614 1195 1651 fnit,
1226 1614 1281 1655 qui
1306 1620 1361 1643 aut

154 1666 233 1696 male
253 1668 428 1708 acceperit,
445 1674 499 1698 aut
515 1667 593 1698 male
609 1668 838 1709 interpretatus
854 1669 895 1698 sit
909 1669 946 1698 In
966 1668 1080 1698 Arima
1091 1691 1100 1704 ,
1117 1667 1203 1698 unde
1217 1667 1297 1698 sacta
1316 1673 1362 1697 est

154 1719 299 1750 lnarima
322 1720 373 1751 vel
395 1720 548 1752 Inarime.
569 1723 622 1752 An
643 1733 783 1763 unquam
802 1733 918 1754 nomen
935 1722 997 1753 hoc
1019 1723 1257 1754 Pithecusarum
1276 1731 1362 1752 com-

153 1775 243 1803 muni
264 1785 324 1804 usu
341 1775 575 1816 frequentatum
600 1777 661 1814 sit,
685 1776 823 1807 dubito:
840 1776 967 1807 videtur
991 1776 1072 1807 illud
1095 1777 1178 1807 inter
1198 1781 1307 1817 poetas
1328 1785 1361 1804 se

153 1830 359 1860 continuisse.
385 1832 512 1861 Mature
537 1839 641 1862 tamen
662 1832 828 1873 Typhoeus
853 1831 894 1863 ad
923 1831 991 1862 hoec
1015 1832 1113 1863 Italiae
1137 1831 1207 1862 loca
1234 1829 1362 1871 ignibus

154 1884 244 1911 caecis.
267 1883 423 1914 celebrata
446 1892 613 1916 revocatus
633 1885 712 1922 suit,
730 1892 766 1915 ut
785 1885 878 1916 docet
895 1884 1022 1916 Pindari
1039 1886 1128 1916 locus
1144 1895 1220 1915 mox
1235 1882 1362 1913 laudan-

156 1936 224 1967 dus.
246 1937 354 1967 Tradit
369 1949 498 1979 quoque
515 1939 621 1970 Schol.
640 1939 807 1981 Apollonii
825 1939 862 1970 ad
878 1940 934 1970 lib.
951 1941 996 1975 11,
1025 1950 1061 1969 12
1072 1945 1106 1975 14
1122 1961 1131 1976 ,
1147 1936 1362 1979 Pherecydem

154 1992 216 2028 jam
242 1992 394 2034 Typhoni
421 1995 620 2026 Pithecusam
647 1996 781 2026 insulam
811 1997 959 2035 injectam
985 2005 1136 2026 narrasse.
1158 1994 1262 2024 obvia
1289 1993 1363 2023 iude

161 2047 259 2085 poetis
276 2054 306 2077 et
329 2048 426 2079 facilis
447 2049 506 2080 fuit
531 2050 642 2080 insulae
663 2051 858 2091 comparatio
882 2061 954 2080 cum
977 2050 1095 2080 Arimis
1112 2050 1242 2079 Homeri
1262 2056 1293 2079 et
1309 2048 1362 2079 dc·

161 2099 255 2130 flexio
283 2103 421 2133 nominis
450 2104 482 2133 in
506 2104 649 2136 Ariinen.
670 2105 756 2135 Miro
781 2111 885 2134 aulem
909 2114 982 2134 casu
1006 2102 1139 2137 accidit,
1163 2110 1197 2132 ut
1223 2103 1364 2134 Etruscis

163 2154 267 2184 Arimi
289 2156 472 2188 dicerentur
491 2159 595 2196 simii,
622 2161 679 2201 qui
705 2160 824 2190 Graecis
842 2156 985 2194 πίθηκοι,
1015 2158 1190 2189 secundum
1215 2157 1362 2189 strabon.

162 2207 182 2239 l·
207 2221 255 2242 uz
275 2210 361 2249 quod
379 2213 401 2241 si
421 2214 460 2242 ita
481 2224 512 2243 se
532 2213 663 2249 habuit,
690 2221 777 2244 tauto
801 2214 973 2255 procliiior
998 2214 1055 2243 fuit
1083 2211 1367 2254 p‹·i·mutandor11n=
