1414 2435
562 59 681 91 CIRIS.

1153 57 1215 95 359

29 117 234 165 Deponunt
251 114 380 161 flores,
398 123 462 152 aut
478 128 592 153 suave
610 114 751 152 rubens
769 116 977 164 narcissus,

30 177 107 211 Aut
123 186 254 211 crocus
272 175 413 211 alterna
433 175 662 224 conjungens
684 175 763 212 lilia
784 175 927 222 caltha,

32 236 243 283 Sparsaque
262 233 453 270 liminibus
474 233 585 270 floret
607 246 692 271 rosa
712 249 720 270 ε
739 248 841 271 nunc
861 247 946 284 age,
966 234 1080 279 divae,

30 293 222 342 Praecipue
237 303 367 330 nostro
386 306 487 329 nunc
507 293 696 342 adspirate
715 294 855 341 labori,

29 357 153 403 Atque
172 366 314 390 novum
331 362 472 390 aeterno
491 354 687 402 praetexite
707 353 852 391 honore
872 354 1060 391 volumen.

80 415 176 450 Sunt
194 414 408 451 Pandioniis
426 413 561 450 vicinae
581 414 734 451 sedibus
753 414 886 462 urbes,

30 475 175 510 Actaeos
195 474 294 510 inter
312 474 415 510 collis
436 481 472 509 et
493 474 651 510 candida
670 474 806 511 Thesei

28 535 232 583 Purpureis
250 534 324 571 late
343 534 504 570 ridentia
521 535 632 570 litora
652 534 804 572 conchis
822 551 830 572 :

31 594 200 638 Quarum
219 606 296 630 non
315 594 382 630 ulli
399 595 497 630 fama
517 593 724 631 concedere
743 594 855 644 digna

31 654 112 690 Stat
127 656 299 703 Megara,
319 655 437 690 Actaei
457 654 647 703 quondam
666 655 810 691 munita
828 654 958 692 labore
1172 663 1218 687 105

30 713 223 759 Alcathoi,
242 713 468 763 Phoebique3
489 714 580 751 deus
600 727 762 763 namque
782 715 902 751 adfuit
922 715 975 752 illi
994 730 1001 750 :

30 772 141 808 Unde
160 773 290 819 etiam,
311 773 465 810 citharae
483 786 595 809 voces
612 773 778 809 imitatus
798 782 943 821 acutas,

32 835 139 882 Saepe
157 833 251 881 lapis
266 841 438 882 recrepat
458 832 626 880 Cyllenia
645 845 802 868 munera
820 834 968 881 pulsus,

31 894 77 928 Et
96 900 261 929 veterem
280 892 405 928 sonitu
425 891 557 928 Phoebi
574 899 732 927 testatur
750 892 946 928 honorem.

33 953 139 988 Hanc
157 951 310 996 urbem,
329 960 414 988 ante
435 952 526 987 alios
544 950 609 998 qui
632 959 711 985 tum
731 950 892 987 florebat
909 951 949 987 in
968 952 1097 997 armis,
1170 969 1215 985 ιω

32 1013 187 1047 Fecerat
206 1011 377 1047 infestam
396 1009 600 1059 populator
615 1008 755 1057 remige
776 1011 902 1045 Minos
922 1024 931 1044 :

34 1160 67 1178 ea
77 1171 85 1186 ,
99 1158 169 1189 quae
181 1148 332 1179 habemus
341 1171 349 1187 ,
365 1149 599 1190 interpretanda

33 1201 116 1224 sunt.

80 1240 124 1280 96
136 1262 144 1277 ,
169 1250 223 1280 97.
254 1240 391 1281 Vestigia
417 1242 599 1282 Virgilianae

33 1287 160 1316 Musae:
187 1286 254 1316 Ecl.
279 1288 343 1323 111,
367 1287 409 1316 63
432 1298 524 1316 suave
548 1298 599 1316 ru-

33 1332 110 1361 bens
139 1331 325 1370 hyacinthus
336 1343 349 1367 ;
377 1333 443 1362 Ecl.
474 1335 519 1369 II,
558 1334 599 1363 50

35 1377 150 1407 Mollia
174 1377 292 1408 luteola
313 1377 422 1419 pingit
445 1378 599 1407 ‘vaccinia

34 1422 153 1453 caltha.

85 1479 159 1499 102.
184 1469 294 1499 Litora
313 1469 454 1499 candida
470 1475 599 1510 propter

36 1525 172 1545 marmor
190 1515 378 1552 candidum3
407 1523 438 1545 et
461 1516 599 1544 ridentia

35 1560 177 1597 conchis,
212 1568 356 1591 accurate
384 1561 422 1590 ad
455 1568 599 1590 naturam

34 1607 100 1636 loci
117 1617 124 1637 :
149 1617 238 1644 nam,
265 1607 353 1647 quod
380 1607 513 1648 Scaliger
535 1608 598 1645 jam

35 1653 161 1682 monuit
173 1663 214 1681 ex
230 1654 381 1682 Pausania
391 1675 399 1689 ,
413 1652 469 1682 lib.
486 1655 516 1690 I,
538 1659 596 1690 44,

35 1704 122 1728 totus
133 1697 186 1726 ille
201 1704 319 1727 tractus
332 1700 396 1738 agri
408 1700 599 1738 Megarensis

35 1743 140 1783 lapide
166 1743 312 1773 conchite
341 1743 481 1772 abundat
491 1766 499 1780 ‚
527 1754 599 1773 can·-

36 1788 113 1819 djdo
131 1788 301 1819 admodum
318 1789 438 1824 colore,
459 1789 511 1818 cui
530 1789 600 1829 plu-

36 1835 124 1865 rimae
134 1836 244 1864 insunt
258 1835 386 1864 conchae
401 1836 538 1864 marinae.

86 1881 151 1911 105
160 1891 227 1921 sqq.
242 1881 359 1911 Fabula
370 1881 602 1920 Megarensium

37 1925 208 1956 domestica
231 1937 238 1956 :
266 1938 297 1956 v.
324 1929 455 1957 Pausan.
484 1926 540 1956 lib.
566 1927 581 1955 I
592 1948 600 1962 ‚

40 1977 83 2007 4²
95 1983 157 2012 pr„
170 1982 264 2013 quam
278 1972 340 2010 jam
355 1972 513 2012 Theognis
531 1972 601 2001 atti-

39 2018 86 2057 git
105 2027 136 2047 ν.
154 2028 230 2055 771,
247 2029 323 2056 77²·
342 2017 528 2053 Alcathous,
545 2019 601 2047 Pe-

39 2061 122 2102 lopis
137 2061 234 2101 filius,
241 2065 414 2104 Megaram,
426 2073 481 2092 sen
497 2063 602 2091 verius

39 2108 218 2146 acropolin,
227 2110 359 2140 Nisaeam
367 2131 376 2146 ,
387 2109 484 2138 muris
491 2109 603 2137 cinxis·

40 2163 73 2182 se
85 2152 259 2192 ferebatur,
275 2155 395 2185 Phoebo
411 2164 505 2194 opere
527 2164 602 2183 con-

651 1156 735 1181 sorte
749 1159 757 1180 :
773 1149 859 1180 unde
873 1161 929 1181 seu
942 1160 1052 1180 saxum
1069 1149 1197 1191 aliquod
1207 1173 1214 1179 .

653 1197 706 1226 cui
726 1196 837 1226 Phoebi
859 1197 977 1225 cithara
999 1197 1100 1226 fuerat
1116 1198 1216 1236 impo-

652 1243 724 1278 sita,
745 1252 799 1271 scu
818 1243 912 1272 turris
927 1249 991 1271 erat
1001 1263 1009 1277 ,
1026 1252 1096 1281 quae
1108 1242 1215 1281 lapillo

652 1297 814 1327 percussa,
834 1289 868 1316 in
892 1287 1017 1316 citharae
1042 1293 1130 1316 tactae
1150 1297 1217 1316 mo-

653 1344 738 1369 rem,
755 1332 931 1362 resonabat.
956 1332 1130 1362 Alcathous
1152 1334 1215 1361 Ac-

653 1385 730 1407 taeus
741 1378 773 1407 h.
798 1379 832 1415 1.,
855 1385 1008 1418 quatenus
1025 1379 1215 1419 Megarensis

653 1434 725 1464 ager
738 1425 852 1453 Atticae
868 1434 939 1463 pars
953 1423 1062 1453 haberi
1077 1430 1215 1464 poterat,

653 1476 684 1498 et
705 1470 780 1498 olim
804 1471 838 1498 in
856 1469 1098 1499 Atheniensium
1122 1469 1215 1499 ditio-

653 1525 692 1544 ne
707 1515 801 1544 fuisse
818 1515 1014 1545 credebatur.
1028 1515 1068 1545 cf.
1084 1517 1213 1545 Pansan.

652 1562 685 1598 1,
705 1562 764 1600 39,
781 1571 812 1600 p.
835 1567 896 1600 94,
916 1560 938 1590 f.
962 1561 1017 1600 95.
1040 1562 1121 1591 Nam
1139 1560 1215 1590 alio-

652 1607 708 1647 qui
721 1617 737 1636 e
749 1607 967 1646 Peloponneso
980 1606 1149 1637 advenerat
1161 1606 1216 1636 Al-

652 1652 799 1688 cathous‚
813 1653 937 1692 Pelopis
950 1653 1068 1693 quippe
1081 1652 1177 1682 filius.

702 1699 777 1728 108.
791 1698 937 1736 Cyllenia
950 1708 1098 1734 munem,
1113 1698 1215 1737 lyram

653 1754 671 1773 a
696 1743 756 1773 deo
778 1743 941 1782 Cyllenio,
963 1744 1142 1779 Mercurio,
1165 1744 1215 1772 in-

652 1795 787 1818 ventam.
805 1789 898 1828 Lapis
919 1789 1017 1828 igitur
1041 1789 1167 1828 pulsus,
1190 1790 1217 1817 si

653 1844 818 1874 percussus
827 1833 923 1863 fuerit
931 1855 940 1870 ,
952 1841 1094 1874 rect-epac
1104 1835 1217 1875 lyram,

653 1880 686 1910 h.
701 1891 727 1910 e.
741 1886 879 1915 resonat,
893 1880 1034 1909 imitatur
1045 1890 1159 1910 sonum
1171 1881 1218 1920 ly-

654 1936 707 1956 rae.
731 1928 873 1955 Veterem
901 1924 1012 1954 Pha-bi
1036 1925 1184 1955 honorem
1206 1937 1217 1954 :

655 1971 780 2001 videtur
811 1971 872 2001 hoc
900 1970 1010 2000 eodem
1035 1981 1130 2000 sensu
1152 1971 1216 2000 dic-

654 2023 740 2053 tum,
757 2027 816 2057 pro
834 2027 980 2054 munere,
1002 2017 1152 2054 invento,
1174 2017 1219 2047 A·

653 2063 797 2102 pollinis,
827 2062 961 2098 cithara,
989 2063 1077 2099 cnjus
1102 2072 1218 2092 sonum

654 2118 765 2137 saxum
795 2107 904 2144 refert,
932 2106 1071 2147 adeoque
1100 2117 1218 2138 memo-

654 2154 731 2183 riam
745 2154 824 2194 lyrae
840 2154 868 2183 ei
883 2153 1038 2194 impositae
1051 2159 1162 2184 servat.
