1414 2435
581 111 703 144 nam
727 112 768 143 x.
1238 128 1275 154 77

86 170 208 217 Quid,
227 182 376 208 soceros
392 169 536 219 legere,
558 178 594 206 et
613 171 763 219 gremiis
781 169 969 209 abducere
990 176 1142 223 pactas?

85 233 218 267 Pacem
235 243 344 267 orare
362 242 496 274 manu,
516 229 711 279 praefigere
731 230 924 280 puppibus
944 235 1073 269 arma?
1250 244 1282 265 δυ

85 292 143 326 Tu
161 299 268 340 potes
285 292 427 326 AEnean
446 288 620 326 manibus
637 288 850 326 subducere
871 291 1047 338 Graium,

85 351 234 398 Proque
252 350 337 386 viro
355 349 551 395 nebulam,
572 359 609 386 et
623 358 756 387 ventos
776 349 982 388 obtendere
1003 352 1149 399 inanes,

85 411 133 446 Et
152 418 259 459 potes
278 410 318 446 in
338 409 496 446 totidem
513 410 668 447 classem
688 420 910 447 convertere
930 412 1124 462 Nymphas
1141 428 1150 450 z

86 470 164 504 Nos
185 467 328 518 aliquid
347 469 508 506 Rutulos
528 478 660 506 contra
673 469 816 519 juvisse
835 470 1039 508 nefandum
1057 474 1135 509 est?

87 530 222 565 AEneas
241 529 394 578 ignarus
414 527 539 574 abest3
557 529 710 578 ignarus
730 537 767 565 et
783 528 892 566 absit.
1251 543 1282 566 35

87 589 152 624 Est
169 587 337 636 Paphus,
355 587 591 637 Idaliumque
611 588 699 634 tibi,
718 597 803 625 sunt
823 589 896 625 alta
913 589 1079 639 Cythera
1095 604 1104 625 :

89 647 192 692 Quid
211 647 406 696 gravidam
421 647 529 684 bellis
549 647 701 694 urbem,
722 658 758 684 et
775 648 890 684 corda
910 662 1043 697 aspera
1061 653 1204 687 tentas?

87 710 215 744 Nosne
235 706 306 744 tibi
323 706 444 744 fluxas
461 707 634 756 Phrygiae
653 720 712 744 res
730 715 878 744 vertere
897 707 1014 743 fundo

86 837 163 867 belli
179 848 267 867 more
289 844 446 878 poterant.
461 855 509 861 —
525 849 578 878 79.
599 840 657 868 Le-

84 893 176 924 gere,
195 883 326 923 eligere,
340 894 474 914 sumere.
490 886 658 924 Perperam

88 939 162 959 cum
184 930 295 960 Servio
320 930 373 959 alii
408 929 524 967 furari,
553 930 658 960 suble-

87 986 160 1015 gere
183 982 363 1015 exponunt.
386 975 520 1005 Gremiis
537 986 660 1009 socero-

88 1032 176 1058 rum,
191 1021 331 1061 adeoque
344 1028 512 1061 parentum
527 1029 659 1061 :pactas

89 1067 172 1103 aliis3
189 1078 233 1097 sc.
249 1068 422 1097 Laviniam.
436 1069 537 1097 Decet
552 1078 660 1097 nume-

89 1113 117 1141 ri
141 1113 278 1154 enallage
302 1114 397 1150 iram,
417 1120 449 1143 et
471 1113 567 1144 habet
584 1114 659 1143 vim.

89 1176 135 1180 —
147 1159 201 1188 80.
226 1161 301 1189 Non
316 1159 446 1195 eadem,
465 1159 520 1189 sed
538 1159 660 1188 diversa

89 1211 136 1233 est
153 1205 318 1234 sententia.
332 1204 386 1234 Ad
404 1206 505 1235 minas
524 1215 539 1234 a
553 1205 660 1243 Troja-

90 1251 139 1279 nis
160 1250 272 1286 factas,
293 1249 438 1280 obtinere
455 1261 488 1280 se
504 1261 595 1291 posse
611 1251 658 1286 vi,

91 1295 179 1336 quod
197 1295 346 1336 precihus
363 1307 430 1326 non
449 1296 659 1332 concedatur,

90 1348 210 1381 spectat
225 1342 360 1371 alterum
381 1352 388 1372 :
402 1342 571 1384 praefigere
580 1352 662 1381 pup-

85 1387 180 1427 pibus
202 1398 305 1417 arma.
326 1388 426 1427 Igitur
449 1387 488 1416 ad
511 1386 663 1416 invidiam

91 1433 230 1463 deflectit
247 1432 328 1463 illud
345 1432 433 1473 quod
447 1443 540 1473 supra
555 1443 661 1462 narra-

91 1487 160 1509 tum
178 1481 273 1517 VIII,
295 1489 338 1519 92
351 1501 360 1516 ,
387 1480 422 1508 in
445 1479 540 1508 simili
555 1481 662 1508 AEneae

90 1525 201 1556 Tiberi
219 1525 351 1555 adverso
370 1525 588 1565 navigatione:
602 1523 662 1554 Ml-

91 1578 183 1601 racur
200 1581 312 1600 nemus
332 1570 664 1612 insuetumfitlgencia

92 1617 188 1657 longe
202 1619 298 1647 Scuta
312 1617 428 1647 virum.

141 1664 195 1693 81.
211 1665 257 1692 Tu
268 1657 378 1702 pote-53
392 1663 431 1692 ad
445 1661 535 1692 Iliad.
551 1672 582 1699 ε,
598 1662 664 1692 315

91 1719 160 1750 sqq.
178 1711 274 1738 AEuea
288 1707 436 1738 Diomedi
451 1715 559 1748 erepto
575 1719 664 1748 spec-

94 1762 139 1784 tat
154 1764 162 1785 :
179 1755 312 1784 alterum
328 1765 358 1784 v.
374 1754 415 1783 82
430 1755 549 1783 Veneri
563 1755 665 1794 impu-

93 1807 191 1837 tatur,
214 1799 302 1840 qnod
326 1810 343 1829 a
367 1801 516 1839 Neptuno
540 1801 576 1828 in
598 1800 664 1837 ejus

93 1848 223 1888 gratiam
239 1847 355 1876 factum
365 1845 454 1875 Iliad.
468 1855 484 1874 υ
494 1867 502 1882 ,
519 1845 559 1874 32
569 1854 581 1874 1
595 1855 662 1884 sqq.

93 1895 142 1923 De
161 1894 202 1923 83
221 1899 343 1922 constat
358 1892 451 1922 nobis
465 1901 535 1931 sup.
551 1901 591 1920 ex
605 1890 663 1921 lib.

95 1940 138 1977 V,
154 1939 231 1979 809.
245 1955 292 1961 -
307 1939 361 1967 82.
378 1937 497 1967 Vetitos
511 1947 540 1967 ο.
555 1946 665 1966 manes

95 1987 178 2016 Ven.
194 1984 360 2015 ostendere
378 1983 519 2014 Parthas.
528 1990 666 2023 proetetz-

94 2031 170 2061 dere
197 2031 321 2061 Zulich.
351 2031 453 2071 Bigot.
476 2035 507 2059 et
530 2028 664 2060 Oudart.

95 2087 156 2116 pro
174 2088 239 2108 var.
257 2077 330 2107 lect.
349 2075 541 2116 protendere
565 2074 663 2105 Goth.

96 2133 157 2154 sec.
174 2124 306 2153 Dictum
328 2129 434 2152 antem
446 2132 507 2162 pro
523 2121 596 2150 viro
613 2120 664 2150 ob-

96 2169 244 2205 tendere,
271 2179 339 2199 non
365 2179 425 2210 pro
450 2168 573 2208 vulgari
590 2166 664 2196 viro

98 2224 172 2246 casu
190 2215 282 2246 tertio
293 2237 301 2253 ‚
319 2215 373 2245 sed
401 2213 564 2245 subintell.
589 2213 663 2243 alte-

709 839 756 875 ri,
773 837 908 875 Achilli,
921 849 981 879 pro
1000 838 1094 875 viro,
1111 841 1225 876 AEuea,
1243 842 1282 870 ad

709 884 797 913 hunc
814 885 981 915 tuendum.
996 903 1042 907 —
1055 887 1182 925 Proque
1196 897 1257 917 eo..

710 938 828 960 ventos
847 930 977 965 inanes,
998 941 1126 967 auram,
1136 929 1172 963 ἦε
1161 930 1225 973 ἐρα.
1237 950 1282 955 —-

714 977 767 1006 83.
790 975 879 1005 Poris
903 977 1114 1016 Cuningham.
1134 978 1243 1007 intulit
1266 990 1282 1007 e

713 1022 812 1062 Regio
837 1029 868 1051 et
885 1022 1004 1052 Medic.
1028 1024 1056 1052 T
1054 1033 1072 1051 ιι
1090 1030 1182 1062 potes
1203 1035 1235 1053 1n
1258 1031 1279 1054 t.

713 1068 827 1097 iterum
855 1068 982 1097 volebat
1005 1068 1199 1105 Markland„
1227 1070 1282 1099 sed

713 1120 797 1143 recte
810 1121 918 1143 monet
934 1115 1055 1151 Burm.‚
1071 1116 1129 1144 etsi
1142 1116 1177 1144 in
1190 1126 1222 1144 se
1238 1116 1285 1155 ip-

713 1170 783 1189 sum
794 1160 846 1197 jus
858 1166 987 1196 statuat,
1002 1170 1069 1189 non
1079 1160 1198 1200 ubique
1208 1162 1285 1198 ejus—

714 1204 803 1234 modi
829 1205 995 1246 elegantias
1019 1212 1051 1234 et
1074 1205 1222 1235 adversus
1246 1206 1283 1235 li-

713 1250 788 1280 bros
817 1261 883 1279 esse
909 1251 1094 1291 sequendas.
1113 1268 1160 1274 -
1182 1253 1284 1280 Etiam

713 1296 775 1325 hoc
787 1306 844 1335 per
859 1296 951 1326 aliam
963 1296 1053 1326 deam
1067 1297 1184 1325 factum
1200 1303 1265 1326 erat
1276 1319 1284 1332 ‚

715 1341 771 1371 sed
793 1342 828 1370 in
852 1343 986 1371 Veneris
1005 1342 1136 1381 gratiam
1163 1352 1170 1372 :
1190 1352 1285 1382 snpra

717 1388 764 1417 lx
775 1408 783 1423 ,
802 1387 844 1416 82
854 1409 863 1424 ,
878 1389 954 1427 Ipsa
970 1387 1064 1416 deum
1070 1386 1179 1428 fertur
1188 1398 1286 1429 gene-

717 1440 784 1462 crtx
802 1439 863 1463 etc.

763 1478 822 1515 86,
842 1479 895 1517 87.
910 1480 958 1515 Si,
973 1479 1063 1520 quod
1078 1480 1144 1520 ipsa
1161 1478 1285 1517 dixisti,

715 1523 776 1553 tibi
789 1531 835 1554 est
850 1524 973 1564 Paphos
986 1536 1051 1566 quo
1069 1535 1144 1555 eum
1159 1524 1286 1554 incolu-

715 1580 799 1600 mem
820 1570 981 1600 abducere
999 1572 1115 1611 possis,
1132 1570 1212 1610 quid
1234 1580 1284 1599 ur-

715 1615 785 1645 bem
809 1617 927 1653 Latini,
951 1616 1092 1657 adeoque
1109 1617 1214 1656 ipsum
1229 1618 1285 1646 La-

717 1662 813 1699 tium,
824 1661 909 1692 bello
922 1663 1011 1693 illato
1020 1662 1191 1693 sollicitas?
1206 1663 1288 1691 Gen-

717 1714 781 1738 tem
797 1708 994 1746 bellicosam,
1011 1708 1180 1750 grandnm
1198 1707 1288 1736 bellis

717 1754 784 1783 scil.
810 1763 882 1793 quae
906 1755 960 1784 illa
975 1755 1071 1794 gerit3
1090 1752 1189 1782 multa
1205 1752 1286 1781 bella

716 1806 892 1839 gerentem3
907 1801 952 1829 sic
964 1799 1133 1840 gravidam
1149 1797 1289 1837 imperiis

717 1845 837 1874 Italiam
853 1845 977 1874 dixerat
989 1846 1047 1881 IV,
1066 1853 1131 1883 229
1143 1865 1151 1879 ,
1174 1845 1209 1873 in
1225 1853 1287 1883 qna

717 1900 864 1931 magnum
877 1891 1017 1919 futurum
1031 1897 1097 1919 erat
1104 1889 1286 1929 imperium.

718 1935 858 1966 Idalium
868 1948 880 1972 ;
897 1947 927 1966 v.
943 1946 1014 1976 sup.
1033 1936 1050 1965 5
1060 1946 1087 1972 1,
1101 1934 1179 1965 etad
1193 1935 1249 1965 lib.
1259 1935 1285 1971 J,

720 1983 761 2011 68
771 1993 782 2011 1
790 2004 798 2012 .

765 2028 819 2058 88.
837 2028 974 2068 Insurgit
991 2027 1108 2063 oratio,
1128 2033 1159 2056 et
1177 2025 1286 2062 acerbe

716 2075 750 2104 in
779 2075 879 2114 ipsam
908 2075 1065 2103 Venerem
1091 2072 1253 2102 invehitur
1279 2081 1288 2101 :

717 2130 783 2150 non
801 2130 850 2157 se,
868 2119 923 2149 sed
938 2120 1039 2160 ipsam
1052 2121 1211 2149 Venerem
1223 2127 1286 2147 ma-

715 2166 821 2196 lornm
835 2175 906 2206 quae
921 2166 1050 2204 Troiani
1065 2165 1287 2205 experiuntur,

718 2222 782 2242 esse
797 2222 935 2243 caussam
947 2234 956 2247 ‚
972 2211 1091 2242 Paridis
1105 2210 1260 2240 adulterio
1278 2217 1284 2237 :

1147 2273 1162 2286 1ν

1122 2287 1140 2318 7
