1414 2435
581 34 705 64 LIBER
730 35 787 64 IX.
1245 42 1282 69 27

90 90 272 136 Gnosius,
293 99 405 139 atque
424 89 589 126 habilem
603 90 741 140 vagina
759 98 906 140 aptarat
922 89 1087 135 cburna;
1237 97 1283 120 305

89 152 165 186 Dat
183 150 275 187 Niso
294 149 515 185 Mnestheus
535 149 671 198 pellem
689 149 956 199 horrentisque
977 149 1095 186 leonis

88 208 253 245 Exuvias
264 223 274 254 ;
295 207 437 257 galeam
458 207 553 244 fidus
571 217 762 256 permutat
780 209 919 245 Aletes.

87 270 271 304 Protenus
287 267 421 304 armati
440 267 635 313 incedunt3
654 279 749 316 quos
766 266 887 304 omnis
903 267 1025 302 euntis

85 327 298 364 Primorum
317 340 450 364 manus
470 328 518 363 ad
536 337 663 376 portas
676 328 937 376 juvenumque
955 339 1161 377 senumque

84 386 331 436 Prosequitur
349 387 447 423 votis
464 402 471 422 :
492 400 562 422 nec
579 399 656 422 non
672 396 709 424 et
727 386 886 436 pulcher
901 387 1025 431 Iulus,

83 451 182 485 Ante
197 460 313 484 annos
335 447 578 496 animumque
597 460 730 496 gerens
751 460 956 496 curamque
972 446 1140 493 virilem,

83 508 205 544 Multa
222 506 322 557 patri
337 506 524 557 portanda
542 506 657 544 dabat
675 507 850 543 mandata
866 521 874 542 ε
891 506 957 544 sed
975 519 1076 544 aurae

85 567 225 603 Omnia
245 566 481 616 discerpunt,
499 575 536 603 et
554 565 722 603 nubibus
738 566 852 603 inrita
868 566 1021 603 donant.

135 627 286 677 Egressi
305 635 485 677 superant
500 627 633 672 fossas,
650 626 848 676 noctisque
867 639 936 675 per
952 625 1128 662 umbram

84 691 218 726 Castra
235 687 388 723 inimica
408 696 558 736 petunt,
575 687 702 723 multis
722 695 848 723 tamen
865 695 951 723 ante
972 686 1092 723 futuri
1237 695 1283 718 315

82 747 210 785 Exitio
230 762 238 784 z
256 747 395 796 passim
410 759 542 784 somno
561 747 729 797 vinoque
749 760 818 797 per
836 746 997 784 herbam

81 810 255 858 Corpora
271 808 353 845 fusa
372 807 520 854 vident3
542 807 714 845 adrectos
731 808 842 845 litore
863 821 1016 854 currus3

83 871 189 905 Inter
207 868 289 904 lora
309 877 488 918 rotasque
507 868 631 914 viros,
654 868 765 906 simul
785 881 908 913 arma,
924 868 1051 918 jacere
1063 897 1072 913 ‚

82 927 180 963 Vina
196 927 306 964 simul
327 942 335 963 x
356 927 463 976 prior
484 927 709 977 Hyrtacides
727 928 780 965 sic
799 941 866 965 ore
883 928 1032 964 locutus
1049 941 1057 962 :

83 1003 99 1018 «
117 987 300 1036 Euryale,
323 987 542 1023 audendum
561 987 713 1034 dextra3
733 1001 834 1025 nunc
850 988 932 1038 ipsa
950 994 1062 1024 vocat
1079 999 1149 1023 res.
1234 994 1281 1018 32⁴·

83 1048 166 1082 Hac
185 1045 258 1082 iter
275 1054 331 1082 est
352 1060 359 1081 z
378 1054 437 1091 tu,
457 1059 505 1082 ne
523 1059 599 1095 qua
617 1059 750 1083 manus
770 1060 809 1082 se
829 1047 1011 1081 adtollere
1030 1044 1140 1080 nobis

82 1108 116 1141 A
136 1113 242 1154 tergo
260 1105 398 1154 possit,
418 1105 588 1151 custodi,
609 1113 647 1142 et
664 1105 818 1143 consule
835 1105 958 1154 longe.

79 1258 142 1289 hoc
175 1269 286 1288 arcum
317 1265 349 1288 et
375 1259 520 1299 sagittas3
549 1270 655 1289 ensem

80 1305 244 1335 Creticum
265 1314 333 1334 non
354 1305 499 1342 memini²
511 1322 558 1327 —
576 1306 653 1336 305.

81 1352 113 1378 V
111 1350 221 1392 agz'nae
234 1361 265 1380 a.
277 1350 404 1380 eburna?
419 1350 539 1390 aliquot
552 1361 656 1380 exem-

79 1396 178 1436 plaria
202 1395 287 1437 apud
309 1396 455 1426 Macrob.
473 1398 504 1425 V
520 1398 582 1427 Sat.
600 1408 620 1437 9
637 1407 654 1427 e

79 1442 204 1483 vulgari
227 1453 299 1473 usu.
319 1460 366 1465 —-
385 1442 515 1484 Vagina
534 1443 653 1472 eburna

78 1490 113 1519 in
138 1488 253 1529 Odyss.
277 1488 313 1525 θ,
341 1494 407 1524 404
431 1495 477 1518 est
501 1490 536 1518 in
557 1490 653 1519 simili

77 1545 221 1566 munere.
231 1552 276 1558 ·-
289 1535 367 1566 308.
378 1535 425 1566 Cf.
437 1535 525 1565 Iliad.
539 1546 568 1573 κ,
586 1546 650 1574 27²

76 1592 123 1622 sq.
143 1583 297 1621 primores
320 1583 514 1612 comitantur
533 1583 651 1613 abeun-

79 1634 134 1657 tes.
145 1645 192 1651 —-
209 1629 285 1659 313.
300 1627 463 1664 Nubibus;
480 1628 556 1659 dant
574 1640 651 1659 ven-

79 1674 117 1703 tis
127 1696 136 1711 ‚
157 1674 239 1703 auris
251 1696 259 1710 ‚
278 1681 316 1704 ut
331 1675 434 1705 toties.

125 1721 203 1757 314.
219 1721 266 1751 Cf.
285 1719 374 1750 Iliad.
391 1730 430 1756 κ,
450 1720 515 1759 469
535 1730 652 1760 sqq.—

76 1767 203 1798 —315.
224 1766 376 1807 Arlefitt.
393 1762 479 1795 Leid.
496 1767 652 1797 Potuisset

77 1812 193 1854 refingi
204 1823 212 1844 ε
227 1813 334 1842 multis
336 1812 408 1852 jam
410 1811 546 1852 jamque
546 1811 654 1851 futuri

77 1859 200 1889 Exitio.
211 1860 329 1889 Futura
340 1857 437 1888 Goth.
451 1864 522 1887 tert.
531 1875 578 1880 ——-
588 1859 649 1887 Im-

76 1905 216 1946 peditam
230 1906 418 1935 sententiam
431 1904 504 1933 facit
519 1915 584 1934 vox
593 1914 649 1933 an-

77 1958 117 1982 te.
140 1953 190 1982 Ex
205 1951 342 1982 sollenni
361 1951 483 1981 ratione
496 1951 649 1980 sermom‘s

77 2007 142 2028 esse
169 1997 333 2028 debebat:
357 2004 523 2037 antequam
550 2003 649 2026 castra

77 2051 209 2083 petunt,
225 2044 466 2085 ingrediuntur3
486 2045 573 2084 atqui
588 2043 648 2073 hoc

76 2099 95 2118 a
119 2100 154 2120 re
176 2091 324 2122 alienum.
350 2090 499 2120 Alterum
521 2091 648 2121 Servius

74 2134 182 2176 offert,
200 2139 258 2167 etsi
270 2136 380 2167 durius
389 2159 397 2175 ,
413 2143 449 2167 ut
462 2143 540 2167 ante
553 2137 648 2177 respi-

709 1260 771 1289 ciat
795 1259 945 1295 inimica,
968 1261 1002 1288 in
1025 1269 1090 1298 quo
1103 1260 1151 1288 vis
1171 1258 1279 1295 lateat,

707 1306 884 1346 perniciosa
916 1306 1008 1345 ipsis,
1033 1303 1118 1334 unde
1148 1303 1282 1333 redituri

708 1362 774 1381 non
788 1358 892 1387 erant;
903 1352 1001 1392 igitur
1013 1358 1089 1379 ante
1099 1349 1204 1390 quoad
1217 1359 1283 1379 sen-

708 1398 838 1427 tentiam
854 1408 894 1427 ex
908 1408 943 1426 ea
958 1407 1034 1426 voce
1047 1395 1280 1436 supplendum:

707 1451 883 1484 antequam
905 1443 967 1483 ipsi
985 1443 1136 1483 perirent.
1154 1445 1282 1472 Praestat

707 1491 757 1520 vel
787 1491 831 1520 sic
856 1491 985 1520 tertium
1014 1499 1022 1519 ζ
1045 1495 1212 1528 antequam
1241 1487 1281 1517 ad

705 1538 835 1566 AEneam
854 1536 1022 1566 tenderent
1033 1559 1041 1573 ‚
1057 1545 1112 1564 seu
1132 1535 1279 1574 perveni-

706 1590 786 1613 rent.
797 1601 845 1605 —-
856 1584 872 1612 3
882 1593 894 1612 1
903 1593 933 1620 7.
945 1583 1094 1612 Arrectos
1105 1591 1211 1610 curms
1221 1580 1232 1621 (
1243 1586 1280 1609 ut

705 1629 762 1660 inf.
780 1629 846 1664 465
863 1636 996 1658 arrectae
1012 1626 1132 1667 hascoe)
1154 1627 1278 1658 sublato

706 1676 740 1705 in
769 1676 867 1705 altum
888 1677 988 1716 jugo,
1015 1681 1046 1704 et
1074 1674 1219 1712 depressa
1244 1672 1279 1700 in

705 1728 818 1750 terram
838 1729 926 1762 parte
951 1731 1063 1750 currus
1079 1726 1218 1748 extrema
1229 1741 1236 1754 ‚
1251 1717 1279 1746 si

705 1767 789 1796 binis
817 1769 894 1797 rotis
926 1768 1117 1796 instructum
1146 1774 1275 1793 currum

704 1814 832 1851 cogites.
856 1810 966 1840 Erecti
980 1819 1091 1838 currus
1114 1809 1199 1850 apud
1214 1812 1277 1841 Sta-

703 1860 783 1888 tium
792 1863 970 1886 occurruut
980 1878 988 1892 ,
999 1855 1188 1886 observante
1201 1858 1276 1886 Rur-

701 1913 829 1934 manno.
857 1903 937 1932 Mox
963 1902 1064 1938 vina,
1094 1912 1166 1931 vasa
1188 1903 1275 1939 vini,

702 1958 739 1980 ut
751 1949 832 1979 hene
851 1951 938 1980 Serv.

751 1997 828 2026 321.
856 1995 966 2025 Anteit
991 1995 1111 2025 Nisus:
1135 1994 1274 2035 Euryalo

702 2043 849 2079 mandat,
867 2048 903 2070 ut
925 2048 1073 2082 sequatur
1095 2048 1125 2070 et
1150 2051 1166 2070 a
1186 2048 1273 2082 tergo

701 2090 808 2119 omnia
836 2094 902 2117 tuta
932 2094 1059 2128 praestet
1087 2097 1095 2117 z
1126 2087 1273 2118 consule.

700 2136 866 2178 prospice,
886 2133 1029 2175 provide.
1054 2145 1083 2163 v.
1100 2134 1273 2164 Burmann.
