1414 2435
156 72 220 102 17⁰

656 57 851 89 AENEIDOS

157 119 286 163 Sidus,
304 124 342 153 et
361 114 540 152 Euboicae
559 121 704 160 cautes,
723 115 902 163 ultorque
922 115 1152 165 Caphereus.
1303 127 1350 151 ,σο

157 177 293 215 Militia
310 188 358 212 ex
376 174 439 211 illa
456 174 649 211 diversum
668 174 716 211 ad
734 173 823 211 litus
841 173 984 219 adacti,

157 236 306 274 Atrides
325 234 453 271 Protei
471 235 666 271 Menelaus
684 233 731 270 ad
752 246 871 282 usque
891 234 1084 271 columnas

156 296 330 342 Exsulat3
350 297 515 331 AEtnaeos
533 293 628 330 vidit
648 293 833 343 Cyclopas
852 293 995 330 Ulixes.

156 434 213 457 rat.
244 425 345 456 Cerda
371 424 410 454 de
438 424 504 454 face
527 434 544 452 a
567 423 726 463 Nauplio,

154 471 326 503 Palamedis
358 477 446 511 patre
459 492 468 508 ‚
509 471 545 499 in
584 469 728 499 fraudem

156 519 341 548 Graecorum
374 517 454 546 elata
491 516 606 555 accipit
643 515 729 544 sidus

154 564 304 594 Minervae
317 574 328 593 :
349 573 416 592 non
434 562 533 602 magis
549 561 726 592 commode.

156 610 222 641 Alii
239 610 340 639 aliter.
350 607 448 649 Quod
462 608 729 648 simplicissimum

155 663 218 692 est,
231 656 294 685 hoc
313 654 501 685 tenebimus.
516 656 729 694 Tempestates

155 709 239 731 ortas
253 712 310 742 per
326 700 464 730 siderum
484 705 574 728 ortus
590 707 621 729 et
639 710 729 729 occa-

154 758 206 777 sus
228 746 404 781 declarare,
432 752 604 786 perpetuus
625 752 730 786 poeta-

156 803 229 823 rum
250 803 326 822 usus
350 799 406 822 est.
435 793 635 831 Tempestas,
667 802 730 832 qua

156 839 354 870 Achivorum
384 837 489 866 classis
511 836 640 875 disjecta
665 844 729 875 est,

155 886 312 915 Minervae
327 885 374 913 ira
394 882 501 924 (conf.
515 893 586 923 sup.
603 882 661 913 lib.
677 884 707 912 11
719 905 727 920 ‚

161 931 222 961 163
248 928 318 970 sq.)
340 929 401 959 fuit
423 929 591 958 concitata.
615 939 645 959 v,
666 929 727 960 Od.

156 987 196 1013 α,
214 977 298 1013 326,
317 976 400 1013 327;
416 975 562 1015 inprimis
576 985 597 1018 γ
609 996 617 1012 ,
643 976 726 1012 134,

159 1023 223 1053 135
237 1033 283 1062 sq.
301 1021 386 1052 conf.
400 1031 471 1061 sup.
487 1023 558 1051 AEn.
575 1022 609 1058 Ι,
626 1021 668 1061 39
681 1032 728 1062 sq.

154 1071 272 1100 Seneca
288 1069 401 1108 Agam.
427 1067 491 1096 528
514 1077 560 1107 sq.
583 1084 629 1090 -
650 1068 727 1098 260.

152 1114 242 1145 Nihil
266 1115 366 1154 igitur
387 1113 485 1153 magis
504 1113 538 1141 in
554 1120 727 1154 promptu,

154 1171 248 1201 quam
288 1165 507 1200 tempestatem
534 1169 552 1187 a
582 1161 729 1189 Minerva

155 1213 346 1236 commotam
377 1204 465 1234 sidus
494 1203 648 1234 Illinetvae
676 1216 728 1246 ap-

153 1252 269 1292 pellare
281 1274 290 1289 ,
315 1251 406 1281 nullo
428 1257 576 1291 respectu
595 1251 656 1281 alio
671 1251 727 1281 ha-

153 1298 232 1328 hito.
249 1300 329 1329 Sane
344 1296 471 1338 quidem
486 1296 612 1328 Solinus
635 1307 662 1328 c.
688 1308 700 1327 1
713 1309 724 1327 1

156 1343 336 1384 Caphereus
356 1342 522 1383 prominet
547 1343 579 1373 in
607 1343 730 1373 Helles-

148 1397 303 1429 pontum,
330 1388 382 1418 ubi
401 1396 476 1429 post
491 1389 548 1419 Ilii
568 1389 728 1420 eaecidium

154 1435 308 1478 Argivum
336 1435 470 1464 classem
497 1436 556 1465 vel
581 1435 729 1466 Minenw

153 1481 217 1518 ira,
235 1481 306 1517 vel,
323 1481 412 1521 quod
422 1480 538 1511 certior
544 1481 655 1522 prodit
667 1493 730 1511 me-

152 1527 266 1563 moria,
280 1527 366 1556 sidus
376 1527 507 1556 Arcturi
517 1527 667 1567 gravibus
680 1526 729 1567 af

143 1572 228 1613 jecit
238 1572 371 1602 casibus.
387 1571 447 1601 Sed
459 1571 520 1601 snb
535 1573 667 1601 Arcturi
681 1582 730 1601 or-

151 1625 219 1648 tum
245 1628 311 1647 non
337 1617 432 1646 dilata
458 1623 504 1644 est
528 1617 728 1645 Achivorum

151 1665 332 1704 navigatio,
356 1663 475 1702 quippe
495 1667 599 1691 aestate
627 1661 728 1692 sacta:

151 1719 261 1740 verum
285 1708 344 1738 sub
362 1708 529 1737 etesiarum
545 1706 731 1747 aquilonum

154 1762 272 1785 ortum.
288 1754 440 1793 Ultorque
453 1752 645 1794 Caplaeerens;
659 1764 732 1794 pro-

152 1801 349 1831 montorium
365 1797 495 1829 Euboeae
510 1809 618 1829 versus
633 1801 733 1829 orien-

152 1855 215 1878 tem
229 1870 237 1885 ,
262 1845 276 1876 ὁ
302 1843 465 1888 Καφηρεὺς
484 1852 616 1886 propter
638 1845 733 1875 laten-

153 1895 194 1924 tia
218 1893 278 1923 sub
308 1892 395 1922 unda
423 1901 497 1922 saxa
519 1898 549 1921 et
575 1892 731 1929 vortices,

152 1941 309 1980 marisque
326 1945 438 1968 aestum
450 1960 458 1974 ‚
478 1938 623 1979 inprimis
639 1948 733 1978 prop-

155 1993 202 2015 ter
221 1985 383 2025 naufragia
410 1984 597 2014 Grtecorum
616 1994 634 2013 a
654 1986 733 2014 Tro-

154 2031 185 2069 ja
217 2030 420 2060 redeuntium
432 2053 440 2067 ‚
483 2031 609 2060 infame.
644 2029 735 2060 Ultor

155 2078 289 2106 omuino
313 2083 424 2113 ornat,
445 2083 593 2117 tanquam
608 2076 732 2106 calami-

157 2129 261 2153 tosum
278 2132 406 2157 saxum;
426 2123 486 2152 nisi
503 2121 592 2151 malis
607 2121 647 2152 ad
663 2122 734 2160 Aja-

158 2170 203 2199 cis
222 2168 423 2208 naufragium
442 2168 576 2204 referre,
593 2178 658 2209 quo
674 2169 734 2199 Mi-

780 433 878 454 nerva
893 433 965 453 eum
982 423 1048 453 ulta
1061 431 1117 454 est.
1138 427 1200 455 Res
1221 426 1288 466 ipsa
1304 437 1356 456 sce-

781 480 821 510 pe
836 479 853 498 a
867 470 970 509 poetis
984 470 1019 498 in
1031 472 1217 501 memoriam
1232 482 1358 502 revoca-

783 522 846 545 tur.
870 526 901 545 v.
924 517 1068 555 Propert.
1091 518 1149 552 IV,
1169 527 1205 554 1,
1226 523 1288 552 114
1308 529 1354 558 sq.

782 561 888 592 Multa
902 563 1060 602 congessit
1073 563 1213 603 Leunep.
1230 563 1269 592 ad
1281 563 1358 595 Plia-

781 607 839 637 lar.
855 608 956 647 Epist.
974 618 1006 647 p.
1023 613 1065 647 49
1082 618 1150 648 sqq.

831 653 909 684 261.
929 653 1050 683 Abacti
1061 653 1204 694 plerique
1218 654 1311 686 codd.
1327 662 1358 686 et

783 705 860 730 vett.
875 699 946 730 edd.
963 699 1058 739 idque
1082 706 1188 730 tuetur
1207 702 1288 731 Pier.
1305 701 1358 731 ab·

784 753 863 775 acus
885 745 1026 776 Part-has.
1048 747 1093 776 At
1115 746 1244 782 adacei,
1270 747 1358 787 quod

783 791 858 821 inde
874 792 913 821 ab
927 792 1001 822 Ald.
1016 803 1064 832 pr.
1081 792 1201 822 editum
1212 815 1220 829 ‚
1237 793 1356 824 Medic.

783 848 856 867 cum
884 838 952 866 aliis
983 839 1165 874 nonnullis,
1196 838 1283 868 vnde
1313 850 1358 869 re-

783 884 881 912 traxit
906 884 1032 920 Heius„
1065 894 1165 923 quum
1189 884 1223 913 in
1248 884 1356 925 vulgg.

783 928 854 959 edd.
872 929 1007 958 venisset
1023 928 1132 958 abacti
1145 940 1185 958 ex
1201 929 1249 960 ed.
1266 930 1358 961 Com-

782 975 890 1004 meliu.
920 975 1046 1005 Omisso
1073 975 1119 1004 ad
1142 976 1273 1006 Mentel.
1306 987 1356 1016 pr.

783 1021 937 1050 diversum
962 1021 1034 1050 litus
1053 1020 1182 1057 adacei,
1198 1021 1287 1061 quod
1305 1032 1356 1052 or-

782 1074 837 1096 nat
852 1068 961 1097 Heius.
976 1085 1022 1091 ——-
1037 1068 1114 1097 262.
1136 1069 1176 1096 Iu
1199 1068 1355 1108 sequenti-

782 1113 843 1142 bus
853 1112 919 1143 noli
929 1113 1024 1142 nimis
1034 1113 1194 1142 subtiliter
1201 1123 1355 1154 quaerere,

781 1158 868 1188 unde
898 1158 1068 1188 Diomedes
1098 1160 1134 1188 in
1164 1158 1241 1188 litus
1269 1160 1357 1190 Cala-

782 1205 861 1234 briae
875 1205 992 1242 ejectus
1008 1205 1076 1234 haec
1091 1205 1198 1235 omnia
1213 1207 1358 1236 rescisce-

782 1261 816 1281 re
835 1252 986 1291 potuerit.
1004 1254 1108 1284 Poetae
1126 1251 1202 1280 licet
1217 1250 1286 1281 haec
1307 1262 1357 1281 su-

782 1307 868 1327 mere
891 1307 926 1326 ac
946 1307 1077 1337 ponere.
1103 1298 1170 1327 Etsi
1194 1297 1358 1327 fatendum

783 1350 849 1381 est,
883 1342 968 1384 apud
1006 1345 1184 1373 Homerum
1201 1365 1210 1380 ‚
1243 1344 1357 1375 Nesto-

783 1400 851 1419 rem
877 1395 909 1419 et
933 1390 1117 1420 Menelaum
1141 1389 1264 1418 cautius
1282 1399 1359 1430 pau-

783 1446 818 1465 ca
832 1435 949 1476 eloqui,
964 1446 1063 1475 quum
1083 1435 1122 1465 de
1138 1435 1209 1465 fatis
1221 1434 1356 1465 redeun-

782 1483 865 1511 tium
904 1482 1099 1521 quaesivisset
1137 1480 1356 1511 Telemachus.

783 1527 914 1555 Atrides
934 1526 1121 1556 Menelaus:
1137 1525 1176 1555 de
1199 1526 1289 1564 eujus
1311 1537 1359 1556 er-

782 1571 911 1601 roribus
935 1582 966 1601 v.
993 1570 1108 1612 Odyss.
1132 1567 1154 1600 ὃ
1166 1594 1174 1608 ,
1202 1572 1240 1600 8ι
1269 1583 1356 1613 seqq.

785 1618 827 1645 35
836 1627 848 1645 t
876 1627 944 1655 sqq.
963 1616 1019 1645 Ad
1047 1627 1144 1657 usqne
1170 1617 1281 1646 Protei
1306 1629 1358 1647 co-

784 1661 912 1691 lumnas
924 1673 936 1697 ;
955 1663 1075 1691 notavit
1089 1661 1197 1703 paullo
1210 1663 1360 1694 audacius

783 1715 877 1748 poeta
899 1718 958 1748 pro
982 1707 1102 1738 linibus
1121 1709 1270 1750 AEgypti;
1286 1719 1360 1739 uam

786 1756 919 1784 Proteus
935 1753 974 1783 ad
990 1754 1127 1785 Pharum
1143 1755 1280 1785 insulam
1292 1765 1360 1796 age·

787 1799 860 1836 hat,
880 1807 915 1830 ut
935 1810 976 1830 ex
998 1799 1114 1841 Odyss.
1142 1801 1164 1831 l.
1190 1810 1218 1831 c.
1246 1801 1359 1831 351—

789 1846 854 1882 354
877 1847 951 1876 satis
977 1853 1100 1876 constat
1115 1856 1122 1877 :
1147 1845 1201 1876 sed
1213 1868 1221 1882 ‚
1239 1853 1275 1876 ut
1293 1857 1358 1878 ma·

783 1893 853 1931 jore
868 1893 1008 1922 animum
1023 1892 1237 1933 phantasmate
1251 1903 1360 1933 pei-cn-

787 1945 886 1975 teret,
919 1938 1087 1968 columnas
1115 1937 1197 1967 dixit
1228 1940 1355 1977 Protei,

785 1991 821 2014 ut
846 1991 1001 2014 extremas
1021 1990 1111 2013 terrae
1136 1983 1240 2025 plagas
1261 1986 1357 2027 signi-

785 2028 914 2066 ficaret;
939 2029 1207 2070 quemadmodum
1239 2032 1360 2062 Hemn-

786 2074 825 2105 lis
857 2076 1024 2106 columnas
1056 2083 1211 2106 extremas
1248 2086 1357 2108 versus

786 2121 983 2151 occidentem
999 2129 1092 2152 terras
1104 2122 1208 2152 ‹licei-e
1219 2133 1287 2153 mos
1297 2130 1356 2154 est.

786 2168 928 2198 Exsulae
935 2178 946 2197 .·
954 2169 1059 2211 simpl.
1071 2176 1162 2199 errat.
1174 2169 1259 2200 Male
1268 2169 1357 2200 aliter

1243 2243 1308 2291 θ’,
