1414 2435
491 58 752 89 CATALECTA.
1161 63 1222 101 393

135 117 181 151 Et
199 127 335 151 nomen
354 114 526 151 adscribo
545 124 662 152 tuum.

84 174 231 211 Cinaede
250 174 360 220 Luci,
380 187 427 210 an
447 183 482 210 te
501 174 736 224 reliquerunt
753 178 865 227 opes?
1194 188 1221 211 35

134 236 163 269 F
165 246 320 281 ameque
339 234 491 282 genuini
510 238 689 284 crepant?

83 291 229 328 Videbo
246 291 446 329 habentem
465 301 603 342 praeter
622 294 775 343 ignavos
795 294 888 330 nihil

133 354 282 388 Fratres
302 361 338 388 et
356 352 494 388 iratum
513 356 664 398 Jovem‚

85 410 322 459 Scissumque
333 418 520 456 ventrem,
539 421 575 448 et
593 412 759 449 herniosi
779 414 905 462 patrui

135 469 250 507 Pedes
270 470 394 506 inedia
414 471 595 518 turgidos.

589 606 654 639 VI.

498 735 545 756 AD
565 735 756 758 VENEREM.

36 842 75 877 Si
95 840 188 876 mihi
208 847 422 888 susceptum
438 839 551 874 fuerit
571 839 772 875 decurrere
791 852 943 886 munus,

89 901 123 935 Ο
144 897 318 948 Paphon,
338 909 361 932 ο
383 896 488 933 sedes
510 910 594 946 quae
613 898 704 934 colis
725 897 878 944 Idalias,

34 958 171 994 Troius
187 960 321 993 AEneas
340 958 509 992 Romana
524 969 592 1004 per
612 956 752 1005 oppida
771 956 884 1005 digno

87 1019 169 1052 Jam
189 1015 339 1052 tandem
358 1022 400 1050 ut
419 1022 540 1050 tecum
559 1015 723 1051 carmine
740 1024 869 1052 vectus
889 1023 948 1052 eat
968 1030 976 1051 ;

34 1077 120 1110 Non
140 1086 209 1123 ego
227 1083 310 1111 ture
330 1073 462 1119 modo,
483 1081 548 1110 aut
566 1074 667 1122 picta
687 1082 751 1110 tua
767 1074 906 1123 templa
923 1073 1059 1111 tabella

88 1133 263 1179 ornabo,
282 1141 318 1169 et
334 1132 439 1182 puris
459 1142 559 1169 serta
576 1133 694 1170 feram
711 1133 885 1170 manibus
906 1148 914 1169 :

37 1195 218 1242 Corniger
235 1192 304 1229 hos
324 1192 419 1229 aries
436 1192 606 1237 humilis,
625 1200 662 1228 et
677 1193 839 1229 maxima
860 1203 987 1230 taurus

87 1251 250 1288 Victima
268 1260 432 1288 sacratos
452 1251 569 1299 tinget
590 1250 735 1286 honore
754 1251 856 1287 focos
875 1266 883 1285 :

39 1312 350 1357 Marmoreusque
369 1308 458 1353 tibi,
477 1308 564 1353 dea,
583 1308 875 1345 versicoloribus
895 1309 978 1353 alis,

91 1372 136 1405 In
154 1381 297 1404 morem
316 1369 418 1417 picta
432 1367 546 1404 stabit
563 1370 682 1404 Amor
698 1369 888 1417 pharetra.

41 1428 169 1472 Adsis,
187 1440 209 1463 o
227 1427 426 1475 Cytherea!
448 1435 534 1462 tuus
555 1435 591 1462 te
608 1429 732 1462 Caesar
749 1427 930 1476 Olympo,

93 1490 138 1523 Et
157 1485 370 1523 Surrentini
388 1486 508 1522 litoris
525 1497 591 1550 ora
610 1494 730 1522 vocat.

44 1691 116 1710 eum
136 1681 316 1709 Burmanno
341 1679 518 1709 secundum
536 1680 608 1710 Col·
661 1679 797 1718 Scaliger
830 1688 869 1707 ex
900 1678 1079 1715 conjectura
1116 1679 1224 1716 ponit,

43 1727 129 1754 vium
147 1725 184 1754 ad
197 1724 324 1764 Apulei.
345 1725 483 1764 Olusque
496 1725 608 1754 lambis
660 1733 847 1764 suspensum
870 1733 928 1762 pro
952 1722 1070 1761 templo
1095 1723 1227 1751 Veneris

44 1770 174 1806 suaviis,
192 1770 223 1800 h.
241 1781 267 1800 e.
283 1769 384 1799 labiis.
659 1769 863 1800 Surrentium.

91 1829 143 1858 35.
157 1830 218 1858 Pro
232 1837 275 1856 αη
290 1827 384 1856 fuisse
397 1828 540 1866 suspicor
554 1838 604 1864 en,
714 1837 725 1855 ι
736 1837 764 1863 1,
785 1837 835 1855 12.
854 1827 934 1855 Tuus
950 1833 979 1854 te
998 1825 1104 1854 Caesur
1120 1825 1226 1863 Olym-

45 1880 73 1902 et
91 1876 157 1904 sine
176 1873 421 1912 interrogatione
437 1872 515 1913 lego.
661 1884 703 1912 po
724 1889 770 1894 —
792 1879 893 1900 vocat
907 1882 917 1899 .·
940 1881 1022 1907 non,
1047 1877 1124 1910 puto
1136 1893 1144 1906 ,
1169 1872 1227 1900 Ju-

663 1919 725 1947 lius
749 1917 866 1953 Caesar,
895 1917 1011 1953 Divus3
1039 1923 1074 1944 ut
1095 1917 1121 1944 is
1147 1915 1227 1944 coelo

303 1965 359 1993 VI.
665 1970 809 2003 receptus
823 1963 943 1991 Veneri
958 1961 1130 2002 supplicet,
1146 1970 1229 1990 sanc-

665 2015 770 2038 torum
799 2018 903 2043 more,
933 2008 988 2046 qui
1012 2009 1045 2036 in
1069 2006 1150 2036 coelo
1174 2005 1227 2035 de-

96 2054 320 2084 Dulcissimum
345 2055 539 2095 poemation!
558 2056 612 2084 Est
665 2061 755 2093 gunt.
781 2053 842 2083 Sed
861 2053 961 2083 Caesar
982 2054 1146 2092 Augustus
1164 2053 1229 2092 ipse

50 2106 159 2128 votum
174 2111 230 2140 pro
241 2107 385 2140 suscepto
395 2099 533 2130 AEneidis
543 2110 614 2140 ope·
665 2101 793 2128 invocat
807 2101 963 2129 Venerem
979 2099 1013 2127 in
1026 2098 1165 2138 Olympo
1181 2096 1231 2126 de-

50 2155 83 2173 re
99 2147 216 2175 Veneri
233 2153 473 2185 nuncupatum,
492 2155 562 2182 seu,
578 2152 613 2175 ut
666 2151 801 2185 gentem.
