<?xml version="1.0" encoding="UTF-8"?>
<!DOCTYPE html PUBLIC "-//W3C//DTD XHTML 1.0 Transitional//EN"
    "http://www.w3.org/TR/xhtml1/DTD/xhtml1-transitional.dtd">
<html xmlns="http://www.w3.org/1999/xhtml" xml:lang="en" lang="en">
 <head>
  <title>
</title>
<meta http-equiv="Content-Type" content="text/html;charset=utf-8" />
  <meta name='ocr-system' content='tesseract 3.04.00' />
  <meta name='ocr-capabilities' content='ocr_page ocr_carea ocr_par ocr_line ocrx_word'/>
</head>
<body>
  <div class='ocr_page' id='page_1' title='image "./operahey04virguoft_0276.png"; bbox 0 0 1414 2435; ppageno 0'>
   <div class='ocr_carea' id='block_1_1' title="bbox 167 55 230 84">
    <p class='ocr_par' dir='ltr' id='par_1_1' title="bbox 167 55 230 84">
     <span class='ocr_line' id='line_1_1' title="bbox 167 55 230 84; baseline -0.016 0"><span class='ocrx_word' id='word_1_1' title='bbox 167 55 230 84; x_wconf 78' lang='lat'><strong>266</strong></span> 
     </span>
    </p>
   </div>
   <div class='ocr_carea' id='block_1_2' title="bbox 669 54 863 86">
    <p class='ocr_par' dir='ltr' id='par_1_2' title="bbox 669 54 863 86">
     <span class='ocr_line' id='line_1_2' title="bbox 669 54 863 86; baseline 0.005 -1"><span class='ocrx_word' id='word_1_2' title='bbox 669 54 863 86; x_wconf 80' lang='lat' dir='ltr'><strong>AENEIDOS</strong></span> 
     </span>
    </p>
   </div>
   <div class='ocr_carea' id='block_1_3' title="bbox 166 111 1150 163">
    <p class='ocr_par' dir='ltr' id='par_1_3' title="bbox 166 111 1150 163">
     <span class='ocr_line' id='line_1_3' title="bbox 166 111 1150 163; baseline 0 -14"><span class='ocrx_word' id='word_1_3' title='bbox 166 112 297 149; x_wconf 80' lang='lat' dir='ltr'><strong>Turba</strong></span> <span class='ocrx_word' id='word_1_4' title='bbox 317 112 400 148; x_wconf 82' lang='lat' dir='ltr'><strong>fluit</strong></span> <span class='ocrx_word' id='word_1_5' title='bbox 416 111 549 147; x_wconf 78' lang='lat' dir='ltr'><strong>castris</strong></span> <span class='ocrx_word' id='word_1_6' title='bbox 567 125 574 147; x_wconf 89' lang='lat'>:</span> <span class='ocrx_word' id='word_1_7' title='bbox 596 119 677 148; x_wconf 91' lang='lat' dir='ltr'><strong>tum</strong></span> <span class='ocrx_word' id='word_1_8' title='bbox 696 125 796 149; x_wconf 86' lang='lat' dir='ltr'><strong>caeco</strong></span> <span class='ocrx_word' id='word_1_9' title='bbox 816 114 974 163; x_wconf 85' lang='lat' dir='ltr'><strong>pulvere</strong></span> <span class='ocrx_word' id='word_1_10' title='bbox 994 126 1150 163; x_wconf 86' lang='lat' dir='ltr'><strong>campus</strong></span> 
     </span>
    </p>
   </div>
   <div class='ocr_carea' id='block_1_4' title="bbox 166 171 1165 221">
    <p class='ocr_par' dir='ltr' id='par_1_4' title="bbox 166 171 1165 221">
     <span class='ocr_line' id='line_1_4' title="bbox 166 171 1165 221; baseline 0.001 -13"><span class='ocrx_word' id='word_1_11' title='bbox 166 172 365 218; x_wconf 79' lang='lat' dir='ltr'>Miscetur,</span> <span class='ocrx_word' id='word_1_12' title='bbox 385 171 574 220; x_wconf 87' lang='lat' dir='ltr'><strong>pulsuque</strong></span> <span class='ocrx_word' id='word_1_13' title='bbox 594 171 736 221; x_wconf 86' lang='lat' dir='ltr'><strong>pedum</strong></span> <span class='ocrx_word' id='word_1_14' title='bbox 755 173 882 211; x_wconf 81' lang='lat' dir='ltr'><strong>tremit</strong></span> <span class='ocrx_word' id='word_1_15' title='bbox 901 174 1024 211; x_wconf 79' lang='lat' dir='ltr'><strong>excita</strong></span> <span class='ocrx_word' id='word_1_16' title='bbox 1044 173 1165 210; x_wconf 90' lang='lat' dir='ltr'><strong>tellus.</strong></span> 
     </span>
    </p>
   </div>
   <div class='ocr_carea' id='block_1_5' title="bbox 1318 182 1368 211">
    <p class='ocr_par' dir='ltr' id='par_1_5' title="bbox 1318 182 1368 211">
     <span class='ocr_line' id='line_1_5' title="bbox 1318 182 1368 211; baseline 0 0"><span class='ocrx_word' id='word_1_17' title='bbox 1318 182 1368 211; x_wconf 62' lang='lat'><strong>⁴45</strong></span> 
     </span>
    </p>
   </div>
   <div class='ocr_carea' id='block_1_6' title="bbox 163 231 1233 464">
    <p class='ocr_par' dir='ltr' id='par_1_6' title="bbox 166 231 1062 283">
     <span class='ocr_line' id='line_1_6' title="bbox 166 231 1062 283; baseline 0.003 -15"><span class='ocrx_word' id='word_1_18' title='bbox 166 232 269 268; x_wconf 83' lang='lat' dir='ltr'>Vidit</span> <span class='ocrx_word' id='word_1_19' title='bbox 290 231 337 268; x_wconf 85' lang='lat' dir='ltr'><strong>ab</strong></span> <span class='ocrx_word' id='word_1_20' title='bbox 356 231 516 269; x_wconf 81' lang='lat' dir='ltr'><strong>adverso</strong></span> <span class='ocrx_word' id='word_1_21' title='bbox 534 232 721 269; x_wconf 84' lang='lat' dir='ltr'><strong>venientis</strong></span> <span class='ocrx_word' id='word_1_22' title='bbox 736 245 873 283; x_wconf 83' lang='lat' dir='ltr'>aggere</span> <span class='ocrx_word' id='word_1_23' title='bbox 892 236 1062 279; x_wconf 87' lang='lat' dir='ltr'>Turnus,</span> 
     </span>
    </p>

    <p class='ocr_par' dir='ltr' id='par_1_7' title="bbox 166 292 1104 343">
     <span class='ocr_line' id='line_1_7' title="bbox 166 292 1104 343; baseline 0.002 -15"><span class='ocrx_word' id='word_1_24' title='bbox 166 296 199 328; x_wconf 71' lang='lat' dir='ltr'><strong>V</strong></span> <span class='ocrx_word' id='word_1_25' title='bbox 202 292 305 328; x_wconf 84' lang='lat' dir='ltr'><strong>idere</strong></span> <span class='ocrx_word' id='word_1_26' title='bbox 322 292 498 339; x_wconf 86' lang='lat' dir='ltr'><strong>Ausonii,</strong></span> <span class='ocrx_word' id='word_1_27' title='bbox 519 293 740 342; x_wconf 81' lang='lat' dir='ltr'><strong>gelidusque</strong></span> <span class='ocrx_word' id='word_1_28' title='bbox 757 307 826 343; x_wconf 88' lang='lat' dir='ltr'><strong>per</strong></span> <span class='ocrx_word' id='word_1_29' title='bbox 844 294 921 330; x_wconf 87' lang='lat' dir='ltr'><strong>ima</strong></span> <span class='ocrx_word' id='word_1_30' title='bbox 934 295 1104 331; x_wconf 83' lang='lat' dir='ltr'>cucurrit</span> 
     </span>
    </p>

    <p class='ocr_par' dir='ltr' id='par_1_8' title="bbox 163 343 1233 464">
     <span class='ocr_line' id='line_1_8' title="bbox 167 343 1196 402; baseline 0.003 -15"><span class='ocrx_word' id='word_1_31' title='bbox 167 353 262 388; x_wconf 86' lang='lat' dir='ltr'>Ossa</span> <span class='ocrx_word' id='word_1_32' title='bbox 281 360 424 389; x_wconf 87' lang='lat' dir='ltr'><strong>tremor</strong></span> <span class='ocrx_word' id='word_1_33' title='bbox 441 367 449 388; x_wconf 93' lang='lat'>:</span> <span class='ocrx_word' id='word_1_34' title='bbox 470 353 593 402; x_wconf 82' lang='lat' dir='ltr'><strong>prima</strong></span> <span class='ocrx_word' id='word_1_35' title='bbox 610 361 697 388; x_wconf 84' lang='lat' dir='ltr'><strong>ante</strong></span> <span class='ocrx_word' id='word_1_36' title='bbox 717 343 839 389; x_wconf 75' lang='lat' dir='ltr'><strong>omtiis</strong></span> <span class='ocrx_word' id='word_1_37' title='bbox 859 356 879 390; x_wconf 93' lang='lat' dir='ltr'>J</span> <span class='ocrx_word' id='word_1_38' title='bbox 883 362 1022 390; x_wconf 85' lang='lat' dir='ltr'><strong>uturna</strong></span> <span class='ocrx_word' id='word_1_39' title='bbox 1041 353 1196 391; x_wconf 80' lang='lat' dir='ltr'><strong>Latinos</strong></span> 
     </span>
     <span class='ocr_line' id='line_1_9' title="bbox 163 412 1233 464; baseline 0.003 -17"><span class='ocrx_word' id='word_1_40' title='bbox 163 412 314 457; x_wconf 81' lang='lat' dir='ltr'><strong>Audiit,</strong></span> <span class='ocrx_word' id='word_1_41' title='bbox 336 412 593 460; x_wconf 81' lang='lat' dir='ltr'>adgnovitque</span> <span class='ocrx_word' id='word_1_42' title='bbox 613 424 767 457; x_wconf 89' lang='lat' dir='ltr'>sonum,</span> <span class='ocrx_word' id='word_1_43' title='bbox 786 420 823 448; x_wconf 88' lang='lat' dir='ltr'><strong>et</strong></span> <span class='ocrx_word' id='word_1_44' title='bbox 844 413 1063 452; x_wconf 80' lang='lat' dir='ltr'><strong>tremefacta</strong></span> <span class='ocrx_word' id='word_1_45' title='bbox 1083 414 1233 464; x_wconf 81' lang='lat' dir='ltr'><strong>refugit.</strong></span> 
     </span>
    </p>
   </div>
   <div class='ocr_carea' id='block_1_7' title="bbox 165 472 1181 524">
    <p class='ocr_par' dir='ltr' id='par_1_9' title="bbox 165 472 1181 524">
     <span class='ocr_line' id='line_1_10' title="bbox 165 472 1181 524; baseline 0.002 -16"><span class='ocrx_word' id='word_1_46' title='bbox 165 473 234 509; x_wconf 90' lang='lat' dir='ltr'><strong>Ille</strong></span> <span class='ocrx_word' id='word_1_47' title='bbox 253 472 373 517; x_wconf 84' lang='lat' dir='ltr'><strong>volat,</strong></span> <span class='ocrx_word' id='word_1_48' title='bbox 393 484 606 522; x_wconf 89' lang='lat' dir='ltr'>campoque</span> <span class='ocrx_word' id='word_1_49' title='bbox 622 481 746 509; x_wconf 85' lang='lat' dir='ltr'><strong>atrum</strong></span> <span class='ocrx_word' id='word_1_50' title='bbox 765 473 864 523; x_wconf 78' lang='lat' dir='ltr'><strong>rapit</strong></span> <span class='ocrx_word' id='word_1_51' title='bbox 883 486 1017 523; x_wconf 85' lang='lat' dir='ltr'>agmen</span> <span class='ocrx_word' id='word_1_52' title='bbox 1037 484 1181 524; x_wconf 86' lang='lat' dir='ltr'><strong>aperto.</strong></span> 
     </span>
    </p>
   </div>
   <div class='ocr_carea' id='block_1_8' title="bbox 1317 484 1367 513">
    <p class='ocr_par' dir='ltr' id='par_1_10' title="bbox 1317 484 1367 513">
     <span class='ocr_line' id='line_1_11' title="bbox 1317 484 1367 513; baseline 0 -5"><span class='ocrx_word' id='word_1_53' title='bbox 1317 484 1367 513; x_wconf 63' lang='grc'><strong>450</strong></span> 
     </span>
    </p>
   </div>
   <div class='ocr_carea' id='block_1_9' title="bbox 163 530 1208 760">
    <p class='ocr_par' dir='ltr' id='par_1_11' title="bbox 166 530 1103 583">
     <span class='ocr_line' id='line_1_12' title="bbox 166 530 1103 583; baseline 0.004 -16"><span class='ocrx_word' id='word_1_54' title='bbox 166 531 297 576; x_wconf 87' lang='lat' dir='ltr'><strong>Qualis</strong></span> <span class='ocrx_word' id='word_1_55' title='bbox 309 560 319 577; x_wconf 87' lang='lat'>,</span> <span class='ocrx_word' id='word_1_56' title='bbox 338 530 404 568; x_wconf 84' lang='lat' dir='ltr'><strong>ubi</strong></span> <span class='ocrx_word' id='word_1_57' title='bbox 420 532 468 568; x_wconf 88' lang='lat' dir='ltr'><strong>ad</strong></span> <span class='ocrx_word' id='word_1_58' title='bbox 488 540 608 568; x_wconf 84' lang='lat' dir='ltr'><strong>terras</strong></span> <span class='ocrx_word' id='word_1_59' title='bbox 625 531 791 583; x_wconf 89' lang='lat' dir='ltr'><strong>abrupto</strong></span> <span class='ocrx_word' id='word_1_60' title='bbox 811 533 936 570; x_wconf 83' lang='lat' dir='ltr'><strong>sidere</strong></span> <span class='ocrx_word' id='word_1_61' title='bbox 949 533 1103 572; x_wconf 86' lang='lat' dir='ltr'>nimbus</span> 
     </span>
    </p>

    <p class='ocr_par' dir='ltr' id='par_1_12' title="bbox 163 591 1208 760">
     <span class='ocr_line' id='line_1_13' title="bbox 165 591 1208 645; baseline 0.007 -20"><span class='ocrx_word' id='word_1_62' title='bbox 165 592 200 625; x_wconf 83' lang='lat' dir='ltr'><strong>It</strong></span> <span class='ocrx_word' id='word_1_63' title='bbox 218 603 321 628; x_wconf 86' lang='lat' dir='ltr'><strong>mare</strong></span> <span class='ocrx_word' id='word_1_64' title='bbox 338 605 407 641; x_wconf 89' lang='lat' dir='ltr'><strong>per</strong></span> <span class='ocrx_word' id='word_1_65' title='bbox 420 591 589 628; x_wconf 84' lang='lat' dir='ltr'><strong>medium</strong></span> <span class='ocrx_word' id='word_1_66' title='bbox 609 607 617 629; x_wconf 91' lang='lat'>:</span> <span class='ocrx_word' id='word_1_67' title='bbox 638 593 785 630; x_wconf 84' lang='lat' dir='ltr'><strong>miseris</strong></span> <span class='ocrx_word' id='word_1_68' title='bbox 798 593 894 630; x_wconf 82' lang='lat' dir='ltr'><strong>heu!</strong></span> <span class='ocrx_word' id='word_1_69' title='bbox 916 595 1076 644; x_wconf 87' lang='lat' dir='ltr'><strong>praescia</strong></span> <span class='ocrx_word' id='word_1_70' title='bbox 1096 596 1208 645; x_wconf 84' lang='lat' dir='ltr'><strong>longe</strong></span> 
     </span>
     <span class='ocr_line' id='line_1_14' title="bbox 165 651 1111 701; baseline 0.005 -15"><span class='ocrx_word' id='word_1_71' title='bbox 165 651 400 688; x_wconf 86' lang='lat' dir='ltr'><strong>Horrescunt</strong></span> <span class='ocrx_word' id='word_1_72' title='bbox 417 651 533 688; x_wconf 82' lang='lat' dir='ltr'><strong>corda</strong></span> <span class='ocrx_word' id='word_1_73' title='bbox 554 653 747 701; x_wconf 81' lang='lat' dir='ltr'><strong>agricoli53</strong></span> <span class='ocrx_word' id='word_1_74' title='bbox 770 652 877 690; x_wconf 77' lang='lat' dir='ltr'><strong>dabit</strong></span> <span class='ocrx_word' id='word_1_75' title='bbox 897 653 960 690; x_wconf 85' lang='lat' dir='ltr'><strong>ille</strong></span> <span class='ocrx_word' id='word_1_76' title='bbox 982 655 1111 692; x_wconf 88' lang='lat' dir='ltr'><strong>ruinas</strong></span> 
     </span>
     <span class='ocr_line' id='line_1_15' title="bbox 163 708 1155 760; baseline 0.005 -15"><span class='ocrx_word' id='word_1_77' title='bbox 163 708 403 756; x_wconf 80' lang='lat' dir='ltr'>Arboribus,</span> <span class='ocrx_word' id='word_1_78' title='bbox 424 719 663 760; x_wconf 82' lang='lat' dir='ltr'><strong>stragemque</strong></span> <span class='ocrx_word' id='word_1_79' title='bbox 677 712 767 748; x_wconf 82' lang='lat' dir='ltr'>satis</span> <span class='ocrx_word' id='word_1_80' title='bbox 778 727 789 759; x_wconf 64' lang='grc' dir='ltr'><strong><em>ς</em></strong></span> <span class='ocrx_word' id='word_1_81' title='bbox 809 721 895 750; x_wconf 87' lang='lat' dir='ltr'><strong>ruet</strong></span> <span class='ocrx_word' id='word_1_82' title='bbox 916 714 1045 750; x_wconf 86' lang='lat' dir='ltr'><strong>omnia</strong></span> <span class='ocrx_word' id='word_1_83' title='bbox 1063 714 1155 759; x_wconf 82' lang='lat' dir='ltr'><strong>late3</strong></span> 
     </span>
    </p>
   </div>
   <div class='ocr_carea' id='block_1_10' title="bbox 160 876 739 2210">
    <p class='ocr_par' dir='ltr' id='par_1_13' title="bbox 160 876 739 2210">
     <span class='ocr_line' id='line_1_16' title="bbox 163 876 733 914; baseline -0.004 -6"><span class='ocrx_word' id='word_1_84' title='bbox 163 876 283 908; x_wconf 81' lang='lat' dir='ltr'><strong>Medic.</strong></span> <span class='ocrx_word' id='word_1_85' title='bbox 316 884 348 907; x_wconf 85' lang='lat' dir='ltr'><strong>et</strong></span> <span class='ocrx_word' id='word_1_86' title='bbox 374 877 460 906; x_wconf 81' lang='lat' dir='ltr'>binis</span> <span class='ocrx_word' id='word_1_87' title='bbox 491 877 630 914; x_wconf 83' lang='lat' dir='ltr'><strong>Moret.;</strong></span> <span class='ocrx_word' id='word_1_88' title='bbox 654 876 733 907; x_wconf 87' lang='lat' dir='ltr'><strong>adde</strong></span> 
     </span>
     <span class='ocr_line' id='line_1_17' title="bbox 163 923 735 963; baseline 0 -10"><span class='ocrx_word' id='word_1_89' title='bbox 163 923 284 963; x_wconf 79' lang='lat' dir='ltr'>aliquot</span> <span class='ocrx_word' id='word_1_90' title='bbox 302 923 378 953; x_wconf 82' lang='lat' dir='ltr'><strong>alios</strong></span> <span class='ocrx_word' id='word_1_91' title='bbox 394 933 444 963; x_wconf 86' lang='lat' dir='ltr'><strong>ap.</strong></span> <span class='ocrx_word' id='word_1_92' title='bbox 460 924 568 952; x_wconf 89' lang='lat' dir='ltr'><strong>Burm.</strong></span> <span class='ocrx_word' id='word_1_93' title='bbox 583 923 637 952; x_wconf 86' lang='lat' dir='ltr'><strong>An</strong></span> <span class='ocrx_word' id='word_1_94' title='bbox 652 923 735 953; x_wconf 89' lang='lat' dir='ltr'><strong>hene</strong></span> 
     </span>
     <span class='ocr_line' id='line_1_18' title="bbox 162 968 736 1006; baseline -0.002 -7"><span class='ocrx_word' id='word_1_95' title='bbox 162 970 282 999; x_wconf 79' lang='lat' dir='ltr'><strong>factum</strong></span> <span class='ocrx_word' id='word_1_96' title='bbox 297 971 355 1006; x_wconf 90' lang='lat' dir='ltr'><strong>sit,</strong></span> <span class='ocrx_word' id='word_1_97' title='bbox 373 980 414 998; x_wconf 85' lang='lat' dir='ltr'><strong>ne</strong></span> <span class='ocrx_word' id='word_1_98' title='bbox 437 968 558 998; x_wconf 80' lang='lat' dir='ltr'><strong>dubita.</strong></span> <span class='ocrx_word' id='word_1_99' title='bbox 585 970 667 999; x_wconf 87' lang='lat' dir='ltr'><strong>Nam</strong></span> <span class='ocrx_word' id='word_1_100' title='bbox 695 979 736 998; x_wconf 82' lang='lat' dir='ltr'><strong>ex</strong></span> 
     </span>
     <span class='ocr_line' id='line_1_19' title="bbox 162 1007 736 1055; baseline -0.005 -9"><span class='ocrx_word' id='word_1_101' title='bbox 162 1007 272 1050; x_wconf 75' lang='grc' dir='ltr'>Ᾰνθεὺς</span> <span class='ocrx_word' id='word_1_102' title='bbox 305 1017 370 1054; x_wconf 87' lang='lat' dir='ltr'><strong>jam</strong></span> <span class='ocrx_word' id='word_1_103' title='bbox 394 1016 649 1055; x_wconf 79' lang='lat' dir='ltr'><strong>frequentaverat</strong></span> <span class='ocrx_word' id='word_1_104' title='bbox 666 1017 736 1044; x_wconf 82' lang='lat' dir='ltr'><strong>An-</strong></span> 
     </span>
     <span class='ocr_line' id='line_1_20' title="bbox 163 1061 734 1101; baseline -0.002 -10"><span class='ocrx_word' id='word_1_105' title='bbox 163 1061 237 1091; x_wconf 73' lang='lat' dir='ltr'><strong>elzea</strong></span> <span class='ocrx_word' id='word_1_106' title='bbox 268 1061 371 1092; x_wconf 88' lang='lat' dir='ltr'><strong>media</strong></span> <span class='ocrx_word' id='word_1_107' title='bbox 402 1061 492 1091; x_wconf 84' lang='lat' dir='ltr'><strong>brevi</strong></span> <span class='ocrx_word' id='word_1_108' title='bbox 520 1071 592 1101; x_wconf 88' lang='lat' dir='ltr'>sup.</span> <span class='ocrx_word' id='word_1_109' title='bbox 621 1061 679 1091; x_wconf 87' lang='lat' dir='ltr'><strong>lib.</strong></span> <span class='ocrx_word' id='word_1_110' title='bbox 699 1062 734 1099; x_wconf 94' lang='lat'><strong>1,</strong></span> 
     </span>
     <span class='ocr_line' id='line_1_21' title="bbox 168 1107 737 1148; baseline 0 -10"><span class='ocrx_word' id='word_1_111' title='bbox 168 1108 249 1145; x_wconf 78' lang='lat'>181,</span> <span class='ocrx_word' id='word_1_112' title='bbox 277 1109 362 1146; x_wconf 84' lang='lat'>510,</span> <span class='ocrx_word' id='word_1_113' title='bbox 387 1115 497 1148; x_wconf 87' lang='lat' dir='ltr'><strong>estque</strong></span> <span class='ocrx_word' id='word_1_114' title='bbox 517 1107 544 1136; x_wconf 93' lang='lat' dir='ltr'><strong>is</strong></span> <span class='ocrx_word' id='word_1_115' title='bbox 566 1118 607 1137; x_wconf 82' lang='lat' dir='ltr'><strong>ex</strong></span> <span class='ocrx_word' id='word_1_116' title='bbox 630 1109 737 1138; x_wconf 83' lang='lat' dir='ltr'><strong>AEneae</strong></span> 
     </span>
     <span class='ocr_line' id='line_1_22' title="bbox 163 1153 736 1187; baseline -0.005 -1"><span class='ocrx_word' id='word_1_117' title='bbox 163 1154 266 1186; x_wconf 81' lang='lat' dir='ltr'><strong>sociis.</strong></span> <span class='ocrx_word' id='word_1_118' title='bbox 285 1156 352 1187; x_wconf 85' lang='lat' dir='ltr'><strong>Nec</strong></span> <span class='ocrx_word' id='word_1_119' title='bbox 375 1162 479 1185; x_wconf 85' lang='lat' dir='ltr'><strong>tamen</strong></span> <span class='ocrx_word' id='word_1_120' title='bbox 501 1153 665 1184; x_wconf 86' lang='lat' dir='ltr'><strong>Mediceus</strong></span> <span class='ocrx_word' id='word_1_121' title='bbox 679 1153 736 1183; x_wconf 83' lang='lat' dir='ltr'><strong>ali-</strong></span> 
     </span>
     <span class='ocr_line' id='line_1_23' title="bbox 164 1200 737 1242; baseline -0.007 -8"><span class='ocrx_word' id='word_1_122' title='bbox 164 1211 211 1234; x_wconf 86' lang='lat' dir='ltr'><strong>ter</strong></span> <span class='ocrx_word' id='word_1_123' title='bbox 235 1211 331 1241; x_wconf 84' lang='lat' dir='ltr'><strong>quam</strong></span> <span class='ocrx_word' id='word_1_124' title='bbox 366 1200 534 1231; x_wconf 76' lang='lat' dir='ltr'><strong>Anchoeus.</strong></span> <span class='ocrx_word' id='word_1_125' title='bbox 562 1202 602 1230; x_wconf 83' lang='lat' dir='ltr'><strong>Et</strong></span> <span class='ocrx_word' id='word_1_126' title='bbox 628 1200 737 1242; x_wconf 84' lang='lat' dir='ltr'><strong>vulga-</strong></span> 
     </span>
     <span class='ocr_line' id='line_1_24' title="bbox 164 1246 737 1289; baseline -0.005 -8"><span class='ocrx_word' id='word_1_127' title='bbox 164 1258 233 1281; x_wconf 78' lang='lat' dir='ltr'><strong>tum</strong></span> <span class='ocrx_word' id='word_1_128' title='bbox 246 1248 368 1289; x_wconf 87' lang='lat' dir='ltr'><strong>ubique</strong></span> <span class='ocrx_word' id='word_1_129' title='bbox 383 1249 519 1278; x_wconf 81' lang='lat' dir='ltr'><strong>Antaeus</strong></span> <span class='ocrx_word' id='word_1_130' title='bbox 534 1246 586 1276; x_wconf 83' lang='lat' dir='ltr'><strong>vel</strong></span> <span class='ocrx_word' id='word_1_131' title='bbox 602 1250 737 1278; x_wconf 82' lang='lat' dir='ltr'><strong>Anteus.</strong></span> 
     </span>
     <span class='ocr_line' id='line_1_25' title="bbox 163 1289 735 1333; baseline -0.01 -5"><span class='ocrx_word' id='word_1_132' title='bbox 163 1289 311 1333; x_wconf 70' lang='grc' dir='ltr'><strong>Ᾰντκῖος,</strong></span> <span class='ocrx_word' id='word_1_133' title='bbox 332 1296 467 1325; x_wconf 76' lang='lat' dir='ltr'><strong>Amaeus</strong></span> <span class='ocrx_word' id='word_1_134' title='bbox 481 1305 492 1324; x_wconf 95' lang='lat'><strong>.·</strong></span> <span class='ocrx_word' id='word_1_135' title='bbox 511 1293 597 1323; x_wconf 88' lang='lat' dir='ltr'><strong>idem</strong></span> <span class='ocrx_word' id='word_1_136' title='bbox 617 1304 735 1323; x_wconf 88' lang='lat' dir='ltr'><strong>nomeu</strong></span> 
     </span>
     <span class='ocr_line' id='line_1_26' title="bbox 160 1340 736 1383; baseline -0.007 -10"><span class='ocrx_word' id='word_1_137' title='bbox 160 1346 224 1382; x_wconf 76' lang='lat' dir='ltr'><strong>jam</strong></span> <span class='ocrx_word' id='word_1_138' title='bbox 248 1353 318 1383; x_wconf 89' lang='lat' dir='ltr'>sup.</span> <span class='ocrx_word' id='word_1_139' title='bbox 343 1341 401 1372; x_wconf 85' lang='lat' dir='ltr'><strong>lib.</strong></span> <span class='ocrx_word' id='word_1_140' title='bbox 423 1343 471 1379; x_wconf 80' lang='lat' dir='ltr'><strong>X,</strong></span> <span class='ocrx_word' id='word_1_141' title='bbox 498 1340 560 1371; x_wconf 82' lang='lat'><strong>561</strong></span> <span class='ocrx_word' id='word_1_142' title='bbox 578 1340 736 1378; x_wconf 81' lang='lat' dir='ltr'><strong>vidimus;</strong></span> 
     </span>
     <span class='ocr_line' id='line_1_27' title="bbox 162 1386 736 1428; baseline -0.007 -8"><span class='ocrx_word' id='word_1_143' title='bbox 162 1400 242 1420; x_wconf 82' lang='lat' dir='ltr'><strong>mox</strong></span> <span class='ocrx_word' id='word_1_144' title='bbox 278 1398 450 1428; x_wconf 83' lang='lat' dir='ltr'><strong>omnesque</strong></span> <span class='ocrx_word' id='word_1_145' title='bbox 484 1386 602 1418; x_wconf 84' lang='lat' dir='ltr'><strong>Medic.</strong></span> <span class='ocrx_word' id='word_1_146' title='bbox 615 1409 624 1424; x_wconf 91' lang='lat'>‚</span> <span class='ocrx_word' id='word_1_147' title='bbox 659 1393 736 1417; x_wconf 84' lang='lat' dir='ltr'><strong>teste</strong></span> 
     </span>
     <span class='ocr_line' id='line_1_28' title="bbox 164 1432 737 1476; baseline -0.012 -8"><span class='ocrx_word' id='word_1_148' title='bbox 164 1437 317 1468; x_wconf 85' lang='lat' dir='ltr'><strong>Heinsio:</strong></span> <span class='ocrx_word' id='word_1_149' title='bbox 334 1433 389 1464; x_wconf 88' lang='lat' dir='ltr'><strong>sed</strong></span> <span class='ocrx_word' id='word_1_150' title='bbox 414 1434 547 1476; x_wconf 84' lang='lat' dir='ltr'><strong>Foggin.</strong></span> <span class='ocrx_word' id='word_1_151' title='bbox 572 1432 737 1463; x_wconf 83' lang='lat' dir='ltr'><strong>omnis.—</strong></span> 
     </span>
     <span class='ocr_line' id='line_1_29' title="bbox 166 1480 735 1522; baseline -0.011 -8"><span class='ocrx_word' id='word_1_152' title='bbox 166 1489 242 1520; x_wconf 66' lang='lat'><strong>444.</strong></span> <span class='ocrx_word' id='word_1_153' title='bbox 261 1481 400 1522; x_wconf 80' lang='lat' dir='ltr'><strong>Vulgare</strong></span> <span class='ocrx_word' id='word_1_154' title='bbox 414 1487 460 1510; x_wconf 89' lang='lat' dir='ltr'><strong>est</strong></span> <span class='ocrx_word' id='word_1_155' title='bbox 475 1490 482 1510; x_wconf 92' lang='lat'><strong>:</strong></span> <span class='ocrx_word' id='word_1_156' title='bbox 499 1480 607 1520; x_wconf 90' lang='lat' dir='ltr'><strong>pulvis</strong></span> <span class='ocrx_word' id='word_1_157' title='bbox 625 1480 735 1509; x_wconf 88' lang='lat' dir='ltr'><strong>misce-</strong></span> 
     </span>
     <span class='ocr_line' id='line_1_30' title="bbox 165 1527 736 1566; baseline -0.009 -6"><span class='ocrx_word' id='word_1_158' title='bbox 165 1537 235 1566; x_wconf 85' lang='lat' dir='ltr'><strong>tur,</strong></span> <span class='ocrx_word' id='word_1_159' title='bbox 252 1528 400 1558; x_wconf 82' lang='lat' dir='ltr'><strong>turbatur</strong></span> <span class='ocrx_word' id='word_1_160' title='bbox 416 1527 450 1556; x_wconf 89' lang='lat' dir='ltr'><strong>in</strong></span> <span class='ocrx_word' id='word_1_161' title='bbox 468 1536 579 1566; x_wconf 80' lang='lat' dir='ltr'><strong>campo</strong></span> <span class='ocrx_word' id='word_1_162' title='bbox 595 1537 602 1556; x_wconf 87' lang='lat'>:</span> <span class='ocrx_word' id='word_1_163' title='bbox 620 1533 651 1555; x_wconf 89' lang='lat' dir='ltr'><strong>et</strong></span> <span class='ocrx_word' id='word_1_164' title='bbox 662 1527 736 1566; x_wconf 82' lang='lat' dir='ltr'><strong>quia</strong></span> 
     </span>
     <span class='ocr_line' id='line_1_31' title="bbox 164 1572 736 1610; baseline -0.007 -5"><span class='ocrx_word' id='word_1_165' title='bbox 164 1575 314 1605; x_wconf 84' lang='lat' dir='ltr'><strong>obscurat</strong></span> <span class='ocrx_word' id='word_1_166' title='bbox 328 1583 447 1610; x_wconf 85' lang='lat' dir='ltr'><strong>aerem,</strong></span> <span class='ocrx_word' id='word_1_167' title='bbox 467 1572 542 1601; x_wconf 89' lang='lat' dir='ltr'><strong>hinc</strong></span> <span class='ocrx_word' id='word_1_168' title='bbox 562 1582 684 1609; x_wconf 85' lang='lat' dir='ltr'><strong>caecus;</strong></span> <span class='ocrx_word' id='word_1_169' title='bbox 701 1579 736 1602; x_wconf 88' lang='lat' dir='ltr'><strong>ut</strong></span> 
     </span>
     <span class='ocr_line' id='line_1_32' title="bbox 163 1618 736 1660; baseline -0.005 -9"><span class='ocrx_word' id='word_1_170' title='bbox 163 1621 245 1652; x_wconf 90' lang='lat' dir='ltr'><strong>solet</strong></span> <span class='ocrx_word' id='word_1_171' title='bbox 270 1626 362 1660; x_wconf 82' lang='lat' dir='ltr'><strong>poeta</strong></span> <span class='ocrx_word' id='word_1_172' title='bbox 390 1629 449 1659; x_wconf 87' lang='lat' dir='ltr'><strong>pro</strong></span> <span class='ocrx_word' id='word_1_173' title='bbox 475 1629 530 1655; x_wconf 87' lang='lat' dir='ltr'><strong>eo,</strong></span> <span class='ocrx_word' id='word_1_174' title='bbox 550 1619 606 1658; x_wconf 91' lang='lat' dir='ltr'><strong>qui</strong></span> <span class='ocrx_word' id='word_1_175' title='bbox 631 1618 736 1648; x_wconf 88' lang='lat' dir='ltr'><strong>visum</strong></span> 
     </span>
     <span class='ocr_line' id='line_1_33' title="bbox 164 1663 734 1707; baseline -0.004 -10"><span class='ocrx_word' id='word_1_176' title='bbox 164 1668 274 1707; x_wconf 83' lang='lat' dir='ltr'><strong>eripit,</strong></span> <span class='ocrx_word' id='word_1_177' title='bbox 305 1675 424 1695; x_wconf 77' lang='lat' dir='ltr'><strong>caeeum</strong></span> <span class='ocrx_word' id='word_1_178' title='bbox 461 1663 575 1694; x_wconf 83' lang='lat' dir='ltr'><strong>dicere.</strong></span> <span class='ocrx_word' id='word_1_179' title='bbox 592 1681 639 1687; x_wconf 90' lang='lat'><strong>-—</strong></span> <span class='ocrx_word' id='word_1_180' title='bbox 657 1665 734 1700; x_wconf 74' lang='grc'><strong>445.</strong></span> 
     </span>
     <span class='ocr_line' id='line_1_34' title="bbox 166 1711 737 1751; baseline -0.007 -8"><span class='ocrx_word' id='word_1_181' title='bbox 166 1713 306 1747; x_wconf 57' lang='lat' dir='ltr'><strong>Enim,</strong></span> <span class='ocrx_word' id='word_1_182' title='bbox 328 1712 454 1742; x_wconf 84' lang='lat' dir='ltr'><strong>doctius</strong></span> <span class='ocrx_word' id='word_1_183' title='bbox 473 1721 569 1751; x_wconf 83' lang='lat' dir='ltr'><strong>quam</strong></span> <span class='ocrx_word' id='word_1_184' title='bbox 593 1711 717 1741; x_wconf 75' lang='lat' dir='ltr'><strong>concita</strong></span> <span class='ocrx_word' id='word_1_185' title='bbox 729 1733 737 1746; x_wconf 85' lang='lat'>‚</span> 
     </span>
     <span class='ocr_line' id='line_1_35' title="bbox 166 1755 739 1797; baseline -0.012 -6"><span class='ocrx_word' id='word_1_186' title='bbox 166 1769 330 1791; x_wconf 76' lang='lat' dir='ltr'>concussa.</span> <span class='ocrx_word' id='word_1_187' title='bbox 341 1775 387 1781; x_wconf 85' lang='lat'><strong>—-</strong></span> <span class='ocrx_word' id='word_1_188' title='bbox 402 1764 479 1797; x_wconf 71' lang='grc'><strong>449.</strong></span> <span class='ocrx_word' id='word_1_189' title='bbox 497 1759 636 1786; x_wconf 82' lang='lat' dir='ltr'><strong>Juturna</strong></span> <span class='ocrx_word' id='word_1_190' title='bbox 659 1755 739 1797; x_wconf 67' lang='lat' dir='ltr'><strong>refix-</strong></span> 
     </span>
     <span class='ocr_line' id='line_1_36' title="bbox 160 1803 738 1849; baseline -0.01 -12"><span class='ocrx_word' id='word_1_191' title='bbox 160 1807 228 1849; x_wconf 60' lang='lat' dir='ltr'><strong>gis,</strong></span> <span class='ocrx_word' id='word_1_192' title='bbox 262 1805 399 1836; x_wconf 74' lang='lat' dir='ltr'><strong>Camerti</strong></span> <span class='ocrx_word' id='word_1_193' title='bbox 431 1803 609 1833; x_wconf 79' lang='lat' dir='ltr'><strong>assimulata</strong></span> <span class='ocrx_word' id='word_1_194' title='bbox 643 1813 738 1842; x_wconf 76' lang='lat' dir='ltr'><strong>supra</strong></span> 
     </span>
     <span class='ocr_line' id='line_1_37' title="bbox 167 1849 738 1888; baseline -0.011 -3"><span class='ocrx_word' id='word_1_195' title='bbox 167 1859 243 1888; x_wconf 70' lang='lat'><strong>224.</strong></span> <span class='ocrx_word' id='word_1_196' title='bbox 267 1851 382 1882; x_wconf 80' lang='lat' dir='ltr'><strong>Eadem</strong></span> <span class='ocrx_word' id='word_1_197' title='bbox 404 1861 480 1880; x_wconf 87' lang='lat' dir='ltr'><strong>mox</strong></span> <span class='ocrx_word' id='word_1_198' title='bbox 503 1851 616 1879; x_wconf 89' lang='lat' dir='ltr'><strong>Turno</strong></span> <span class='ocrx_word' id='word_1_199' title='bbox 643 1849 738 1879; x_wconf 73' lang='lat' dir='ltr'><strong>fratre</strong></span> 
     </span>
     <span class='ocr_line' id='line_1_38' title="bbox 164 1896 738 1932; baseline -0.007 -2"><span class='ocrx_word' id='word_1_200' title='bbox 164 1902 196 1930; x_wconf 87' lang='lat' dir='ltr'><strong>in</strong></span> <span class='ocrx_word' id='word_1_201' title='bbox 212 1899 382 1929; x_wconf 77' lang='lat' dir='ltr'>discrimen</span> <span class='ocrx_word' id='word_1_202' title='bbox 399 1896 557 1932; x_wconf 82' lang='lat' dir='ltr'><strong>adducto,</strong></span> <span class='ocrx_word' id='word_1_203' title='bbox 575 1897 690 1925; x_wconf 84' lang='lat' dir='ltr'><strong>iterum</strong></span> <span class='ocrx_word' id='word_1_204' title='bbox 705 1896 738 1926; x_wconf 88' lang='lat' dir='ltr'><strong>iu</strong></span> 
     </span>
     <span class='ocr_line' id='line_1_39' title="bbox 166 1943 737 1985; baseline -0.007 -9"><span class='ocrx_word' id='word_1_205' title='bbox 166 1948 265 1976; x_wconf 81' lang='lat' dir='ltr'>aciem</span> <span class='ocrx_word' id='word_1_206' title='bbox 297 1944 406 1985; x_wconf 81' lang='lat' dir='ltr'>prodit</span> <span class='ocrx_word' id='word_1_207' title='bbox 433 1955 462 1974; x_wconf 80' lang='lat' dir='ltr'><strong>v.</strong></span> <span class='ocrx_word' id='word_1_208' title='bbox 499 1943 577 1979; x_wconf 70' lang='grc'>468.</span> <span class='ocrx_word' id='word_1_209' title='bbox 606 1943 642 1972; x_wconf 84' lang='grc' dir='ltr'><strong>Ῑι]</strong></span> <span class='ocrx_word' id='word_1_210' title='bbox 673 1952 737 1982; x_wconf 86' lang='lat' dir='ltr'><strong>quo</strong></span> 
     </span>
     <span class='ocr_line' id='line_1_40' title="bbox 168 1988 739 2031; baseline -0.009 -8"><span class='ocrx_word' id='word_1_211' title='bbox 168 1993 249 2023; x_wconf 86' lang='lat' dir='ltr'><strong>nihil</strong></span> <span class='ocrx_word' id='word_1_212' title='bbox 265 1998 330 2022; x_wconf 76' lang='lat' dir='ltr'><strong>erat</strong></span> <span class='ocrx_word' id='word_1_213' title='bbox 341 2014 349 2028; x_wconf 87' lang='lat'>‚</span> <span class='ocrx_word' id='word_1_214' title='bbox 368 1989 455 2031; x_wconf 86' lang='lat' dir='ltr'><strong>quod</strong></span> <span class='ocrx_word' id='word_1_215' title='bbox 471 1991 575 2019; x_wconf 84' lang='lat' dir='ltr'>minus</span> <span class='ocrx_word' id='word_1_216' title='bbox 592 1988 739 2030; x_wconf 79' lang='lat' dir='ltr'><strong>probabi-</strong></span> 
     </span>
     <span class='ocr_line' id='line_1_41' title="bbox 165 2036 739 2076; baseline -0.009 -8"><span class='ocrx_word' id='word_1_217' title='bbox 165 2039 193 2068; x_wconf 87' lang='lat' dir='ltr'><strong>le</strong></span> <span class='ocrx_word' id='word_1_218' title='bbox 212 2039 311 2069; x_wconf 76' lang='lat' dir='ltr'><strong>videri</strong></span> <span class='ocrx_word' id='word_1_219' title='bbox 326 2037 471 2068; x_wconf 77' lang='lat' dir='ltr'><strong>debebat.</strong></span> <span class='ocrx_word' id='word_1_220' title='bbox 489 2039 594 2067; x_wconf 76' lang='lat' dir='ltr'><strong>Potest</strong></span> <span class='ocrx_word' id='word_1_221' title='bbox 607 2036 676 2076; x_wconf 81' lang='lat' dir='ltr'>quis</span> <span class='ocrx_word' id='word_1_222' title='bbox 691 2045 739 2064; x_wconf 79' lang='lat' dir='ltr'><strong>su·</strong></span> 
     </span>
     <span class='ocr_line' id='line_1_42' title="bbox 168 2082 738 2125; baseline -0.007 -11"><span class='ocrx_word' id='word_1_223' title='bbox 168 2085 234 2114; x_wconf 75' lang='lat' dir='ltr'><strong>bito</strong></span> <span class='ocrx_word' id='word_1_224' title='bbox 257 2092 374 2115; x_wconf 81' lang='lat' dir='ltr'><strong>terrore</strong></span> <span class='ocrx_word' id='word_1_225' title='bbox 399 2084 506 2125; x_wconf 79' lang='lat' dir='ltr'><strong>fugere</strong></span> <span class='ocrx_word' id='word_1_226' title='bbox 520 2105 527 2118; x_wconf 82' lang='lat'>,</span> <span class='ocrx_word' id='word_1_227' title='bbox 552 2082 636 2112; x_wconf 79' lang='lat' dir='ltr'><strong>idem</strong></span> <span class='ocrx_word' id='word_1_228' title='bbox 658 2082 738 2111; x_wconf 86' lang='lat' dir='ltr'><strong>reci-</strong></span> 
     </span>
     <span class='ocr_line' id='line_1_43' title="bbox 166 2129 738 2171; baseline -0.003 -11"><span class='ocrx_word' id='word_1_229' title='bbox 166 2142 239 2171; x_wconf 82' lang='lat' dir='ltr'><strong>pere</strong></span> <span class='ocrx_word' id='word_1_230' title='bbox 253 2132 395 2161; x_wconf 73' lang='lat' dir='ltr'><strong>animum</strong></span> <span class='ocrx_word' id='word_1_231' title='bbox 409 2138 439 2160; x_wconf 86' lang='lat' dir='ltr'><strong>ct</strong></span> <span class='ocrx_word' id='word_1_232' title='bbox 457 2131 489 2160; x_wconf 93' lang='lat' dir='ltr'><strong>iu</strong></span> <span class='ocrx_word' id='word_1_233' title='bbox 505 2129 678 2160; x_wconf 82' lang='lat' dir='ltr'>discrimen</span> <span class='ocrx_word' id='word_1_234' title='bbox 691 2138 738 2159; x_wconf 83' lang='lat' dir='ltr'><strong>re·</strong></span> 
     </span>
     <span class='ocr_line' id='line_1_44' title="bbox 167 2176 244 2210; baseline 0.039 -3"><span class='ocrx_word' id='word_1_235' title='bbox 167 2176 244 2210; x_wconf 77' lang='lat' dir='ltr'><strong>dire.</strong></span> 
     </span>
    </p>
   </div>
   <div class='ocr_carea' id='block_1_11' title="bbox 783 873 1367 2219">
    <p class='ocr_par' dir='ltr' id='par_1_14' title="bbox 783 873 1367 2219">
     <span class='ocr_line' id='line_1_45' title="bbox 837 873 1365 920; baseline 0.006 -13"><span class='ocrx_word' id='word_1_236' title='bbox 837 879 915 914; x_wconf 81' lang='grc'><strong>450.</strong></span> <span class='ocrx_word' id='word_1_237' title='bbox 943 879 1162 920; x_wconf 80' lang='lat' dir='ltr'><em>Campumque</em></span> <span class='ocrx_word' id='word_1_238' title='bbox 1181 873 1285 910; x_wconf 58' lang='lat' dir='ltr'><strong>atrurn</strong></span> <span class='ocrx_word' id='word_1_239' title='bbox 1313 892 1365 911; x_wconf 86' lang='lat' dir='ltr'><strong>ra-</strong></span> 
     </span>
     <span class='ocr_line' id='line_1_46' title="bbox 783 923 1362 966; baseline 0.009 -13"><span class='ocrx_word' id='word_1_240' title='bbox 783 923 836 964; x_wconf 78' lang='lat' dir='ltr'><strong>pic</strong></span> <span class='ocrx_word' id='word_1_241' title='bbox 856 924 988 966; x_wconf 77' lang='lat' dir='ltr'><strong>agmine</strong></span> <span class='ocrx_word' id='word_1_242' title='bbox 1015 933 1128 965; x_wconf 80' lang='lat' dir='ltr'><strong>aperto</strong></span> <span class='ocrx_word' id='word_1_243' title='bbox 1152 926 1249 958; x_wconf 88' lang='lat' dir='ltr'><strong>Goth.</strong></span> <span class='ocrx_word' id='word_1_244' title='bbox 1281 938 1362 964; x_wconf 86' lang='lat' dir='ltr'><strong>sec.‚</strong></span> 
     </span>
     <span class='ocr_line' id='line_1_47' title="bbox 789 970 1364 1013; baseline 0.009 -14"><span class='ocrx_word' id='word_1_245' title='bbox 789 970 913 1010; x_wconf 84' lang='lat' dir='ltr'>elegans</span> <span class='ocrx_word' id='word_1_246' title='bbox 931 971 1027 1002; x_wconf 89' lang='lat' dir='ltr'><strong>lectio</strong></span> <span class='ocrx_word' id='word_1_247' title='bbox 1045 981 1052 1002; x_wconf 91' lang='lat'><strong>:</strong></span> <span class='ocrx_word' id='word_1_248' title='bbox 1070 971 1166 1002; x_wconf 87' lang='lat' dir='ltr'><strong>modo</strong></span> <span class='ocrx_word' id='word_1_249' title='bbox 1186 975 1364 1013; x_wconf 80' lang='lat' dir='ltr'><strong>graviorem</strong></span> 
     </span>
     <span class='ocr_line' id='line_1_48' title="bbox 790 1017 1364 1050; baseline 0.009 -5"><span class='ocrx_word' id='word_1_250' title='bbox 790 1023 952 1046; x_wconf 86' lang='lat' dir='ltr'><strong>auctorem</strong></span> <span class='ocrx_word' id='word_1_251' title='bbox 979 1017 1121 1048; x_wconf 81' lang='lat' dir='ltr'><strong>haberet.</strong></span> <span class='ocrx_word' id='word_1_252' title='bbox 1154 1020 1364 1050; x_wconf 80' lang='lat' dir='ltr'><strong>Transferunt</strong></span> 
     </span>
     <span class='ocr_line' id='line_1_49' title="bbox 788 1063 1364 1105; baseline 0.009 -14"><span class='ocrx_word' id='word_1_253' title='bbox 788 1069 894 1102; x_wconf 83' lang='lat' dir='ltr'><strong>poetae</strong></span> <span class='ocrx_word' id='word_1_254' title='bbox 915 1063 1101 1103; x_wconf 70' lang='lat' dir='ltr'><strong>praedicata,</strong></span> <span class='ocrx_word' id='word_1_255' title='bbox 1125 1064 1265 1105; x_wconf 74' lang='lat' dir='ltr'><strong>adeoque</strong></span> <span class='ocrx_word' id='word_1_256' title='bbox 1285 1066 1317 1096; x_wconf 92' lang='lat' dir='ltr'><strong>h.</strong></span> <span class='ocrx_word' id='word_1_257' title='bbox 1341 1066 1364 1096; x_wconf 94' lang='lat' dir='ltr'><strong>l.</strong></span> 
     </span>
     <span class='ocr_line' id='line_1_50' title="bbox 790 1108 1364 1152; baseline 0.007 -14"><span class='ocrx_word' id='word_1_258' title='bbox 790 1108 829 1138; x_wconf 85' lang='lat' dir='ltr'><strong>ad</strong></span> <span class='ocrx_word' id='word_1_259' title='bbox 846 1119 993 1149; x_wconf 80' lang='lat' dir='ltr'><strong>campum</strong></span> <span class='ocrx_word' id='word_1_260' title='bbox 1004 1132 1012 1146; x_wconf 93' lang='lat'>‚</span> <span class='ocrx_word' id='word_1_261' title='bbox 1028 1109 1115 1150; x_wconf 89' lang='lat' dir='ltr'><strong>quod</strong></span> <span class='ocrx_word' id='word_1_262' title='bbox 1130 1112 1247 1152; x_wconf 82' lang='lat' dir='ltr'><strong>agmini</strong></span> <span class='ocrx_word' id='word_1_263' title='bbox 1267 1112 1364 1142; x_wconf 86' lang='lat' dir='ltr'><strong>debe-</strong></span> 
     </span>
     <span class='ocr_line' id='line_1_51' title="bbox 785 1155 1363 1199; baseline 0.005 -14"><span class='ocrx_word' id='word_1_264' title='bbox 785 1161 844 1185; x_wconf 81' lang='lat' dir='ltr'><strong>·tur</strong></span> <span class='ocrx_word' id='word_1_265' title='bbox 859 1165 867 1186; x_wconf 73' lang='grc' dir='ltr'><strong><em>ε</em></strong></span> <span class='ocrx_word' id='word_1_266' title='bbox 884 1155 971 1196; x_wconf 77' lang='lat' dir='ltr'><strong>rapit</strong></span> <span class='ocrx_word' id='word_1_267' title='bbox 993 1167 1141 1197; x_wconf 83' lang='lat' dir='ltr'><strong>campum</strong></span> <span class='ocrx_word' id='word_1_268' title='bbox 1161 1156 1303 1199; x_wconf 80' lang='lat' dir='ltr'><strong>agmine.</strong></span> <span class='ocrx_word' id='word_1_269' title='bbox 1318 1175 1363 1181; x_wconf 91' lang='grc'><strong>--</strong></span> 
     </span>
     <span class='ocr_line' id='line_1_52' title="bbox 791 1201 1361 1246; baseline 0.005 -14"><span class='ocrx_word' id='word_1_270' title='bbox 791 1201 902 1242; x_wconf 74' lang='lat' dir='ltr'><strong>Rapit,</strong></span> <span class='ocrx_word' id='word_1_271' title='bbox 922 1202 1012 1233; x_wconf 88' lang='lat' dir='ltr'><strong>ducit</strong></span> <span class='ocrx_word' id='word_1_272' title='bbox 1037 1204 1217 1234; x_wconf 87' lang='lat' dir='ltr'><strong>concitate:</strong></span> <span class='ocrx_word' id='word_1_273' title='bbox 1237 1204 1361 1246; x_wconf 85' lang='lat' dir='ltr'><strong>elegan-</strong></span> 
     </span>
     <span class='ocr_line' id='line_1_53' title="bbox 791 1249 1362 1292; baseline 0.005 -14"><span class='ocrx_word' id='word_1_274' title='bbox 791 1249 858 1278; x_wconf 71' lang='lat' dir='ltr'><strong>tius</strong></span> <span class='ocrx_word' id='word_1_275' title='bbox 873 1259 968 1290; x_wconf 83' lang='lat' dir='ltr'><strong>quam</strong></span> <span class='ocrx_word' id='word_1_276' title='bbox 983 1249 1073 1280; x_wconf 88' lang='lat' dir='ltr'><strong>ducit</strong></span> <span class='ocrx_word' id='word_1_277' title='bbox 1091 1260 1098 1281; x_wconf 88' lang='lat'>:</span> <span class='ocrx_word' id='word_1_278' title='bbox 1113 1257 1218 1281; x_wconf 82' lang='lat' dir='ltr'><strong>atrum</strong></span> <span class='ocrx_word' id='word_1_279' title='bbox 1238 1250 1278 1280; x_wconf 86' lang='lat' dir='ltr'><strong>ad</strong></span> <span class='ocrx_word' id='word_1_280' title='bbox 1292 1251 1362 1292; x_wconf 82' lang='lat' dir='ltr'><strong>pul-</strong></span> 
     </span>
     <span class='ocr_line' id='line_1_54' title="bbox 790 1296 1364 1338; baseline 0.005 -14"><span class='ocrx_word' id='word_1_281' title='bbox 790 1305 898 1325; x_wconf 78' lang='lat' dir='ltr'><strong>verem</strong></span> <span class='ocrx_word' id='word_1_282' title='bbox 913 1296 1004 1327; x_wconf 86' lang='lat' dir='ltr'><strong>refer.</strong></span> <span class='ocrx_word' id='word_1_283' title='bbox 1017 1314 1063 1320; x_wconf 91' lang='lat'><strong>—-</strong></span> <span class='ocrx_word' id='word_1_284' title='bbox 1074 1297 1115 1333; x_wconf 77' lang='lat'><strong>45</strong></span> <span class='ocrx_word' id='word_1_285' title='bbox 1124 1307 1137 1326; x_wconf 90' lang='lat'>1</span> <span class='ocrx_word' id='word_1_286' title='bbox 1154 1307 1222 1338; x_wconf 88' lang='lat' dir='ltr'>sqq.</span> <span class='ocrx_word' id='word_1_287' title='bbox 1242 1298 1364 1327; x_wconf 88' lang='lat' dir='ltr'><strong>Iterum</strong></span> 
     </span>
     <span class='ocr_line' id='line_1_55' title="bbox 791 1341 1364 1384; baseline 0.005 -13"><span class='ocrx_word' id='word_1_288' title='bbox 791 1341 867 1380; x_wconf 75' lang='grc' dir='ltr'><strong>οἰός,</strong></span> <span class='ocrx_word' id='word_1_289' title='bbox 881 1342 973 1382; x_wconf 73' lang='grc' dir='ltr'><strong>τοῖος,</strong></span> <span class='ocrx_word' id='word_1_290' title='bbox 993 1354 1053 1384; x_wconf 91' lang='lat' dir='ltr'><strong>pro</strong></span> <span class='ocrx_word' id='word_1_291' title='bbox 1071 1343 1122 1380; x_wconf 81' lang='grc' dir='ltr'><strong>ὡς,</strong></span> <span class='ocrx_word' id='word_1_292' title='bbox 1142 1341 1249 1378; x_wconf 72' lang='grc' dir='ltr'><strong>οὕτως.</strong></span> <span class='ocrx_word' id='word_1_293' title='bbox 1269 1343 1364 1374; x_wconf 91' lang='lat' dir='ltr'><strong>Com-</strong></span> 
     </span>
     <span class='ocr_line' id='line_1_56' title="bbox 790 1389 1363 1429; baseline 0.003 -11"><span class='ocrx_word' id='word_1_294' title='bbox 790 1390 911 1429; x_wconf 80' lang='lat' dir='ltr'><strong>paratio</strong></span> <span class='ocrx_word' id='word_1_295' title='bbox 939 1400 980 1420; x_wconf 87' lang='lat' dir='ltr'><strong>ex</strong></span> <span class='ocrx_word' id='word_1_296' title='bbox 998 1391 1140 1420; x_wconf 85' lang='lat' dir='ltr'><strong>Homero</strong></span> <span class='ocrx_word' id='word_1_297' title='bbox 1164 1389 1284 1421; x_wconf 75' lang='lat' dir='ltr'><strong>ducta:</strong></span> <span class='ocrx_word' id='word_1_298' title='bbox 1307 1389 1363 1420; x_wconf 88' lang='lat' dir='ltr'><strong>sed</strong></span> 
     </span>
     <span class='ocr_line' id='line_1_57' title="bbox 790 1437 1365 1478; baseline 0.003 -14"><span class='ocrx_word' id='word_1_299' title='bbox 790 1437 909 1465; x_wconf 77' lang='lat' dir='ltr'><strong>variata</strong></span> <span class='ocrx_word' id='word_1_300' title='bbox 930 1438 1054 1478; x_wconf 81' lang='lat' dir='ltr'>egregie</span> <span class='ocrx_word' id='word_1_301' title='bbox 1076 1444 1107 1467; x_wconf 88' lang='lat' dir='ltr'><strong>et</strong></span> <span class='ocrx_word' id='word_1_302' title='bbox 1134 1443 1246 1467; x_wconf 86' lang='lat' dir='ltr'><strong>ornata</strong></span> <span class='ocrx_word' id='word_1_303' title='bbox 1271 1437 1365 1466; x_wconf 84' lang='lat' dir='ltr'><strong>novis</strong></span> 
     </span>
     <span class='ocr_line' id='line_1_58' title="bbox 791 1479 1363 1522; baseline 0 -11"><span class='ocrx_word' id='word_1_304' title='bbox 791 1482 1044 1514; x_wconf 83' lang='lat' dir='ltr'><strong>accessionibus:</strong></span> <span class='ocrx_word' id='word_1_305' title='bbox 1056 1483 1145 1514; x_wconf 84' lang='lat' dir='ltr'>Iliad.</span> <span class='ocrx_word' id='word_1_306' title='bbox 1162 1479 1183 1512; x_wconf 69' lang='grc' dir='ltr'><em>ὃ</em></span> <span class='ocrx_word' id='word_1_307' title='bbox 1192 1505 1200 1519; x_wconf 86' lang='grc'><strong>,</strong></span> <span class='ocrx_word' id='word_1_308' title='bbox 1215 1483 1279 1521; x_wconf 81' lang='lat'><strong>275</strong></span> <span class='ocrx_word' id='word_1_309' title='bbox 1294 1492 1363 1522; x_wconf 84' lang='lat' dir='ltr'>sqq.</span> 
     </span>
     <span class='ocr_line' id='line_1_59' title="bbox 790 1528 1365 1568; baseline 0 -11"><span class='ocrx_word' id='word_1_310' title='bbox 790 1538 857 1558; x_wconf 87' lang='lat' dir='ltr'><strong>nou</strong></span> <span class='ocrx_word' id='word_1_311' title='bbox 871 1539 947 1558; x_wconf 87' lang='lat' dir='ltr'><strong>vero</strong></span> <span class='ocrx_word' id='word_1_312' title='bbox 961 1528 1051 1559; x_wconf 86' lang='lat' dir='ltr'>Iliad.</span> <span class='ocrx_word' id='word_1_313' title='bbox 1067 1540 1081 1557; x_wconf 89' lang='grc' dir='ltr'>ν</span> <span class='ocrx_word' id='word_1_314' title='bbox 1093 1551 1102 1565; x_wconf 94' lang='grc'>,</span> <span class='ocrx_word' id='word_1_315' title='bbox 1116 1530 1181 1563; x_wconf 70' lang='lat'><strong>334</strong></span> <span class='ocrx_word' id='word_1_316' title='bbox 1197 1539 1265 1568; x_wconf 82' lang='lat' dir='ltr'>sqq.</span> <span class='ocrx_word' id='word_1_317' title='bbox 1281 1538 1365 1557; x_wconf 88' lang='lat' dir='ltr'><strong>com-</strong></span> 
     </span>
     <span class='ocr_line' id='line_1_60' title="bbox 790 1573 1362 1613; baseline 0.002 -10"><span class='ocrx_word' id='word_1_318' title='bbox 790 1575 893 1613; x_wconf 78' lang='lat' dir='ltr'><strong>parari</strong></span> <span class='ocrx_word' id='word_1_319' title='bbox 918 1581 948 1604; x_wconf 86' lang='lat' dir='ltr'><strong>et</strong></span> <span class='ocrx_word' id='word_1_320' title='bbox 971 1575 1099 1604; x_wconf 87' lang='lat' dir='ltr'><strong>Maroni</strong></span> <span class='ocrx_word' id='word_1_321' title='bbox 1121 1573 1292 1605; x_wconf 83' lang='lat' dir='ltr'><strong>obtrectari</strong></span> <span class='ocrx_word' id='word_1_322' title='bbox 1308 1573 1362 1604; x_wconf 81' lang='lat' dir='ltr'><strong>dc-</strong></span> 
     </span>
     <span class='ocr_line' id='line_1_61' title="bbox 791 1617 1365 1661; baseline 0.002 -12"><span class='ocrx_word' id='word_1_323' title='bbox 791 1619 885 1650; x_wconf 76' lang='lat' dir='ltr'><strong>bebat</strong></span> <span class='ocrx_word' id='word_1_324' title='bbox 902 1630 909 1651; x_wconf 88' lang='lat'>:</span> <span class='ocrx_word' id='word_1_325' title='bbox 927 1619 1060 1661; x_wconf 80' lang='lat' dir='ltr'><strong>abrupto</strong></span> <span class='ocrx_word' id='word_1_326' title='bbox 1078 1620 1198 1656; x_wconf 74' lang='lat' dir='ltr'><strong>sidere,</strong></span> <span class='ocrx_word' id='word_1_327' title='bbox 1220 1617 1365 1661; x_wconf 73' lang='lat' dir='ltr'><strong>magnifi-</strong></span> 
     </span>
     <span class='ocr_line' id='line_1_62' title="bbox 789 1666 1367 1707; baseline 0.002 -12"><span class='ocrx_word' id='word_1_328' title='bbox 789 1676 841 1704; x_wconf 85' lang='lat' dir='ltr'><strong>ce,</strong></span> <span class='ocrx_word' id='word_1_329' title='bbox 856 1677 916 1706; x_wconf 86' lang='lat' dir='ltr'><strong>pro</strong></span> <span class='ocrx_word' id='word_1_330' title='bbox 931 1666 1068 1706; x_wconf 81' lang='lat' dir='ltr'><strong>abrupta</strong></span> <span class='ocrx_word' id='word_1_331' title='bbox 1082 1666 1185 1704; x_wconf 85' lang='lat' dir='ltr'><strong>nube,</strong></span> <span class='ocrx_word' id='word_1_332' title='bbox 1201 1677 1274 1707; x_wconf 84' lang='lat' dir='ltr'><strong>quae</strong></span> <span class='ocrx_word' id='word_1_333' title='bbox 1286 1667 1367 1696; x_wconf 88' lang='lat' dir='ltr'><strong>nim-</strong></span> 
     </span>
     <span class='ocr_line' id='line_1_63' title="bbox 792 1712 1365 1752; baseline 0.002 -11"><span class='ocrx_word' id='word_1_334' title='bbox 792 1712 870 1741; x_wconf 88' lang='lat' dir='ltr'><strong>bum</strong></span> <span class='ocrx_word' id='word_1_335' title='bbox 882 1735 891 1750; x_wconf 87' lang='lat'>,</span> <span class='ocrx_word' id='word_1_336' title='bbox 918 1713 1089 1752; x_wconf 86' lang='lat' dir='ltr'><strong>procellam</strong></span> <span class='ocrx_word' id='word_1_337' title='bbox 1101 1735 1110 1750; x_wconf 90' lang='lat'>,</span> <span class='ocrx_word' id='word_1_338' title='bbox 1141 1713 1226 1743; x_wconf 73' lang='lat' dir='ltr'><strong>facit.</strong></span> <span class='ocrx_word' id='word_1_339' title='bbox 1256 1715 1365 1743; x_wconf 82' lang='lat' dir='ltr'>Ausus</span> 
     </span>
     <span class='ocr_line' id='line_1_64' title="bbox 791 1757 1366 1800; baseline 0.003 -14"><span class='ocrx_word' id='word_1_340' title='bbox 791 1757 853 1787; x_wconf 91' lang='lat' dir='ltr'><strong>hoc</strong></span> <span class='ocrx_word' id='word_1_341' title='bbox 879 1757 1006 1788; x_wconf 78' lang='lat' dir='ltr'><strong>videtur</strong></span> <span class='ocrx_word' id='word_1_342' title='bbox 1026 1766 1118 1800; x_wconf 84' lang='lat' dir='ltr'><strong>poeta</strong></span> <span class='ocrx_word' id='word_1_343' title='bbox 1130 1781 1138 1797; x_wconf 93' lang='lat'>,</span> <span class='ocrx_word' id='word_1_344' title='bbox 1151 1769 1251 1800; x_wconf 90' lang='lat' dir='ltr'><strong>quum</strong></span> <span class='ocrx_word' id='word_1_345' title='bbox 1269 1758 1366 1789; x_wconf 86' lang='lat' dir='ltr'><strong>semel</strong></span> 
     </span>
     <span class='ocr_line' id='line_1_65' title="bbox 791 1803 1364 1847; baseline 0.002 -14"><span class='ocrx_word' id='word_1_346' title='bbox 791 1803 877 1834; x_wconf 76' lang='lat' dir='ltr'>sidus</span> <span class='ocrx_word' id='word_1_347' title='bbox 901 1803 940 1834; x_wconf 87' lang='lat' dir='ltr'><strong>de</strong></span> <span class='ocrx_word' id='word_1_348' title='bbox 966 1811 1149 1847; x_wconf 82' lang='lat' dir='ltr'><strong>tempestate</strong></span> <span class='ocrx_word' id='word_1_349' title='bbox 1173 1804 1277 1834; x_wconf 81' lang='lat' dir='ltr'><strong>dicere</strong></span> <span class='ocrx_word' id='word_1_350' title='bbox 1301 1803 1364 1834; x_wconf 86' lang='lat' dir='ltr'><strong>sol-</strong></span> 
     </span>
     <span class='ocr_line' id='line_1_66' title="bbox 792 1850 1364 1891; baseline 0 -12"><span class='ocrx_word' id='word_1_351' title='bbox 792 1850 886 1880; x_wconf 87' lang='lat' dir='ltr'><strong>lenne</strong></span> <span class='ocrx_word' id='word_1_352' title='bbox 895 1852 954 1888; x_wconf 89' lang='lat' dir='ltr'><strong>sit,</strong></span> <span class='ocrx_word' id='word_1_353' title='bbox 966 1852 1118 1891; x_wconf 77' lang='lat' dir='ltr'><strong>quoniam</strong></span> <span class='ocrx_word' id='word_1_354' title='bbox 1128 1850 1189 1881; x_wconf 90' lang='lat' dir='ltr'>sub</span> <span class='ocrx_word' id='word_1_355' title='bbox 1202 1856 1364 1880; x_wconf 80' lang='lat' dir='ltr'><strong>certorum</strong></span> 
     </span>
     <span class='ocr_line' id='line_1_67' title="bbox 791 1896 1366 1936; baseline -0.003 -9"><span class='ocrx_word' id='word_1_356' title='bbox 791 1896 933 1927; x_wconf 82' lang='lat' dir='ltr'><strong>siderum</strong></span> <span class='ocrx_word' id='word_1_357' title='bbox 949 1904 1024 1928; x_wconf 87' lang='lat' dir='ltr'><strong>ortu</strong></span> <span class='ocrx_word' id='word_1_358' title='bbox 1038 1897 1087 1927; x_wconf 75' lang='lat' dir='ltr'><strong>vel</strong></span> <span class='ocrx_word' id='word_1_359' title='bbox 1103 1906 1215 1927; x_wconf 82' lang='lat' dir='ltr'><strong>occasu</strong></span> <span class='ocrx_word' id='word_1_360' title='bbox 1235 1902 1366 1936; x_wconf 79' lang='lat' dir='ltr'><strong>tempes-</strong></span> 
     </span>
     <span class='ocr_line' id='line_1_68' title="bbox 794 1941 1365 1983; baseline -0.002 -10"><span class='ocrx_word' id='word_1_361' title='bbox 794 1950 872 1974; x_wconf 83' lang='lat' dir='ltr'><strong>tates</strong></span> <span class='ocrx_word' id='word_1_362' title='bbox 906 1942 1000 1974; x_wconf 83' lang='lat' dir='ltr'><strong>fiunt.</strong></span> <span class='ocrx_word' id='word_1_363' title='bbox 1035 1941 1185 1983; x_wconf 80' lang='lat' dir='ltr'><strong>Abruptis</strong></span> <span class='ocrx_word' id='word_1_364' title='bbox 1213 1942 1365 1982; x_wconf 80' lang='lat' dir='ltr'><strong>procellis</strong></span> 
     </span>
     <span class='ocr_line' id='line_1_69' title="bbox 795 1987 1366 2030; baseline -0.004 -10"><span class='ocrx_word' id='word_1_365' title='bbox 795 1990 852 2020; x_wconf 75' lang='lat' dir='ltr'><strong>Ge.</strong></span> <span class='ocrx_word' id='word_1_366' title='bbox 872 1991 938 2026; x_wconf 91' lang='lat'>111,</span> <span class='ocrx_word' id='word_1_367' title='bbox 956 1990 1042 2030; x_wconf 80' lang='lat'><strong>259;</strong></span> <span class='ocrx_word' id='word_1_368' title='bbox 1065 1987 1204 2029; x_wconf 77' lang='lat' dir='ltr'><strong>abruptis</strong></span> <span class='ocrx_word' id='word_1_369' title='bbox 1233 1988 1366 2018; x_wconf 82' lang='lat' dir='ltr'><strong>nubibus</strong></span> 
     </span>
     <span class='ocr_line' id='line_1_70' title="bbox 795 2035 1364 2075; baseline -0.002 -9"><span class='ocrx_word' id='word_1_370' title='bbox 795 2038 866 2067; x_wconf 81' lang='lat' dir='ltr'><strong>AEn.</strong></span> <span class='ocrx_word' id='word_1_371' title='bbox 890 2035 946 2067; x_wconf 86' lang='lat' dir='ltr'><strong>lib.</strong></span> <span class='ocrx_word' id='word_1_372' title='bbox 977 2036 1048 2072; x_wconf 87' lang='lat'>111,</span> <span class='ocrx_word' id='word_1_373' title='bbox 1073 2045 1134 2075; x_wconf 88' lang='lat'><strong>199</strong></span> <span class='ocrx_word' id='word_1_374' title='bbox 1162 2035 1296 2067; x_wconf 80' lang='lat' dir='ltr'><strong>dixerat.</strong></span> <span class='ocrx_word' id='word_1_375' title='bbox 1317 2036 1364 2067; x_wconf 88' lang='lat' dir='ltr'><strong>Si-</strong></span> 
     </span>
     <span class='ocr_line' id='line_1_71' title="bbox 793 2081 1363 2122; baseline 0 -10"><span class='ocrx_word' id='word_1_376' title='bbox 793 2082 909 2112; x_wconf 81' lang='lat' dir='ltr'><strong>militer</strong></span> <span class='ocrx_word' id='word_1_377' title='bbox 927 2092 1073 2122; x_wconf 71' lang='lat' dir='ltr'><strong>proeceps</strong></span> <span class='ocrx_word' id='word_1_378' title='bbox 1103 2081 1224 2112; x_wconf 83' lang='lat' dir='ltr'><strong>dictum</strong></span> <span class='ocrx_word' id='word_1_379' title='bbox 1253 2092 1363 2112; x_wconf 88' lang='lat' dir='ltr'><strong>occur-</strong></span> 
     </span>
     <span class='ocr_line' id='line_1_72' title="bbox 792 2127 1362 2169; baseline 0.002 -11"><span class='ocrx_word' id='word_1_380' title='bbox 792 2138 860 2158; x_wconf 86' lang='lat' dir='ltr'><strong>rere</strong></span> <span class='ocrx_word' id='word_1_381' title='bbox 877 2128 1018 2158; x_wconf 83' lang='lat' dir='ltr'><strong>memiui.</strong></span> <span class='ocrx_word' id='word_1_382' title='bbox 1036 2127 1134 2157; x_wconf 81' lang='lat' dir='ltr'><strong>Dabit</strong></span> <span class='ocrx_word' id='word_1_383' title='bbox 1149 2127 1224 2165; x_wconf 82' lang='lat' dir='ltr'><strong>iIIe;</strong></span> <span class='ocrx_word' id='word_1_384' title='bbox 1240 2135 1362 2169; x_wconf 86' lang='lat' dir='ltr'><strong>tempo-</strong></span> 
     </span>
     <span class='ocr_line' id='line_1_73' title="bbox 791 2173 1363 2219; baseline 0.002 -15"><span class='ocrx_word' id='word_1_385' title='bbox 791 2184 824 2205; x_wconf 81' lang='lat' dir='ltr'><strong>re</strong></span> <span class='ocrx_word' id='word_1_386' title='bbox 843 2174 952 2206; x_wconf 81' lang='lat' dir='ltr'><strong>futuro</strong></span> <span class='ocrx_word' id='word_1_387' title='bbox 969 2173 1037 2205; x_wconf 79' lang='lat' dir='ltr'><strong>haec</strong></span> <span class='ocrx_word' id='word_1_388' title='bbox 1062 2174 1198 2219; x_wconf 67' lang='grc' dir='ltr'><strong>ἐναργῶς</strong></span> <span class='ocrx_word' id='word_1_389' title='bbox 1221 2174 1337 2206; x_wconf 81' lang='lat' dir='ltr'><strong>extulit</strong></span> <span class='ocrx_word' id='word_1_390' title='bbox 1355 2183 1363 2205; x_wconf 75' lang='grc' dir='ltr'><strong><em>ε</em></strong></span> 
     </span>
    </p>
   </div>
  </div>
 </body>
</html>
