1414 2435
590 69 714 101 LIBER
737 70 796 100 XI.

1233 78 1299 108 219

96 134 148 170 Ut
166 130 264 168 vidit
282 129 488 179 fulgentem
504 127 637 172 armis,
659 140 702 164 ac
721 139 819 164 vana
838 136 1047 165 tumentem
1064 141 1073 162 :

99 211 114 226 «
135 195 231 238 Cur,
250 190 390 240 inquit,
412 188 584 226 diversus
601 187 706 225 abis?
726 188 802 224 huc
823 187 943 238 dirige
963 201 1153 239 gressum,
1253 196 1299 221 855

100 256 186 291 Huc
204 251 373 302 periture
391 250 498 296 veni,
516 249 643 299 capias
663 258 705 286 ut
725 248 839 299 digua
859 250 1024 286 Camillae

101 313 258 350 Praemia
276 327 284 348 ε
304 320 395 348 tune
414 311 527 348 etiam
548 311 630 347 telis
649 310 813 346 moriere
832 310 987 346 Dianae?
1011 327 1024 341 υ

100 371 223 419 Dixit,
244 381 282 409 et
301 381 434 410 aurata
453 372 650 409 volucrem
667 369 846 408 Threissa
864 371 1040 420 sagittam

105 535 232 571 -854.
250 536 346 564 Vana
362 540 555 570 tumentem,
577 532 681 575 (κατ’)

109 579 223 613 ἐτώσια
243 577 432 611 atsaiwaina.
458 580 623 617 Diversus,
646 581 682 610 in

104 628 250 665 diversa,
280 626 421 670 ἑτέρωθι,
446 627 511 666 jam
532 630 603 658 AEn.
622 627 681 658 lib.

109 677 138 705 V
149 697 158 712 ‚
199 675 279 711 166,
310 681 347 704 ut
383 676 475 704 toties
513 673 679 710 adversus,

109 731 235 750 aversas
251 732 262 750 .·
279 732 310 751 v.
328 732 355 751 c.
373 732 449 751 mox
467 721 506 759 87
517 721 682 752 1.·—-856.

111 767 222 809 Digna
257 768 406 798 Camillae
426 766 587 807 praemia,
613 777 682 807 poe-

110 825 184 843 nam
213 815 357 843 meritam
391 813 532 844 Camillae
568 820 681 844 morte.

111 862 188 900 Sup.
206 863 277 890 AEn.
305 861 353 897 11,
379 860 464 898 537,
493 867 526 889 et
544 860 683 901 praemia

111 906 250 936 reddant
263 906 381 937 debita.
392 924 439 930 —-
455 907 533 945 857.
548 906 601 937 Ad
618 918 684 937 ver-

110 952 176 982 ba:
199 954 288 982 Tune
311 953 409 983 etiam
437 953 478 983 ab
497 954 628 984 Heinsio
653 960 684 983 et

110 1000 297 1029 Burmanno
329 1000 377 1029 nil
402 1006 549 1029 notatum
577 1000 686 1029 mirari

111 1045 186 1074 licet
200 1055 208 1076 :
224 1056 326 1085 quum
340 1045 494 1086 expeditu
510 1044 597 1074 haud
614 1045 686 1074 faci-

113 1091 155 1121 lia
170 1092 244 1121 sint.
257 1092 326 1121 Aut
348 1093 433 1120 enim
455 1092 547 1132 jungi
568 1091 684 1122 debet:

117 1139 206 1166 Tune
225 1136 324 1166 etiam
335 1159 344 1173 ‚
367 1138 461 1166 etiam
483 1144 518 1166 tu
530 1160 538 1174 ‚
562 1138 629 1167 scil.
647 1137 686 1167 ad

114 1183 298 1222 exemplum
312 1190 360 1213 tot
373 1183 508 1213 aliorum
519 1206 527 1221 ‚
544 1185 599 1224 qui
613 1185 686 1214 Dia-

114 1239 163 1259 nae
189 1229 259 1258 telis
283 1230 405 1270 periere
421 1231 489 1260 :sic
514 1231 579 1260 fere
597 1233 685 1262 Serv.

113 1282 145 1306 et
173 1277 291 1306 Donat.
319 1277 388 1306 Aut
413 1286 422 1307 :
443 1276 543 1307 etiam
567 1277 687 1308 Dianoe

113 1322 202 1360 telis,
223 1333 266 1353 sc.
290 1333 348 1353 nec
361 1324 456 1361 meis;
474 1324 687 1365 exspectabis-

112 1380 153 1399 ne
164 1392 172 1406 ‚
189 1369 266 1398 dum
279 1380 296 1399 a
311 1371 412 1400 Diana
427 1371 495 1411 ipsa
516 1369 687 1401 interficia-

111 1417 177 1446 ris?
202 1417 300 1446 Erant
322 1423 430 1446 tamen
454 1418 554 1457 ipsius
577 1419 689 1448 Dianae

110 1463 250 1503 sagittae,
277 1463 396 1503 quibus
420 1465 499 1504 Opis
525 1464 687 1495 utebatur.

111 1510 268 1539 Neutrum
305 1511 379 1539 satis
410 1510 535 1550 placere
571 1518 686 1550 potest.

111 1556 212 1585 Possit
225 1555 362 1586 alterum
377 1555 584 1586 distinctione
598 1559 688 1595 juva-

111 1602 162 1631 ri:
186 1603 259 1631 Huc
279 1602 423 1643 periture
447 1604 537 1634 veni.
567 1603 687 1644 Capias

111 1653 147 1676 ut
168 1647 268 1688 digna
290 1649 438 1679 Camillae
462 1650 620 1686 Praemia‚
641 1658 686 1680 ιιι-

114 1703 155 1722 ne
170 1693 270 1729 eciam
292 1694 365 1724 telis
379 1696 514 1726 moriere
535 1697 653 1726 Dianae
668 1701 685 1726 Β

111 1740 161 1769 Ex
179 1739 413 1770 Cerdae⁴mente
427 1741 514 1772 dolet
523 1742 685 1782 Nympha,

111 1780 317 1816 ffaudulento
345 1787 470 1817 homini
503 1790 687 1829 contingere

111 1832 283 1873 gloriosam
307 1840 460 1870 mortem,
481 1844 582 1874 quum
605 1835 688 1874 peri-

113 1886 205 1909 turus
214 1880 254 1909 sit
265 1881 375 1910 Dianae
386 1880 465 1910 telis.
474 1882 523 1910 Ex
533 1880 627 1909 simili
638 1881 688 1910 in-

112 1924 297 1966 dignatione
311 1926 433 1956 dictum
448 1926 581 1967 putabat
594 1926 690 1957 Guel-

113 1971 187 2002 lius.
204 1973 298 2003 Alius
313 1973 427 2004 modus
447 1981 511 2010 est,
530 1980 566 2003 nt
584 1984 625 2003 ex
644 1973 688 2002 af-

116 2017 202 2049 fectu
224 2020 424 2060 reliquorum
442 2021 535 2050 etiam
557 2019 619 2050 hoc
640 2019 687 2050 dj-

117 2070 229 2096 catur:
250 2068 339 2097 Tune
358 2067 484 2097 etiam?
510 2066 595 2097 Telis
619 2077 686 2096 mo-

117 2109 198 2140 riere
233 2113 370 2150 Dianae,
402 2113 435 2144 h.
469 2116 562 2149 Tune
594 2115 687 2144 etiam

117 2156 242 2198 longius
263 2159 353 2190 abis?
371 2171 439 2190 nou
462 2171 553 2201 pares
577 2161 688 2190 dicto?

117 2203 204 2234 Ades
218 2215 294 2236 vero
304 2228 314 2244 ‚
329 2217 348 2237 o
361 2206 447 2238 bone
458 2229 466 2244 ,
483 2207 556 2237 telis
574 2207 687 2237 morie-

734 544 767 564 re
793 532 925 564 Dianae.
948 533 1005 563 L'ti
1027 533 1062 563 iu
1086 533 1307 575 objurgatione

735 579 833 610 etiam
847 580 990 610 sollenne
1006 587 1062 611 est.
1074 582 1190 611 Parum
1205 587 1310 611 tamen

735 628 832 668 epicae
862 626 1024 668 dignitan's
1050 634 1081 657 et
1109 626 1171 657 hoc
1200 627 1308 658 habet.

735 673 919 704 Brunckius
939 674 1074 703 mutavit
1090 673 1185 703 verba
1196 695 1205 710 ,
1224 680 1254 703 et
1269 685 1310 704 ex

737 721 923 759 conjectura
967 721 1112 760 reposuit
1147 729 1155 750 :
1201 721 1310 760 Tuque

737 765 834 796 etiam
845 778 859 802 ;
875 766 901 795 si
924 772 1029 795 tamen
1047 765 1158 795 locum
1179 767 1285 807 exigas
1300 776 1308 797 :

737 814 810 842 Huc
838 813 981 854 periture
1009 813 1084 842 veni
1106 821 1114 842 z
1139 812 1250 854 capias
1277 821 1312 842 uc

736 859 839 901 digna
861 858 1009 890 Camillae
1032 860 1192 896 Praemia,
1215 867 1312 900 tuque

737 905 836 935 etiam
854 904 926 936 celis
940 905 1074 935 moriere
1094 905 1213 936 Dianoe
1229 918 1241 936 .·
1255 907 1312 937 sri-

737 963 810 993 gere
823 953 939 981 sentias
953 951 1049 981 verba
1065 951 1174 988 etiam,
1193 959 1225 982 et
1237 964 1309 993 que,

738 1004 770 1027 et
784 1005 828 1028 tu.
845 998 1008 1029 Sententia
1029 999 1114 1027 enim
1137 998 1186 1028 his
1207 1000 1315 1029 verbis

738 1043 852 1073 finitur
865 1053 872 1075 ε
888 1044 956 1073 telis
971 1045 1082 1074 Dianae
1105 1046 1244 1075 moriere
1254 1068 1262 1082 ‚
1277 1053 1315 1076 ut

740 1091 844 1131 capias
874 1091 1003 1130 praemia
1040 1090 1135 1132 digna
1170 1092 1312 1123 Camilla.

739 1137 879 1167 Deberet
903 1137 947 1166 sic
969 1136 1078 1167 saltem
1094 1139 1251 1179 scriptum
1266 1149 1314 1169 es-

739 1194 772 1213 se
789 1193 796 1214 :
814 1191 846 1213 tn
864 1194 991 1224 quoque
1006 1195 1090 1213 nunc
1107 1184 1180 1214 telis
1198 1184 1315 1215 morie-

741 1241 775 1259 re
792 1229 922 1260 Dianoe.
937 1231 985 1260 Ex
998 1231 1234 1272 Rottendorph.
1250 1232 1314 1261 lec-

740 1277 827 1306 tione
861 1275 1007 1317 exsculpi
1033 1279 1133 1318 possit
1155 1277 1223 1307 haec
1251 1278 1315 1308 lec-

740 1324 786 1353 tio
801 1332 808 1353 :
826 1324 896 1353 Huc
911 1323 1055 1363 periture
1078 1323 1176 1361 veni,
1204 1323 1316 1365 capias

741 1377 776 1399 uc
798 1369 900 1411 digna
931 1370 1072 1400 Camilla
1097 1370 1239 1400 Praemia
1268 1378 1314 1401 te-

741 1427 822 1457 que,
843 1424 876 1446 et
889 1415 963 1457 jam
984 1416 1055 1445 telis
1074 1417 1214 1446 moriare
1233 1417 1316 1447 Dia-

743 1474 816 1499 nae;
833 1469 869 1492 ut
888 1464 928 1492 sit
946 1472 953 1493 :
969 1464 1052 1500 veui,
1066 1470 1103 1493 ut
1119 1465 1222 1504 capias
1236 1474 1316 1505 prae·

741 1511 804 1539 mia
821 1509 917 1550 digna
941 1509 1071 1540 Camilla
1093 1516 1124 1539 et
1144 1517 1193 1547 te,
1214 1517 1315 1551 utque

738 1557 803 1595 jam
824 1557 935 1586 Dianae
957 1556 1027 1585 telis
1051 1557 1197 1587 moriare.
1225 1557 1316 1588 Cete-

740 1614 832 1640 rum,
853 1603 911 1632 etsi
937 1603 1010 1632 satis
1034 1603 1218 1643 frequentes
1242 1611 1318 1634 sunt

740 1649 816 1679 tales
849 1649 1064 1679 c'avillationes
1095 1651 1254 1679 victorum
1285 1657 1318 1680 et

739 1696 882 1726 hostium
906 1697 940 1725 iu
960 1697 1084 1736 poeti5‚
1108 1703 1173 1726 tota
1187 1695 1256 1725 haec
1275 1698 1318 1727 Ο-

740 1744 789 1782 pis
816 1743 918 1771 oratio
948 1741 986 1770 ad
1014 1749 1160 1771 nostrum
1188 1752 1317 1772 sensum

740 1798 856 1828 parum
869 1787 965 1817 habet
982 1788 1143 1828 gravitatis
1162 1789 1269 1827 epicae.

791 1833 856 1862 858
881 1844 948 1873 sqq.
964 1832 1234 1873 Quandoquidem
1253 1845 1318 1865 me-

742 1879 905 1909 morabilis
926 1880 1011 1908 inter
1036 1886 1082 1909 tot
1097 1879 1172 1909 alias
1187 1879 1256 1911 haec
1272 1888 1320 1911 est

743 1926 901 1966 sagittatio
913 1948 921 1963 ‚
945 1936 1006 1965 qua
1028 1925 1086 1956 dea
1105 1926 1318 1957 ulciscebatur

743 1979 879 2002 mortem
897 1972 1038 2003 Camillae
1049 1995 1057 2009 ‚
1074 1973 1165 2011 cujus
1182 1973 1318 2004 admira-

744 2020 790 2049 tio
805 2018 910 2048 adhuc
924 2019 1046 2049 animos
1061 2025 1187 2050 nostros
1202 2021 1318 2057 tenuit,

742 2073 854 2095 ornata
875 2076 911 2095 ea
933 2072 979 2095 est
1003 2076 1019 2095 a
1043 2071 1153 2106 poeta,
1169 2066 1319 2108 exemplo

741 2112 914 2143 Homerico
938 2113 973 2142 in
994 2111 1140 2143 Pandaro
1165 2113 1257 2145 Iliad.
1275 2110 1316 2151 ὃ,

746 2159 810 2189 116
830 2170 897 2200 sqq.
910 2182 918 2197 ‚
944 2160 1002 2189 etsi
1026 2160 1184 2198 majorum
1209 2171 1317 2190 rerum

742 2205 873 2237 exordia
889 2206 929 2236 ab
942 2205 1004 2236 hoc
1018 2205 1154 2238 Pandari
1167 2207 1230 2238 telo
1243 2216 1320 2251 pro·⁴
