1414 2435
609 70 732 99 LIBER
756 71 797 99 x.
1257 77 1296 107 91

103 122 291 161 Verberat
310 125 515 174 adsurgens
538 139 546 160 :
567 133 744 174 spumant
763 125 859 161 vada
878 136 1065 161 marmore
1085 137 1206 162 verso.

105 183 218 219 Hunc
236 183 342 220 vehit
358 184 519 220 inmanis
538 184 692 231 Triton,
711 193 748 221 et
765 185 902 221 caerula
922 183 1066 221 concha

104 244 309 280 Exterrens
327 243 444 290 freta3
465 243 527 280 cui
546 244 709 280 laterum
727 253 836 281 tenus
856 243 1007 293 hispida
1024 244 1130 280 nanti
1251 259 1298 275 2¹0

104 304 224 338 Frons
241 301 434 338 hominem
454 303 627 351 p1·aesert;
648 304 687 338 in
708 302 843 352 pristin
860 301 997 338 desinit
1015 304 1136 350 alvus;

105 355 465 409 Spumea‘semifero
484 361 555 398 sub
576 371 730 410 pectore
747 370 960 398 murmurat
979 362 1092 399 unda.

104 420 177 455 Tot
195 419 282 456 lecti
299 432 477 469 proceres
497 429 555 456 ter
574 421 679 458 denis
695 420 857 458 navibus
876 420 983 457 ibant

105 477 285 515 Subsidio
304 480 448 529 Trojae,
467 489 504 516 et
523 493 676 529 campos
695 480 781 516 salis
800 492 874 515 aere
890 479 1078 517 secabant.

155 541 315 588 Jamque
335 539 414 575 dies
432 539 526 575 coelo
546 549 798 583 concesserat,
819 539 992 588 almaque
1011 553 1127 576 curru
1254 549 1301 572 215

103 598 316 648 Noctivago
335 598 476 635 Phoebe
496 599 663 636 medium
682 598 855 648 pulsabat
876 599 1082 648 Olympum
1102 614 1109 634 ε

105 659 260 702 AEneas,
278 669 402 706 neque
424 658 523 694 enim
542 658 721 695 membris
743 657 806 694 dat
823 670 918 708 cura
935 658 1117 705 quietem,

106 717 192 765 ljse
209 715 341 753 sedens
360 716 584 765 clavumque
601 717 716 766 regit,
736 717 904 765 velisque
922 716 1120 755 ministrat,

106 779 231 826 Atque
250 776 305 813 illi
321 776 447 813 medio
465 776 505 812 in
523 776 646 825 spatio
665 776 803 813 chorus
824 788 910 812 ecce
930 788 1086 813 suarum

106 929 200 961 Silius
215 933 282 968 XI,
301 937 365 971 49²
385 939 522 962 centeno
541 932 675 963 verbere

106 975 206 1014 dixit,
223 977 308 1007 conf.
334 977 444 1008 Cerda.
471 979 672 1019 Admrgere,

107 1022 279 1063 insurgere,
297 1034 497 1066 consurgere,
518 1032 603 1055 notae
620 1025 678 1054 ele-

107 1069 222 1108 gantiae
245 1070 421 1108 vocabula,
443 1070 481 1100 de
500 1072 571 1100 nisu
591 1072 676 1109 ejus,

107 1115 164 1153 qui
183 1120 236 1143 aut
255 1125 368 1156 magna
388 1118 422 1146 vi
440 1118 541 1146 ictum
560 1118 673 1153 infert,

109 1166 163 1189 aut
172 1160 331 1191 incumbit
341 1183 350 1198 ,
366 1162 527 1202 protrudit
539 1186 547 1200 ,
564 1163 676 1203 impel-

103 1206 151 1235 lit.
177 1207 224 1236 De
256 1217 414 1238 marmore
446 1210 605 1238 monitum
637 1209 676 1238 ad

106 1252 165 1281 Ge.
182 1253 213 1281 11
225 1275 234 1289 ‚
249 1253 326 1289 254.
346 1255 442 1285 Navis
466 1254 561 1292 hujus
584 1265 675 1294 para-

106 1307 216 1327 semon
231 1299 264 1328 in
277 1309 373 1339 prora
384 1301 498 1330 Triton
511 1307 557 1330 est
569 1300 678 1330 bucci-

106 1354 179 1373 nam
200 1345 325 1376 inflans.
350 1347 450 1375 Frons
473 1346 607 1375 lacerum
633 1354 677 1376 te-

108 1400 184 1426 nus,
203 1392 356 1431 exquisite
368 1413 376 1428 ,
399 1403 458 1432 pro
472 1393 539 1432 ipse
555 1403 571 1421 a
590 1392 678 1422 fron-

108 1442 138 1465 te
153 1447 254 1476 usque
268 1437 307 1466 ad
322 1438 419 1467 latera
431 1460 440 1475 ,
459 1449 516 1468 seu
534 1438 677 1468 medium

107 1492 288 1522 corpus.—
300 1493 377 1514 212.
397 1485 594 1513 Suavissimae
610 1495 677 1513 mo-

106 1527 277 1558 dulationis
303 1540 412 1559 versus
437 1541 477 1559 ex
501 1530 677 1570 Apollonio

106 1573 223 1622 cinctus
252 1582 299 1605 est
327 1575 385 1606 lib.
418 1577 452 1613 1,
476 1577 562 1613 542,
591 1577 675 1612 543:

105 1622 200 1661 Αφρῷ
230 1617 260 1650 δ’
283 1619 354 1651 ἔνθα
377 1618 432 1651 καὶ
456 1620 526 1652 ἔνθα
549 1621 675 1655 κελαινὴ

108 1663 228 1696 ἐκῆκιεν
242 1665 326 1708 ἅλμη
338 1689 346 1704 ,
363 1665 462 1697 Δεινόν
477 1667 676 1711 μῡρμύρουσκ

107 1710 278 1753 ἐρισθενέων
292 1712 375 1754 μένε’.
390 1710 522 1756 ἀνδρῶν.
536 1727 583 1737 “-
597 1726 614 1744 2
625 1721 674 1750 14.

109 1757 215 1797 Trojae
241 1769 344 1788 novae.
372 1761 418 1788 Et
441 1770 570 1799 campos
600 1761 678 1790 salis

108 1813 171 1833 aere
187 1804 331 1839 ruebant,
351 1812 387 1834 ut
398 1806 460 1843 jam
478 1808 549 1836 AEn.
571 1808 603 1843 Ι,
623 1807 675 1837 35.

146 1850 233 1887 7215.
252 1850 450 1880 Discesserat
463 1852 540 1881 olim
554 1853 589 1881 in
605 1852 675 1882 edd.

107 1890 271 1926 Mutatum
294 1897 329 1926 in
353 1897 403 1927 ed.
430 1898 516 1933 1514
544 1897 619 1928 Ald.
642 1899 676 1927 in

108 1950 331 1979 concesserac;
351 1944 439 1984 quod
462 1943 586 1974 codices
606 1944 676 1973 ubi-

109 1997 172 2027 que
193 1995 371 2029 agnoscunt
381 2012 388 2026 ,
403 1997 516 2030 praeter
532 1991 676 2020 Francia-

109 2043 207 2070 num,
228 2036 285 2074 qui
305 2037 539 2066 recentissimus
557 2043 622 2073 est,
642 2043 678 2065 ut

109 2085 141 2108 et
162 2079 260 2110 Goth.
282 2092 332 2122 pr,
355 2082 523 2112 detexerat
546 2082 675 2112 vratisl.

113 2123 210 2154 Cursu
231 2127 366 2158 Dorvill.
386 2146 432 2152 —-
452 2129 654 2159 Salebrosum
671 2150 680 2165 ,

108 2171 134 2201 si
153 2172 222 2212 quis
238 2173 333 2213 alius,
351 2175 385 2204 in
409 2176 542 2206 Marone
564 2175 674 2205 locum

729 933 850 969 evecti,
863 932 967 962 libero
989 932 1052 970 jam
1075 941 1163 961 nunc
1179 929 1299 960 incedi-

730 989 800 1009 mus
813 989 935 1019 campo.
953 977 1040 1013 Dies,
1057 983 1122 1007 erat
1134 978 1159 1006 is
1175 978 1303 1013 tertius,

731 1036 771 1055 ex
786 1035 851 1065 quo
865 1032 965 1055 castra
982 1024 1152 1064 reliquerat
1168 1026 1279 1053 AEneas
1293 1033 1301 1052 :

730 1072 757 1100 is
778 1072 845 1111 ipse
870 1071 954 1107 dies,
979 1081 1044 1110 quo
1069 1069 1181 1100 Rutuli
1204 1076 1302 1098 castra

731 1124 976 1158 oppugnarant:
1001 1127 1072 1156 sup.
1093 1115 1168 1145 inde
1194 1125 1211 1144 a
1233 1117 1301 1151 IX,

732 1164 809 1202 459.
828 1163 991 1203 Almaqne
1013 1173 1104 1191 curru
1121 1161 1300 1201 zVoctivago

730 1207 868 1244 Phoebe;
892 1207 1010 1251 ἅρματι
1043 1205 1229 1249 νυκτιπόλῳ.
1253 1208 1302 1236 Ex

729 1255 854 1296 Egnatii
873 1255 930 1285 lib.
954 1256 969 1284 I
992 1254 1030 1283 de
1057 1264 1164 1283 rerum
1191 1259 1303 1282 natura

732 1300 827 1330 ducta
847 1311 911 1330 esse
933 1300 1078 1330 Macrob.
1093 1301 1140 1328 VI
1152 1321 1160 1335 ‚
1180 1299 1198 1327 5
1215 1305 1302 1328 nota-

731 1347 796 1375 vit:
812 1340 949 1376 Roscida'
963 1345 1136 1386 noctivagis
1150 1344 1242 1373 astris
1257 1344 1303 1374 la-

731 1392 874 1421 bentibu¹
901 1391 1016 1422 Phoebe
1034 1392 1131 1421 Pulsa
1151 1391 1220 1420 Ioco
1241 1400 1303 1419 ces-

731 1438 773 1467 sit
792 1439 968 1468 concedens
999 1437 1116 1467 lucibus
1143 1436 1228 1467 alcis.
1256 1454 1301 1459 —-

733 1484 810 1514 218.
839 1486 1019 1524 Utrumque
1051 1483 1144 1513 docte
1169 1489 1207 1512 ut
1227 1493 1303 1523 poe-

731 1537 795 1560 tam
818 1530 930 1561 decet:
956 1530 1080 1559 clavum
1100 1529 1205 1570 regit3
1228 1539 1302 1569 pro-

730 1578 799 1616 prie
814 1587 928 1606 navem
946 1577 1084 1617 regimus
1101 1575 1191 1605 clavo
1208 1585 1215 1605 :
1234 1581 1301 1604 tum

730 1622 814 1652 velis
830 1622 1007 1658 ministrat,
1027 1632 1087 1662 pro
1098 1644 1106 1659 ,
1124 1622 1301 1657 ministrat,

729 1670 941 1698 ministerium
964 1675 1091 1709 praestat
1114 1668 1300 1703 nauticum,

731 1714 769 1744 ad
792 1715 870 1744 vela.
887 1715 971 1745 conf.
988 1725 1059 1754 sup.
1075 1713 1114 1743 ad
1134 1715 1180 1742 VI
1192 1735 1200 1750 ‚
1223 1714 1299 1742 302.

730 1761 790 1790 Sic.
813 1762 905 1790 Luna
925 1760 1086 1790 ministrae
1109 1758 1195 1798 equis
1217 1758 1302 1798 apud

732 1808 874 1846 Propert.
886 1808 933 1835 111
943 1829 951 1842 ‚
972 1811 1011 1841 14
1021 1828 1029 1840 ,
1051 1805 1088 1834 15
1098 1827 1106 1841 ‚
1125 1811 1155 1834 et
1169 1805 1300 1841 Statius,

731 1862 825 1890 quem
851 1852 903 1881 alii
929 1851 1121 1888 laudarunt,
1140 1849 1179 1880 de
1197 1851 1298 1891 Apol-

730 1897 794 1926 line
819 1898 929 1927 currui
952 1896 1109 1927 insidente
1130 1897 1188 1926 lib.
1212 1898 1295 1933 VII,

733 1944 794 1980 751
816 1945 887 1983 Ipse
905 1944 1019 1973 sedens
1033 1943 1102 1973 telis
1114 1942 1301 1983 pariterque

732 1988 889 2018 ministrat
921 1989 1063 2019 habenis.
1100 1989 1301 2020 Affectarum

731 2046 808 2065 mox
831 2035 915 2066 idem
936 2037 1106 2077 scriptores
1133 2036 1168 2065 in
1194 2035 1298 2066 soluta

731 2083 873 2111 oratione
884 2105 891 2118 ,
911 2089 948 2112 ut
961 2083 1088 2113 Tacitus
1105 2082 1213 2112 Germ.
1235 2087 1278 2117 44
1289 2104 1298 2118 ,

732 2128 790 2158 ubi
805 2127 878 2158 vide
893 2135 994 2159 notas.

777 2184 854 2214 219.
880 2174 989 2205 Medio
1015 2175 1048 2206 in
1073 2173 1188 2216 spacio.
1217 2174 1300 2204 Nam
