1414 2435
575 88 725 119 CULEX.

47 147 173 184 Multa
192 145 263 182 tibi
283 146 368 183 laeto
387 144 587 181 fundentes
607 146 745 195 gaudia
763 148 890 194 vultu,

45 214 134 261 Ipsa
152 209 225 245 loci
241 217 392 254 natura,
414 208 567 244 domum
591 217 792 245 resonante
809 221 984 256 susurro,

1203 231 1250 247 120

47 270 142 315 Quis
158 267 290 314 dabat,
312 276 349 304 et
367 267 468 304 dulci
488 267 601 304 fessas
620 266 817 304 refovebat
836 267 875 303 in
896 268 1042 307 umbra.

47 331 142 366 Nam
160 328 326 378 primum
345 340 468 378 prona
487 327 692 376 surgebant
712 328 808 364 valle
827 338 998 377 patentes

45 392 176 426 Aereae
192 390 366 439 platanus
385 404 393 425 :
413 389 512 426 inter
531 401 624 437 quas
641 387 745 437 inpia
763 388 880 435 lotos,

44 448 173 498 Inpia,
191 461 275 497 quae
294 448 416 485 socios
435 447 557 484 Ithaci
577 447 769 484 moerentis
789 448 933 498 abegit,

44 508 206 558 Hospita
226 507 316 545 dum
334 508 451 544 nimia
469 508 590 544 tenuit
611 507 811 545 dulcedine
831 519 971 560 captos.
1198 526 1244 549 ηδ

42 569 112 612 At,
134 566 273 616 quibus
293 567 430 617 insigni
448 581 563 604 curru
583 568 773 617 projectus
794 582 980 617 equorum

44 625 253 664 Ambustus
271 627 468 663 Phaethon
486 627 591 664 luctu
609 635 822 663 mutaverat
841 637 964 674 artus,

43 685 220 722 Heliades
238 686 376 722 teneris
397 686 577 735 amplexae
596 685 754 721 brachia
772 687 915 723 truncis

45 743 214 781 Candida
230 743 440 781 fundebant
459 744 570 781 tentis
589 743 776 780 velamina
794 745 920 781 ramis.

44 804 256 849 Posterius,
277 805 340 840 cui
358 803 613 852 Demophoon
633 809 773 838 aeterna
792 803 946 852 reliquit
1197 820 1242 843 130

44 863 244 901 Perfidiam
262 862 492 900 lamentandi
510 863 626 908 mala,
645 861 792 911 perfida
809 863 936 899 multis
955 877 964 898 τ

45 925 171 968 Quam
189 922 469 959 comitabantur
489 921 616 959 fatalia
633 922 798 958 carmina
815 935 996 971 quercus3

46 984 218 1027 Quercus
238 991 324 1019 ante
342 981 458 1028 datae,
475 981 622 1018 Cereris
642 993 753 1029 quam
772 981 933 1028 semina,
952 982 1040 1020 vitae
1061 999 1068 1018 :

49 1134 157 1167 diendi
185 1134 378 1178 videndique
406 1139 524 1177 tenuit,
550 1150 623 1181 gau-

51 1183 205 1214 dentium.
221 1186 282 1214 Pro
303 1184 366 1214 hoc
389 1195 397 1215 :
423 1186 535 1216 chorea
550 1187 622 1216 fun—

51 1229 148 1267 dens,
185 1236 216 1259 et
248 1240 308 1270 pro
341 1231 417 1269 hoc,
448 1231 624 1271 fiendemes

47 1275 193 1317 gandia,
222 1275 291 1316 quis
315 1276 416 1306 dabat
435 1276 559 1318 (quum
585 1279 624 1308 iis

49 1322 138 1351 daret
162 1331 197 1350 ea
221 1317 356 1362 gandia)
384 1322 453 1363 ipsa
475 1323 540 1353 Ioci
563 1334 623 1353 na-

50 1375 132 1397 tura.
158 1367 273 1397 scabra
288 1374 393 1398 tamen
411 1369 464 1398 vel
486 1371 531 1399 sic
553 1380 622 1400 ora-

47 1414 104 1443 tio.

102 1459 177 1496 123,
195 1470 206 1488 1
216 1466 270 1495 24.
282 1460 388 1501 Impia
398 1461 488 1497 lotos,
504 1461 618 1502 Impia,

50 1516 141 1546 quae;
157 1512 233 1535 nota
249 1505 352 1545 figura
375 1508 499 1537 Horatii
514 1518 620 1537 exem-

47 1552 104 1592 plo
120 1552 184 1590 jam
200 1561 217 1580 a
232 1553 388 1593 Scaligero
404 1560 513 1583 notato
531 1542 620 1583 flm-

43 1597 129 1638 pioe,
154 1607 230 1626 nam
247 1598 372 1639 quidp.
390 1609 432 1629 m.
456 1599 571 1639 lmpiae
587 1600 619 1631 d.

50 1644 152 1674 earm.
176 1643 244 1678 111,
276 1654 328 1681 11,
350 1646 410 1682 30,
432 1646 486 1683 31,
507 1653 538 1675 et
560 1646 619 1676 Ca-

47 1687 120 1718 tull.
136 1689 253 1725 LXIV,
277 1695 360 1727 404,
378 1692 455 1727 405.
473 1692 619 1732 Impietas

47 1740 168 1774 spectat
187 1732 274 1762 haud
293 1734 390 1765 dubie
409 1737 448 1766 ad
470 1738 618 1775 injuriam

48 1780 156 1820 [ly-ssi
171 1779 283 1809 factam
298 1782 392 1811 sociis
405 1783 545 1812 retentis.
557 1783 620 1811 Ab·

48 1826 132 1867 egit,
162 1825 280 1855 scilicet
305 1826 344 1856 ab
373 1827 496 1868 L'lyssis
523 1829 597 1857 navi
609 1851 617 1864 ‚

48 1872 212 1902 avocavit:
231 1872 407 1902 intercessit
433 1874 492 1903 loti
515 1875 619 1903 suavi-

45 1924 106 1954 tas,
129 1927 195 1957 quo
218 1918 324 1948 minus
344 1920 424 1949 socii
439 1919 562 1960 L‘lyssis
579 1919 618 1949 ad

47 1971 142 1992 naves
155 1963 304 1994 redirent.

97 2009 161 2039 126
174 2026 220 2032 ——-
235 2021 310 2050 129.
333 2011 449 2051 Populi
470 2011 611 2049 arbores,

48 2053 100 2082 vel
126 2055 189 2085 alni
217 2055 310 2096 (nam
338 2064 487 2097 utrasque
512 2059 616 2100 Virgi-

47 2097 110 2128 lius
122 2103 262 2140 agnoscit
275 2103 343 2134 Ecl.
360 2105 424 2141 Vl,
440 2105 482 2133 62
500 2110 530 2133 et
543 2107 615 2135 AEn.

48 2145 96 2181 X,
118 2145 213 2186 190),
230 2148 265 2176 in
281 2159 359 2188 quas
377 2156 504 2180 mutatae
519 2150 616 2181 Phae-

49 2188 168 2220 thontis
192 2201 334 2232 sorores,
359 2195 523 2234 Heliades,
549 2203 616 2227 tan-

201 2255 264 2290 IV.

677 1149 772 1179 quam
806 1135 886 1170 Solis
915 1150 956 1170 ex
985 1139 1139 1184 Clymene
1167 1145 1252 1178 filiae.

677 1187 807 1215 Factum
826 1196 866 1215 ex
884 1186 975 1217 luctu
998 1188 1036 1218 de
1058 1190 1164 1221 fratris
1180 1203 1253 1223 casu

677 1238 839 1271 suscept03
852 1232 940 1261 unde
955 1241 1048 1273 poeta
1061 1245 1068 1265 ε
1084 1237 1252 1269 ΡΙιαειΙιοη

677 1277 761 1306 luctu
784 1278 823 1306 iis
848 1286 1028 1309 mutaverat
1051 1289 1148 1312 artus.
1171 1285 1253 1315 Mox

677 1333 709 1354 v.
742 1323 821 1359 128,
852 1333 915 1363 129
938 1324 1002 1354 11οε
1024 1327 1105 1356 velle
1126 1329 1254 1360 videtur

677 1375 770 1409 poeta
788 1378 795 1398 :
814 1370 953 1409 populos
970 1371 1039 1401 illas
1055 1375 1191 1404 sororias
1209 1377 1252 1406 ita

677 1416 760 1444 inter
775 1425 807 1443 se
827 1415 1034 1446 condensatas
1056 1419 1119 1448 situ
1134 1421 1231 1451 fuisse
1242 1446 1250 1460 ‚

676 1467 712 1489 ut
730 1460 931 1500 implicarent
954 1470 1067 1493 mutuo
1092 1475 1179 1496 nexu
1202 1479 1251 1497 ra-

675 1513 795 1542 mos,et
808 1506 992 1537 umbracula
1007 1509 1145 1541 facerent
1156 1512 1250 1552 :fim-

675 1552 798 1582 debant
826 1552 922 1583 tentis
951 1555 1049 1585 ramis
1075 1557 1248 1589 velamina

676 1598 734 1639 (ut
754 1607 837 1628 vers.
858 1605 900 1636 74
926 1601 1051 1630 Tmolia
1067 1604 1248 1644 pampineo

675 1644 780 1673 subter
790 1648 885 1673 'coma
899 1646 993 1675 velat
1013 1648 1152 1689 amictu)
1172 1662 1248 1681 can-

675 1690 775 1726 dida;
800 1691 920 1721 scilicet
942 1694 1083 1733 populus
1107 1696 1177 1725 alba
1203 1707 1249 1727 est

675 1736 891 1777 intelligenda.
917 1739 1092 1777 Amplexa:
1116 1741 1248 1772 brachia

673 1781 807 1817 truncis,
827 1782 1041 1821 probabilius,
1059 1785 1221 1825 imple-tce.

724 1838 736 1856 1
746 1828 786 1857 30
796 1848 804 1862 ‚
824 1828 862 1857 13
872 1838 899 1857 1.
914 1830 1025 1858 Postea
1038 1831 1140 1861 stabat
1154 1834 1246 1871 arbos

674 1872 856 1913 amygdala,
872 1874 907 1902 in
927 1884 1022 1914 quam
1047 1884 1165 1908 mutata
1184 1880 1246 1911 suit

672 1919 736 1959 Ph)
745 1919 794 1948 llis
809 1919 1065 1959 Demophoontis
1080 1923 1246 1962 perfidiam

671 1964 849 1995 lamentata.

724 2012 785 2041 132
797 2028 842 2033 -—
857 2012 932 2047 134.
946 2014 995 2043 De
1009 2024 1125 2054 quercu
1140 2017 1246 2049 Dodo·

670 2067 740 2087 naea
771 2056 897 2086 fatidica
934 2066 1008 2089 nota
1045 2068 1091 2091 est
1125 2063 1242 2096 sabula.

675 2104 812 2143 Quercus
828 2104 974 2134 carmina
984 2128 993 2140 ,
1019 2116 1060 2135 ex
1081 2112 1226 2148 apposito
1236 2134 1245 2148 ‚

670 2149 703 2179 h.
721 2160 748 2179 e.
765 2159 836 2189 quae
861 2159 987 2180 carmen
1010 2151 1170 2192 reddunt,
1194 2157 1245 2186 vel

671 2206 687 2225 e
702 2194 819 2236 quibus
834 2205 959 2227 carmen
974 2197 1133 2238 redditur3
1151 2212 1245 2231 cano-

1059 2261 1109 2298 30
