1414 2435
527 107 651 136 LIBER
675 107 733 135 xl.

14 197 22 203 ,
40 168 290 206 Procubuisse
310 167 482 212 domum,
505 174 618 214 atque
639 152 773 201 existes
790 161 956 200 Arcadas
977 162 1109 200 armis?

1165 106 1202 134 18
1211 115 1223 134 1

1183 168 1237 204 395'

41 229 154 266 Haud
172 229 224 266 ita
243 241 302 265 me
321 226 468 276 experti
484 225 601 262 Bitias
620 233 657 261 et
675 222 868 259 Pandarus
886 223 1034 273 ingens,

42 291 89 325 Et
104 301 198 337 quos
216 288 315 324 mille
331 286 392 324 die
411 285 534 322 victor
552 283 624 322 sub
642 286 801 320 Tartara
817 282 919 328 misi,

43 348 212 385 Inclusus
230 347 367 392 muris,
383 345 588 395 hostilique
605 356 740 394 aggere
759 351 908 392 saeptus.

44 408 157 445 Nulla
174 408 273 445 salus
290 407 411 445 bello!
431 406 555 457 Capiti
574 418 665 442 cane
685 404 773 441 talia
793 403 944 440 demens

43 466 256 513 Dardanio,
278 466 469 516 rebusque
488 464 580 512 tuis3
599 464 759 514 proinde
775 463 901 501 omnia
919 476 1054 514 magno

1187 476 1235 503 400

44 528 102 563 Ne
123 539 226 564 cessa
244 517 399 563 turbare
419 533 540 571 metu,
562 533 674 574 atque
694 524 876 561 extollere
897 523 995 561 vires

47 587 178 624 Gentis
194 586 254 623 bis
272 587 400 630 victae,
420 595 552 622 contra
570 597 743 634 premere
761 596 865 620 arma
883 583 1020 620 Latini.

46 648 156 682 Nunc
172 655 209 682 et
224 644 511 694 Myrmidonum
527 655 703 692 proceres
715 642 880 691 Phrygia
895 653 999 678 arma
1009 642 1240 687 tremiscunt3

48 707 158 741 Nunc
174 713 211 741 et
226 704 410 753 Tydides,
430 711 468 740 et
486 702 690 740 Larissaeus
709 701 889 745 Achilles;

47 765 178 802 Amnis
198 772 235 801 et
253 763 461 800 Hadriacas
479 767 583 798 retro
602 761 699 810 fugit
713 759 872 796 Aufidus
892 759 1030 796 undas:

1191 769 1239 797 40⁵

48 825 117 861 Vel
135 837 252 875 quum
268 837 308 860 se
324 822 505 873 pavidum
522 829 652 858 contra
670 832 753 857 mea
767 819 893 870 jurgia
910 819 1017 869 fingit

58 975 170 1008 oculos
186 985 250 1005 esse
266 974 370 1015 potuit
381 973 470 1003 locus
486 972 574 1004 Iliad.
591 972 606 1002 θ
616 994 625 1010 ,

61 1022 253 1053 153-156.
273 1038 319 1044 —-
340 1019 417 1060 395.
434 1022 528 1050 Proc.
552 1019 627 1048 deos

56 1068 154 1099 Goth.
174 1079 224 1109 pr.
247 1066 432 1097 Exhaustos
447 1065 582 1097 Oudart.
597 1071 628 1095 et

56 1126 106 1156 pr.
123 1114 240 1144 Hamb.
265 1123 324 1153 pro
348 1123 415 1142 var.
439 1112 513 1142 lect.
535 1121 629 1141 exus-

58 1170 104 1190 tos
121 1160 220 1190 Goth.
237 1166 308 1189 tert.
325 1158 471 1188 Arcades
489 1168 564 1187 cum
578 1167 629 1187 eo-

58 1207 130 1236 dem
157 1205 294 1236 Dorvill.
310 1221 358 1228 -—
383 1204 459 1244 396.
483 1203 532 1234 Cf.
558 1214 627 1244 sup.

59 1254 105 1283 IX
117 1275 126 1285 ,
141 1252 205 1290 672
226 1262 273 1292 sq.

118 1298 195 1338 399.
230 1298 335 1337 Pergit
374 1297 409 1326 in
450 1295 629 1326 refellendis

59 1345 192 1374 Drancis
209 1343 332 1380 verbis;
346 1349 377 1372 et
392 1353 478 1372 nunc
492 1341 530 1372 ad
546 1352 628 1372 vers.

61 1391 123 1420 362
143 1404 158 1415 «ι
173 1389 275 1420 Nulla
297 1389 385 1418 salus
406 1389 488 1418 bello
502 1403 518 1414 u
540 1388 629 1418 Cane

58 1436 139 1466 talia
150 1459 158 1471 ‚
181 1436 322 1466 ominare
337 1435 415 1471 hoc,
442 1434 562 1464 nullam
579 1444 627 1463 sa-

59 1484 158 1512 lutem
180 1492 245 1511 esse
264 1481 350 1511 bello
361 1503 369 1518 ,
386 1479 559 1521 pugnando
574 1479 632 1508 sal-

60 1538 116 1559 vos
135 1538 200 1557 esse
221 1537 280 1557 nos
298 1537 366 1556 nou
387 1536 499 1567 posse,
523 1527 630 1555 AEneae

60 1581 90 1604 et
106 1574 175 1604 tihi.
195 1575 329 1602 Vertant
343 1572 389 1601 dii
411 1573 446 1600 in
469 1578 558 1600 tuum
577 1581 627 1599 ca-

59 1621 135 1660 put!
154 1620 346 1659 Comparant
360 1616 477 1657 Odyss.
488 1611 507 1645 6
519 1638 527 1653 ,
546 1626 558 1644 1
567 1615 608 1653 78
619 1637 627 1650 ‚

65 1671 268 1705 179.-—-4oo.
288 1666 384 1704 Perge
401 1664 526 1702 itaque,
541 1660 629 1702 quod

63 1712 136 1741 sacis
146 1733 155 1747 ‚
172 1717 293 1740 metum
313 1708 352 1738 de
366 1708 510 1746 Troianis
526 1708 629 1748 ingra-

62 1766 134 1787 vare
146 1778 154 1793 ,
172 1762 231 1786 etc.
257 1753 369 1784 Gentis
387 1753 432 1782 bis
452 1752 567 1788 victoe,
589 1753 630 1782 ab

62 1802 199 1833 Hercule
233 1801 373 1841 primum
403 1798 505 1840 (conf.
536 1808 631 1838 supra

62 1851 109 1879 IX
119 1870 129 1885 ‚
143 1848 208 1888 599
225 1846 281 1876 Bis
295 1845 383 1886 capti
396 1843 547 1886 Phryges.
560 1844 632 1874 Jam

62 1896 142 1930 VII,
175 1893 240 1934 295
272 1893 358 1922 Num
389 1890 476 1931 capti
500 1896 632 1929 potuere

63 1940 147 1981 capi.
163 1942 204 1970 Et
224 1939 275 1975 11,
301 1938 366 1973 642
389 1936 473 1966 Satis
495 1946 560 1965 una
585 1945 633 1964 su-

57 1997 178 2027 perque
195 1984 336 2015 Vidimus
350 1982 496 2018 excidia,
515 1989 546 2011 et
557 1991 632 2021 cap-

66 2041 107 2062 tae
125 2030 335 2072 superavimus
348 2029 418 2059 urbi
429 2028 584 2059 Anchises
597 2028 633 2057 in

70 2078 196 2108 excidio
208 2077 313 2116 Trojae
331 2086 388 2118 per
408 2075 547 2106 Achivos
562 2073 635 2103 alte-

69 2134 116 2154 ro.
127 2124 160 2165 );
174 2130 284 2153 contra
304 2121 479 2163 deprimere
494 2131 543 2151 res
554 2121 635 2150 Lati-

69 2180 197 2200 norum.
219 2186 266 2192 —
284 2168 491 2205 403—405.
516 2159 636 2208 ῥητορι-

71 2218 131 2251 κῶς
147 2215 215 2245 haec
229 2215 280 2245 vel
295 2215 447 2253 maxime,
468 2213 540 2254 plus
556 2212 637 2243 forte

226 2280 289 2314 IV.

679 982 775 1013 quam
796 970 830 1001 in
851 977 944 1012 poeta
971 971 1062 1012 epico
1081 971 1171 1002 feras.
1187 973 1252 1002 Au-

679 1025 731 1059 get
756 1018 876 1048 scilicet
903 1028 961 1058 per
990 1018 1123 1047 ironiam
1160 1019 1250 1058 qnod

679 1064 850 1094 Diomedes
880 1063 957 1094 belli
988 1065 1169 1094 societatem
1195 1064 1249 1094 de-

681 1117 884 1149 trectaverau
904 1117 968 1140 erat
979 1111 1009 1139 is
1024 1111 1108 1140 inter
1127 1111 1251 1140 Graeco·

681 1167 752 1187 rum
767 1158 941 1197 principes,
960 1167 1020 1197 pro
1034 1156 1152 1196 quibus
1166 1158 1206 1186 M
1196 1167 1252 1196 yr-

681 1203 845 1233 midonum
869 1204 994 1243 posuit,
1020 1202 1138 1243 quibus
1164 1202 1251 1233 solus

681 1248 824 1279 Achilles
853 1248 1039 1289 imperabat.
1077 1248 1252 1278 Larissaeus

682 1294 836 1325 Achilles.
857 1306 888 1324 v.
904 1305 975 1335 sup.
990 1294 1029 1323 ad
1041 1294 1097 1324 lib.
1113 1297 1185 1325 AEn.
1199 1296 1232 1323 II
1242 1317 1251 1331 ‚

685 1343 762 1382 397.
778 1359 824 1364 -—
841 1341 918 1376 405.
933 1340 1049 1370 Amnis
1063 1348 1095 1370 et
1108 1339 1250 1370 Hadria-

681 1398 736 1417 cas
751 1404 797 1410 ·—-
814 1386 847 1417 h.
865 1393 896 1416 et
908 1393 1061 1417 terrorem
1072 1408 1081 1424 ‚
1101 1396 1166 1426 quo
1179 1387 1253 1416 Dio-

680 1433 805 1471 medes,
838 1432 947 1463 audito
974 1435 1080 1463 AEneae
1103 1432 1252 1468 nomine,

680 1489 850 1519 percussus
869 1479 984 1516 fuerit,
1007 1476 1163 1519 amplifica
1181 1489 1252 1508 ver-

682 1525 731 1554 bis
764 1534 859 1564 quam
890 1525 1039 1554 maxime.
1064 1526 1174 1554 Poetas
1199 1523 1253 1560 id,

683 1570 769 1609 quod
790 1569 937 1608 populis»,
957 1569 1009 1597 vel
1030 1569 1157 1609 regibus
1176 1579 1252 1610 pro-

681 1616 788 1655 prium
800 1620 847 1644 est
856 1637 865 1652 ‚
881 1614 973 1644 terris
983 1636 992 1652 ‚
1011 1613 1138 1644 tandem
1152 1621 1183 1644 et
1195 1615 1254 1645 flu-

681 1662 761 1698 viis,
789 1660 929 1690 tribuere
941 1683 949 1698 ‚
974 1667 1088 1690 notum
1107 1667 1174 1690 est:
1194 1661 1252 1690 ita-

682 1717 745 1747 que
763 1706 826 1736 hoc
847 1706 920 1736 loco
937 1712 1040 1736 terror
1058 1705 1097 1736 ad
1116 1705 1251 1735 fluvium

682 1752 837 1783 Aufidum
850 1752 1019 1782 translatus
1029 1774 1038 1789 ‚
1054 1751 1251 1791 phantasma-

683 1805 714 1828 te
728 1800 863 1838 poetico.
878 1815 924 1820 -
943 1798 1020 1832 406.
1035 1799 1134 1827 Locus
1148 1797 1252 1836 Quin-

684 1844 731 1874 til.
754 1845 818 1879 lx,
850 1844 888 1880 3,
919 1848 958 1877 14
983 1849 1029 1872 est
1045 1852 1053 1872 ε
1070 1841 1148 1872 ΑΙὶα
1169 1852 1253 1872 com-

686 1889 849 1919 mendatio
857 1888 1027 1918 vetustatis
1040 1895 1085 1917 est
1096 1886 1156 1928 (de
1168 1888 1252 1918 sche-

686 1935 822 1964 matibus
834 1934 978 1974 loquitur
987 1934 1010 1975 )‚
1025 1933 1114 1975 cujus
1127 1941 1255 1963 amator

687 1980 777 2010 unice
793 1979 942 2021 Virgilius
951 1979 1022 2021 fi‘i‘
1032 1991 1043 2009 .·
1060 1980 1121 2010 Vel
1136 1990 1206 2009 cum
1220 1990 1254 2010 se

678 2027 843 2067 pavidum.
867 2042 913 2050 -—
936 2028 1045 2067 Quum
1066 2036 1133 2056 nou
1159 2036 1254 2066 appa-

686 2080 772 2110 reat,
793 2083 859 2114 quo
882 2073 918 2102 in
940 2071 1038 2102 verbo
1063 2071 1255 2102 archaismus

686 2119 799 2156 lateat,
817 2119 925 2149 Heius.
947 2125 1020 2159 post
1039 2118 1175 2149 Matium
1203 2128 1257 2148 su-

689 2167 828 2206 spicatur
852 2165 1005 2205 scriptum
1027 2163 1121 2194 fuisse
1144 2171 1256 2193 contra

692 2211 750 2242 mis
761 2235 770 2248 ,
788 2210 876 2253 quod
893 2217 1012 2241 veteres
1027 2220 1085 2251 pro
1103 2209 1172 2240 mei.
1191 2210 1258 2239 Ali-2

1088 2275 1131 2309 16
