1414 2435
587 83 713 116 LIBER
737 86 797 116 XI.

31 175 39 181 ,
79 145 186 183 Dixit
207 161 214 182 ε
235 154 273 183 at
288 145 351 182 illa
370 142 463 181 levis
479 142 563 180 coeli
581 142 735 192 delapsa
751 155 822 192 per
841 155 951 180 auras

1235 94 1295 124 ¹97

74 208 268 253 Insonuit‚
287 207 398 257 nigro
418 204 653 242 circumdata
673 204 827 241 turbine
847 217 1000 254 corpus.

127 272 178 305 At
194 280 326 304 manus
345 266 491 302 interea
510 265 628 302 muris
648 265 812 315 Trojana
833 265 1088 315 propinquat,

77 327 310 376 Etruscique
330 326 464 372 duces,
484 325 732 375 equitumque
751 325 939 361 exercitus
960 325 1101 371 omnis;

77 387 273 438 Conpositi
291 399 453 423 nurnero
470 386 509 422 in
528 395 683 423 turmas.
705 385 848 422 Fremit
868 398 1021 435 aequore
1043 394 1123 422 toto

76 449 265 486 Insultans
283 448 455 497 sonipes,
477 455 513 483 et
534 448 672 497 pressis
692 456 836 497 pugnat
856 446 1016 484 habenis

1240 456 1290 479 ϋοο

75 511 161 546 Huc
181 508 365 545 obversus
384 516 421 543 et
438 506 532 553 huc;
555 517 635 544 tum
656 507 729 544 late
749 507 895 544 ferreus
913 507 1030 545 hastis

77 570 220 605 Horret
239 580 350 616 ager,
369 568 570 616 campique
591 567 704 603 armis
722 566 948 604 sublimibus
966 566 1111 604 ardent.

77 630 157 664 Nec
174 640 252 663 non
271 629 470 676 Messapus
489 636 641 672 contra,
662 626 880 676 celeresque
898 626 1043 671 Latini,

76 689 122 723 Et
140 699 226 723 cum
248 687 363 722 fratre
384 689 518 732 Coras,
540 695 577 722 ct
595 686 754 735 virginis
775 686 833 722 ala
853 686 1038 730 Camillae,

76 746 240 783 Adversi
259 759 395 796 campo
413 745 618 796 adparent,
636 747 839 794 hastasque
857 746 1023 782 reductis

77 805 314 843 Protendunt
334 805 445 854 longe
466 805 630 851 dextris,
650 813 688 841 et
707 805 853 855 spicula
869 805 1043 851 vibrant;

75 958 135 987 tria
152 964 244 988 terra.
255 976 302 981 —
313 959 377 998 595
389 981 397 995 ‚
419 958 496 998 596.
513 958 650 988 Volatus

75 1003 276 1034 velocitatem
301 1005 383 1035 bene
407 1005 579 1034 declaravit
594 1015 652 1045 per

75 1049 239 1080 insonuit:
261 1051 408 1081 involuta
432 1050 573 1087 turbine,
601 1051 651 1079 ni-

75 1106 129 1136 gra
145 1097 244 1128 nube.

126 1143 203 1182 597.
228 1145 347 1172 Manus
368 1142 512 1183 Trojana
520 1155 534 1178 ,·
547 1142 586 1172 de
601 1153 655 1182 pe-

75 1188 173 1218 destri
188 1190 327 1230 agmine,
345 1188 434 1228 quod
460 1191 573 1219 AEneas
591 1189 651 1218 du-

77 1235 184 1271 cebat,
213 1236 338 1275 accipe,
365 1242 403 1264 ut
429 1236 594 1275 sequentia
613 1234 653 1264 de

77 1283 230 1322 equitatu.
248 1293 278 1311 v.
296 1291 367 1321 sup.
381 1287 446 1321 449
457 1303 465 1317 ,
479 1283 544 1316 450
557 1304 566 1318 ,
585 1281 624 1310 51
635 1291 648 1310 1

76 1338 145 1368 sqq.
170 1327 344 1358 Constabat
371 1335 475 1366 autem
495 1328 654 1368 equitatus

78 1375 216 1403 maxime
242 1385 283 1403 ex
315 1374 456 1403 Etruscis
483 1383 491 1404 ε
526 1384 597 1413 sup.
621 1384 653 1403 v.

81 1421 145 1455 450
158 1443 167 1457 ‚
186 1420 204 1450 5
214 1432 223 1450 1
233 1431 248 1458 7
265 1431 273 1456 ;
290 1421 380 1459 isque
395 1430 452 1460 per
469 1430 596 1460 campos
609 1420 655 1448 in-

78 1466 236 1497 cedebat:
256 1466 332 1495 hinc
366 1476 492 1506 (equore
523 1473 656 1496 toto.·-—-

80 1513 156 1554 599.
194 1514 336 1543 Numero
361 1523 372 1541 .·
405 1511 445 1541 ad
482 1522 653 1542 numerum

76 1570 172 1589 suum
204 1559 343 1588 militum
358 1581 366 1595 ,
409 1569 489 1598 quos
520 1569 655 1599 quaeque

78 1613 182 1635 turma
212 1605 329 1635 habere
371 1605 528 1642 debebat;
569 1604 655 1635 unde

79 1652 173 1682 etiam
205 1650 347 1688 numeri,
378 1652 454 1691 ipsae
487 1651 634 1681 cohortes
646 1675 654 1689 ,

80 1704 204 1727 turmae.
213 1698 287 1727 Non
301 1696 477 1741 audiendus
487 1698 614 1728 Servius
624 1709 654 1728 v.

84 1744 166 1783 599,
183 1743 262 1779 600,
275 1743 354 1772 601.
366 1741 587 1786 Εναργεστοίτη
601 1743 655 1773 de-

80 1791 212 1830 scriptio
236 1799 391 1829 equorum
417 1790 656 1830 generosiorum

80 1835 307 1866 incedentium.
315 1853 360 1858 —
370 1835 448 1865 600.
468 1835 633 1864 Insultans
643 1847 655 1871 ‚-

82 1883 148 1913 vid.
165 1883 223 1913 Ge.
242 1883 288 1911 III
300 1905 308 1918 ‚
328 1892 340 1911 1
352 1893 363 1911 1
373 1892 401 1919 7.
420 1884 552 1923 Pugnat
565 1891 654 1922 spec-

83 1935 127 1959 tat
149 1929 190 1959 ad
217 1929 459 1958 reluctationem
479 1938 655 1968 equorum,

82 1977 139 2016 qui
152 1976 248 2006 frenis
262 1975 407 2006 cohiberi
419 1985 451 2004 se
466 1976 522 2003 vix
531 1975 657 2014 patiun-

84 2029 155 2059 tur,
173 2029 205 2052 et
222 2028 400 2063 repugnant
415 2031 422 2052 :
436 2021 511 2051 hinc
525 2022 595 2050 Huc
609 2021 659 2050 ob-

85 2078 187 2098 versus
201 2076 232 2099 et
239 2067 310 2098 huc.
325 2068 477 2099 Prudent.
489 2067 657 2108 Psychom.

92 2120 155 2153 194
174 2116 245 2144 Huc
269 2115 346 2145 illuc
352 2114 513 2156 frendens
533 2113 662 2143 obvertit

87 2168 178 2202 terga
201 2168 262 2192 etc.
281 2179 329 2184 --
348 2162 412 2191 6οι
424 2184 432 2199 ,
452 2162 530 2191 602.
557 2161 661 2192 Poeti-

86 2217 162 2237 cum
173 2206 236 2237 hoc
248 2207 432 2248 phantasma
441 2208 514 2238 satis
527 2213 639 2238 notum
651 2217 659 2237 :

705 965 735 988 et
743 958 808 996 jam
820 957 895 987 alibi
908 957 1112 987 observatum
1124 981 1132 995 ‚
1141 959 1285 989 Ennium

703 1005 737 1034 in
767 1015 804 1034 eo
843 1005 1037 1045 praecessisse
1049 1027 1057 1041 ‚
1095 1005 1201 1034 Ennio
1231 1016 1286 1035 au-

705 1057 770 1080 tem
798 1051 928 1080 Graecos
961 1057 993 1080 et
1029 1052 1134 1091 ipsum
1169 1053 1288 1081 Home-

709 1107 782 1126 rum
797 1097 887 1128 Iliad.
903 1107 917 1126 ν
930 1120 938 1135 ,
955 1098 1032 1137 339.
1048 1099 1096 1127 De
1110 1097 1172 1127 hoc
1188 1098 1288 1139 igitur

708 1143 790 1172 nihil
820 1154 908 1173 nunc
941 1154 1118 1173 monemus,
1142 1143 1202 1174 Sed
1219 1143 1291 1185 fi’r-

708 1199 778 1218 reus
801 1200 883 1230 ager
901 1189 1052 1219 audacius
1081 1190 1174 1218 etiam
1194 1201 1289 1230 quam

707 1245 800 1274 supra
837 1237 902 1264 VII
915 1258 923 1272 ‚
958 1236 1023 1265 525
1051 1242 1189 1276 atraque
1220 1237 1286 1266 late

707 1280 871 1310 Horrescit
890 1280 1006 1310 strictis
1033 1291 1122 1322 seges
1150 1281 1287 1313 ensibus.

708 1327 835 1356 Scilicet
853 1338 934 1368 ager
950 1326 1056 1356 horret
1077 1327 1144 1356 late
1166 1327 1283 1364 hastis,

710 1379 804 1412 atque
827 1373 902 1402 inde
915 1372 1044 1414 ferreus
1064 1373 1103 1402 ad
1127 1374 1230 1403 visum
1259 1382 1290 1404 et

708 1420 910 1459 opinionem,
943 1419 1051 1449 ferreis
1078 1419 1175 1449 hastis
1200 1427 1287 1450 totus

709 1465 869 1496 collucens
882 1475 890 1496 :
905 1465 982 1495 hinc
996 1465 1185 1504 subjicitur:
1201 1477 1288 1496 cam-

707 1511 805 1552 pique
829 1511 926 1541 armis
954 1511 1138 1541 sublimibus
1162 1513 1287 1543 ardent.

710 1560 791 1598 Quae
813 1559 839 1588 si
867 1558 904 1587 ad
925 1558 1012 1588 hunc
1031 1558 1165 1589 modum
1191 1570 1287 1600 expe-

709 1603 792 1642 dias,
808 1605 976 1645 intelligis,
995 1615 1062 1634 non
1079 1606 1148 1634 siue
1165 1606 1288 1644 judicio

709 1659 835 1691 poetam
861 1651 949 1681 hunc
969 1661 1097 1680 versum
1123 1651 1162 1681 ab
1183 1653 1289 1682 Ennio

710 1697 850 1735 (Annal.
868 1699 900 1734 I,
926 1709 958 1737 p.
980 1698 1021 1727 33
1041 1697 1091 1728 ed.
1114 1697 1287 1738 column.)

711 1745 876 1779 sumsisse,
900 1744 1041 1772 Ennium
1075 1750 1180 1772 autem
1208 1743 1288 1773 male

710 1791 837 1819 irrisum
856 1790 950 1818 fuisse
972 1789 1011 1818 ab
1033 1789 1178 1826 Lucilio,
1198 1789 1287 1829 quod

710 1835 740 1865 h.
756 1835 778 1865 l.
796 1835 914 1864 factum
928 1841 1035 1864 narrat
1049 1835 1187 1865 Servius.
1199 1835 1284 1866 Add.

709 1881 856 1912 Macrob.
875 1882 940 1918 VI,
959 1887 977 1917 4
1001 1892 1050 1921 pr.
1070 1881 1212 1917 Ardent,
1233 1893 1288 1912 ex-

710 1928 856 1968 quisitius
870 1937 964 1967 qnam
980 1927 1151 1968 refulgent.
1171 1929 1222 1959 Sic
1243 1935 1288 1958 ta-

710 1985 784 2004 men
815 1981 846 2003 et
876 1970 1030 2010 αἴθεσθαι,
1069 1971 1163 2004 αἴθειν
1176 1997 1185 2013 ,
1216 1973 1289 2017 φλέ·

713 2031 779 2065 γειν
795 2027 825 2050 et
840 2020 908 2050 alia.

760 2067 826 2096 603
840 2090 847 2103 ‚
869 2067 946 2103 604.
974 2068 1018 2097 Ut
1033 2066 1223 2107 praedixerat
1238 2079 1285 2099 vs,

716 2114 779 2144 518
792 2136 800 2150 ,
828 2114 906 2153 5¹9-
921 2131 968 2136 ——
983 2113 1060 2144 606.
1088 2114 1291 2144 Protendunt

713 2161 853 2201 potiores
869 2159 963 2190 codd.
979 2170 1108 2198 omnes,
1125 2159 1195 2191 edd.
1209 2167 1286 2190 vett.

714 2214 745 2237 et
760 2213 861 2244 recte3
877 2217 968 2245 nam,
989 2207 1047 2237 etsi
1071 2206 1199 2236 reducta
1213 2205 1290 2236 dex-

1146 2270 1162 2285 ἡ

1096 2283 1138 2315 17
