1414 2435
564 79 687 109 LIBER
711 80 769 109 1x.
1224 85 1261 120 37

76 136 303 188 Lauguescit
320 132 502 183 moriens;
521 136 667 173 lassove
687 149 875 185 papavera
895 138 991 175 collo

78 198 273 236 Demisere
292 204 426 247 caput,
443 196 572 246 pluvia
592 210 708 246 quum
726 197 823 233 forte
842 207 1056 246 gravantur.

78 261 128 296 At
144 259 257 295 Nisus
274 257 351 294 ruit
371 257 409 293 in
428 257 591 302 medios,
609 257 806 306 solumque
824 270 893 307 per
912 260 1031 296 omnis

79 316 317 355 Volscentem
336 316 449 367 petit3
471 317 509 353 in
530 317 610 354 solo
629 317 828 354 Volscente
844 328 1025 355 moratur.

80 379 203 423 Quem
219 377 361 414 circum
373 377 568 426 glomerati
579 377 718 422 hostes,
731 376 819 413 hinc
834 378 1043 415 comminus
1059 388 1171 430 atque
1183 381 1270 419 hinc

75 436 305 474 Proturbant
325 451 333 473 :
353 437 466 473 instat
485 449 562 472 non
578 436 717 483 secius,
739 449 781 472 ac
800 446 899 474 rotat
919 451 1044 475 ensem

1217 453 1264 479 441

74 496 332 543 Fulmineum,
351 496 470 533 donec
485 496 617 533 Rutuli
635 496 827 533 clamantis
845 497 883 532 in
903 511 969 535 ore

77 556 256 594 Condidit
275 557 453 604 adverso,
473 565 510 593 et
530 556 693 593 moriens
713 557 876 593 animam
895 557 1049 596 abstulit
1070 559 1180 597 hosti.

74 619 171 654 Tum
190 631 304 667 super
323 618 533 654 exanimem
551 630 631 654 sese
651 617 810 666 projecit
829 618 991 656 amicum

76 678 279 715 confossus
291 704 301 722 ‚
322 677 543 726 placidaque
562 676 618 713 ibi
636 677 787 713 demum
803 686 925 714 morte
944 679 1100 727 quievit.

1218 692 1266 720 1145

129 736 327 773 Fortunati
344 734 470 771 ambo!
491 735 523 770 si
541 734 633 782 quid
651 748 734 768 inea
753 736 919 772 carmina
937 747 1110 786 possunt,

75 797 186 834 Nulla
205 796 284 833 dies
303 807 470 844 unquam
485 793 645 829 memori
659 804 726 828 vos
744 792 883 829 eximet
902 806 1002 840 aevo,

75 859 177 893 Dum
196 856 330 894 domus
348 856 475 891 AEneae
493 851 657 903 Capitoli
672 852 852 889 inmobile
871 866 1002 891 saxum

74 915 249 962 Adcolet,
270 914 548 964 imperiumque
567 920 676 962 pater
693 914 884 950 Romanus
900 912 1067 952 habebit.

79 1052 151 1082 quae
166 1041 273 1071 multis
293 1040 397 1071 modis
419 1039 489 1070 fieri
505 1046 628 1081 poterat
638 1063 646 1078 ,

77 1094 141 1116 tam
171 1089 307 1117 suaviter
333 1087 372 1116 ad
397 1097 500 1116 unum
526 1093 647 1116 certum

78 1143 186 1162 casum
203 1140 388 1170 revocatur,
403 1143 420 1162 a
438 1133 563 1163 Catullo
579 1143 648 1162 mu—

77 1185 184 1208 matus
203 1186 249 1209 est
263 1189 271 1210 :
297 1180 398 1210 Carm.
426 1180 492 1216 XI,
518 1179 539 1210 f.
561 1179 651 1219 prati

80 1224 183 1254 ultimi
178 1226 248 1268 flos
253 1231 467 1265 praetereunte
472 1233 646 1266 postquam

79 1278 181 1300 tactus
204 1279 312 1301 aratro
333 1279 397 1307 ese‚·
423 1278 453 1300 et
475 1273 583 1308 LXII,
603 1272 645 1311 39

77 1327 122 1356 sq.
133 1338 141 1353 ,
158 1317 265 1359 utflos
278 1317 311 1346 1‘n
329 1317 559 1357 septis—nullo
573 1327 648 1346 con-

78 1369 163 1391 tusus
181 1369 302 1392 amero.
327 1363 474 1392 Alterum
493 1362 532 1391 de
550 1372 644 1402 papa-

77 1418 151 1438 vere
165 1415 268 1438 totum
278 1409 483 1438 Homericum
496 1415 541 1438 est
553 1408 642 1439 Iliad.

77 1454 91 1482 θ
102 1476 109 1490 ,
132 1454 197 1484 306
209 1476 218 1491 ,
236 1455 313 1493 307.
325 1455 441 1484 Imitati
455 1461 529 1483 sunt
542 1454 643 1485 multi.

78 1499 176 1531 Cei-da
189 1499 296 1530 laudat
311 1500 405 1531 Ovid.
419 1501 498 1530 Met.
508 1501 540 1530 X
551 1522 559 1538 ,
581 1511 644 1540 190

74 1557 142 1586 sqq.
170 1546 264 1576 Adde
288 1547 440 1587 Apollon.
466 1547 514 1575 ΙΙΙ
525 1567 533 1582 ,
558 1547 642 1587 1398

74 1603 142 1632 sqq.
155 1609 203 1616 -—-
214 1598 292 1629 441.
308 1593 383 1623 Non
395 1591 522 1633 segnius
534 1592 644 1623 editio-

72 1648 128 1667 nes
155 1645 227 1668 ante
251 1639 416 1668 Heinsium
428 1661 436 1675 ‚
465 1645 496 1668 et
522 1638 644 1679 aliquot

73 1683 182 1721 codd„
193 1685 277 1713 inter
292 1694 371 1723 quos
390 1683 488 1714 Goth.
501 1695 551 1724 pr.
572 1686 642 1715 Ma-

68 1730 122 1767 jor
137 1736 240 1759 tamen
256 1735 286 1758 et
298 1730 411 1759 melior
425 1739 496 1769 pars
512 1741 576 1759 non
593 1741 640 1760 se-

71 1775 139 1804 cius
159 1776 211 1805 vel
232 1774 343 1811 setius,
361 1781 397 1804 ut
410 1777 502 1805 Rom.
522 1775 639 1806 Medic.

73 1827 103 1850 et
119 1821 174 1851 alii
185 1822 295 1852 Heius.
308 1843 316 1857 ‚
331 1820 381 1850 vel
395 1820 517 1855 seveias,
537 1827 573 1850 ut
590 1832 639 1861 pr.

71 1867 329 1903 Mentel.——445.
343 1866 495 1909 Confixus
503 1867 639 1897 Dorvill.

72 1923 88 1942 a
115 1924 157 1944 111.
187 1924 248 1944 sec.
265 1930 310 1936 ——
326 1915 445 1942 Versus
469 1918 531 1948 444
545 1935 553 1949 ‚
575 1913 640 1948 445

72 1959 215 1999 praeclari
241 1966 272 1989 et
295 1959 395 1996 facto,
417 1965 448 1988 et
469 1958 642 1988 verborum

72 2005 189 2035 dilectu
208 2015 215 2035 :
231 2016 318 2035 nunc
331 2006 414 2035 enim
425 2011 507 2034 recte
523 2015 642 2035 memo—

74 2057 140 2080 rata
154 2051 290 2092 placida
308 2062 412 2089 mors,
429 2058 460 2081 et
483 2051 644 2092 quiescere

75 2098 109 2125 in
137 2098 233 2127 amici
263 2098 431 2139 complexu
443 2120 452 2135 ‚
477 2097 647 2128 Volsceme

74 2152 165 2173 caeso.

120 2187 186 2224 446
205 2206 252 2213 —-
263 2195 339 2230 449.
355 2189 647 2231 Splendidissimum

193 2255 256 2289 IV.

702 1040 929 1082 epiphonema!
962 1048 993 1071 et
1021 1041 1060 1071 ad
1096 1044 1266 1077 miseratio-

700 1097 774 1116 nem
798 1087 890 1117 altius
908 1085 1122 1128 inflngendam
1143 1092 1248 1123 animo
1260 1117 1268 1130 ‚

701 1132 776 1162 dum
788 1144 820 1163 se
829 1134 932 1174 ipsum
943 1144 976 1163 ea
989 1140 1105 1164 tactum
1113 1137 1271 1177 significat

700 1185 792 1219 poeta
804 1203 812 1217 ,
828 1181 1035 1220 aptissimum.
1050 1183 1235 1214 Sumserunt
1253 1195 1269 1214 a

699 1232 792 1265 poeta
811 1226 881 1262 alii,
909 1236 974 1256 non
999 1237 1088 1267 aeque
1112 1228 1266 1261 feliciter:

700 1273 855 1311 congessit
871 1272 1080 1303 imitationem
1094 1275 1267 1306 multorum

699 1317 811 1347 Cerda.
831 1318 875 1346 At
902 1324 936 1347 lu
962 1318 1029 1359 lege
1060 1326 1091 1348 et
1120 1331 1266 1361 compara

697 1363 863 1402 praeclaros
877 1373 986 1392 versus
997 1366 1086 1394 statii
1099 1368 1129 1396 X
1140 1389 1149 1403 ,
1164 1367 1266 1400 Theb.

700 1409 764 1444 443
773 1426 819 1432 —
829 1409 905 1445 448.
919 1411 944 1439 E
957 1410 1074 1449 quibus
1086 1413 1266 1444 novissimi:

698 1455 844 1484 Forsitan
864 1462 895 1484 et
911 1455 1039 1485 comites
1057 1467 1122 1487 non
1136 1459 1265 1501 adsper-

699 1500 826 1531 nabitur
836 1501 962 1531 umbras
974 1503 1149 1542 Euryalus,
1167 1505 1266 1545 Phry-

694 1546 804 1587 giique
825 1547 974 1577 admittet
991 1548 1098 1589 gloria
1117 1550 1199 1582 Nisi,
1225 1554 1265 1582 Et

697 1592 737 1621 de
760 1593 940 1634 Hypsipyle
962 1594 1068 1625 Valer.
1085 1595 1188 1627 Flaec.
1213 1599 1265 1635 11,

698 1644 762 1674 242
779 1657 826 1661 —
843 1639 920 1675 246.
937 1640 1093 1680 Splendor
1112 1649 1216 1672 autem
1235 1651 1266 1674 et

694 1685 822 1724 pondus
840 1687 873 1715 in
888 1688 1081 1716 ornamentis
1098 1698 1133 1717 ac
1148 1689 1263 1719 verbis.

695 1731 816 1759 Domus
831 1733 962 1766 AEneae,
981 1742 1057 1772 gens
1070 1733 1173 1771 Julia,
1191 1742 1262 1771 aut,

695 1775 781 1815 quod
823 1777 930 1805 minus
965 1777 1090 1814 malim,
1130 1781 1263 1810 omnino

694 1821 834 1860 populus
877 1823 1051 1852 Romanus.
1096 1825 1262 1856 Jmmobile

693 1876 808 1895 saxum
822 1877 832 1895 .·
845 1867 962 1906 quippe
975 1874 1127 1899 (eternum
1138 1871 1264 1911 Capito—

693 1912 770 1941 lium
783 1935 791 1949 ,
809 1918 839 1941 et
855 1919 930 1941 nota
943 1915 1081 1944 narratio
1094 1915 1132 1945 de
1145 1918 1265 1948 Termi-

694 1968 737 1987 no
756 1957 815 1988 deo
827 1981 835 1995 ‚
852 1957 908 1998 q‘ui
922 1959 956 1987 in
971 1958 1182 1991 fundamentis
1206 1964 1263 1994 Ca-

694 2004 799 2044 pitolii
814 2003 966 2043 jaciendis
985 2015 1050 2035 non
1069 2008 1159 2037 cessit
1178 2008 1261 2040 loco.

695 2052 795 2080 Pater
814 2052 975 2080 Romanus
998 2058 1044 2081 est
1061 2054 1188 2094 Jupiter
1203 2055 1261 2086 Ca-

699 2097 869 2136 pitolinus,
885 2107 951 2126 non
964 2098 1146 2139 Augustus:
1159 2101 1264 2131 is·non

700 2149 853 2172 aeternum
881 2142 1047 2174 habiturus
1075 2152 1140 2175 erat
1166 2147 1264 2187 impe-

700 2197 792 2219 num.

1136 2260 1156 2298 4
