1414 2435
141 91 203 120 332
614 85 837 117 EXCURSUS
861 86 875 116 1

138 149 251 178 diserte
271 147 427 188 Virgilius
442 145 499 176 lib.
517 146 616 182 VIII,
636 151 675 183 47
696 146 825 174 inventa
846 143 952 175 statim
970 143 1030 174 sub
1047 141 1263 173 escensionem
1284 151 1339 170 sue

139 203 207 232 alba
232 212 239 232 2
263 203 318 231 Ex
337 212 399 242 quo
417 208 466 231 ter
482 200 574 231 denis
599 199 707 229 urbem
733 199 936 229 redeuntibus
958 197 1053 228 annis
1078 195 1240 228 Ascanius
1260 194 1342 224 clari

140 257 254 287 condet
271 256 473 298 cognominis
486 255 618 286 Albam.
635 254 748 285 Panno
764 254 930 285 obscurius
943 254 1029 284 idem
1045 254 1171 294 Jupiter
1188 250 1225 281 ad
1240 253 1344 281 Vene-

141 322 205 341 rem
223 312 412 340 vaticinatus
435 317 502 341 erat
523 310 580 340 lib.
605 311 620 340 I
633 332 641 347 ,
669 309 746 347 267,
767 309 816 340 Ac
831 319 923 350 puer,
949 307 1110 339 Ascanius
1113 329 1170 337 .....
1197 304 1342 347 Triginta

141 377 273 408 magnos
286 365 453 396 volvendis
473 364 632 395 mensibus
645 364 733 394 orbes
747 363 884 405 Imperio
907 362 1063 404 explebit,
1085 370 1281 404 regnumque
1302 359 1343 388 ab

140 420 214 449 sede
230 419 344 449 Lavini
358 421 386 449 T
384 419 556 461 ransferet,
575 427 606 449 et
621 419 752 460 longam
768 418 870 448 multa
882 417 923 447 vi
938 416 1060 447 muniet
1071 415 1201 446 Albam.

187 476 226 504 In
241 474 408 504 duratione
431 485 508 505 vero
530 475 620 514 regni
641 473 844 503 Albanorum
860 479 892 502 et
913 471 1081 502 intervallo
1101 480 1202 510 usque
1223 468 1264 498 ad
1280 470 1344 499 Ro-

140 539 222 558 mam
242 529 404 558 conditam
420 529 574 570 Virgilius
589 539 604 557 a
622 537 696 557 vera
712 527 854 557 historiae
867 527 989 556 ratione
1005 533 1036 555 et
1051 525 1195 555 omnium
1212 522 1344 563 scripto-

140 593 210 612 rum
224 581 287 612 fide
299 583 435 621 recedit,
448 584 473 612 si
485 593 586 612 unum
596 606 604 619 ‚
614 593 708 623 quem
723 581 853 622 quidem
866 582 943 612 novi
953 604 961 618 ‚
977 582 997 611 J
999 580 1141 610 ustinum
1153 577 1210 608 lib.
1224 577 1342 613 XLIII,

147 647 159 665 1
182 638 337 677 excipias,
357 636 442 677 apud
465 647 560 677 quem
584 639 690 678 Longa
713 636 845 667 Alba....
872 647 944 677 qua·
962 633 1109 665 trecentis
1132 630 1223 662 annis
1248 636 1346 670 capnt

142 690 234 732 regni
247 690 324 732 fiu'c.
342 692 391 722 Sic
407 699 511 721 autem
527 691 680 733 Virgilius
694 702 822 732 quoque
836 692 871 720 in
892 690 996 721 nobili
1013 699 1106 720 versu
1120 687 1178 718 lib.
1197 688 1212 716 1
1223 709 1232 723 ,
1248 695 1312 724 272
1336 694 1344 715 ε

142 743 203 774 Hic
209 744 281 785 jam
301 752 472 774 tercentum
493 754 572 775 totos
588 745 774 787 regnabitur
784 756 897 776 annos.
914 746 1087 776 Enimvero
1101 752 1169 773 non
1185 741 1278 778 CCC,
1290 737 1344 769 sed

145 799 251 829 CCCC
266 809 366 828 annos
381 800 463 829 inter
479 799 597 829 Albam
613 805 644 829 et
659 801 793 830 Romam
813 799 975 828 conditam
993 798 1204 828 intercessisse
1221 804 1345 826 summo

144 863 300 883 consensu
316 854 485 894 scriptores
502 852 640 884 tradunt.
663 855 701 883 In
721 859 870 894 postumo
885 853 994 883 libello
1013 854 1066 882 Jo.
1086 844 1245 890 Mai-tyni,
1272 848 1342 878 Dis-

143 907 311 938 sercalt'ons
329 908 400 937 and
418 907 544 938 critical
556 908 710 938 Remarks
731 918 815 948 upon
833 907 885 937 the
904 907 1034 938 AEneid.
1059 904 1160 936 Lond.
1184 913 1269 942 1770
1283 926 1291 942 ‚
1307 903 1344 940 8,

143 969 189 992 est
202 963 283 992 Diss.
298 965 345 992 VI
359 973 455 1003 super
473 962 606 992 Albanis
621 961 759 1003 regibus.
780 961 840 992 Sed
852 972 967 1002 parum
980 961 1054 991 inde
1068 959 1106 990 ad
1122 970 1187 990 rem
1204 965 1344 988 nostram

144 1015 302 1057 proficias.
318 1016 392 1047 Fide
411 1016 514 1057 aliqua
528 1022 611 1046 certa
622 1038 630 1052 ‚
648 1022 679 1046 et
693 1016 850 1054 majorum
865 1016 944 1046 fama
962 1021 1103 1056 accepta,
1116 1013 1268 1044 traditum
1281 1013 1344 1044 hoc

145 1071 201 1100 vix
217 1071 355 1100 arbitror
369 1080 377 1101 :
394 1081 503 1100 verum
513 1093 521 1107 ‚
537 1081 638 1110 quum
652 1071 686 1099 in
700 1069 898 1111 temporibus
914 1080 1021 1099 rerum
1034 1069 1216 1098 Italicarum
1228 1068 1345 1096 consti-

142 1123 270 1154 tuendis
288 1135 355 1154 non
369 1125 427 1154 nisi
448 1124 513 1154 duo
526 1124 679 1154 haberent
696 1124 840 1154 cardines
851 1147 859 1161 ‚
878 1126 906 1153 T
903 1123 1005 1165 rojam
1020 1130 1149 1163 captam
1165 1128 1196 1151 et
1210 1122 1344 1151 Romam

143 1177 324 1214 condicam,
345 1178 412 1208 aliis
429 1185 606 1219 temporum
626 1180 711 1209 notis
730 1177 971 1214 deficientibu53
995 1178 1037 1214 ii,
1060 1177 1117 1217 qui
1141 1181 1284 1205 accurate
1306 1172 1345 1203 ad

144 1242 299 1262 annorum
324 1242 474 1262 numeros
496 1232 638 1273 digerere
656 1234 841 1273 inceperant
866 1243 914 1261 res
932 1232 1050 1272 priscas
1071 1236 1230 1266 narratas,
1254 1228 1345 1258 insti-

146 1291 276 1314 tuerunt
292 1292 480 1326 computum
500 1285 538 1315 ad
558 1287 712 1316 rationem
731 1285 891 1316 intervalli
908 1286 992 1314 inter
1010 1284 1114 1322 Trojae
1130 1281 1291 1313 excidium
1314 1287 1346 1310 et

145 1342 254 1370 Romae
279 1339 408 1369 exordia
432 1349 440 1369 ε
466 1339 571 1380 quod,
598 1341 655 1369 etsi
673 1339 712 1369 ab
737 1339 869 1369 diversis
894 1337 1122 1379 scriptoribus»,
1138 1327 1198 1377 pro
1223 1334 1345 1376 epocha

144 1395 248 1432 Trojae
270 1400 369 1434 captae
386 1395 470 1423 varie
489 1395 679 1432 constituta,
700 1393 912 1424 diversimode
928 1394 1138 1423 coustitutum
1154 1397 1201 1421 est
1221 1390 1286 1432 (ita
1307 1397 1346 1420 ut

144 1458 175 1478 ν.
191 1459 218 1478 c.
235 1449 273 1485 ii,
293 1450 365 1488 qui,
386 1448 605 1479 Herodoteum
629 1449 788 1479 calculum
805 1449 948 1489 sequuti,
968 1449 1073 1486 Trojae
1093 1445 1255 1477 excidium
1269 1455 1344 1475 cen—

146 1502 226 1530 tenis
253 1503 343 1531 anuis
370 1503 526 1532 maturius
554 1504 693 1532 evenisse
717 1502 850 1539 volunt,
875 1501 1078 1532 intervallum
1101 1501 1185 1530 iuter
1209 1498 1290 1530 illud
1314 1505 1344 1528 et

145 1558 255 1586 Romae
273 1555 401 1585 exordia
422 1556 505 1586 ultra
528 1557 720 1598 quingentos
744 1567 844 1586 anuos
870 1553 1089 1595 producant),
1115 1553 1154 1582 ad
1174 1553 1282 1583 CCCC
1300 1559 1344 1582 ta·

145 1620 218 1639 meu
233 1620 332 1640 annos
348 1621 365 1639 a
381 1611 538 1651 plerisque
562 1610 760 1651 producitur.
777 1609 961 1641 Secundum
984 1609 1117 1638 tutiores
1135 1606 1264 1648 quidem
1281 1607 1342 1637 cal-

144 1664 233 1694 culos
253 1665 318 1700 430
334 1664 395 1705 (nd
410 1667 515 1702 Varr.‚
528 1672 559 1694 et
582 1666 645 1701 432
662 1665 700 1695 nd
720 1665 832 1696 caton.
849 1662 963 1704 mrum)
979 1664 1072 1693 anuis
1090 1661 1178 1692 finiri
1191 1660 1318 1692 videtur
1335 1671 1342 1690 :

145 1717 289 1748 deductis
310 1718 385 1748 inde
400 1719 491 1748 annis
511 1729 657 1749 errorum
672 1721 777 1750 AEneae
793 1725 824 1749 et
839 1717 998 1748 intervalli
1022 1718 1105 1746 inter
1127 1715 1294 1746 Lavinium
1313 1720 1344 1743 et

146 1773 259 1802 Albam
275 1772 436 1803 conditam
446 1795 454 1810 ,
470 1772 558 1812 quod
574 1775 668 1804 XXX
683 1784 840 1804 annorum
864 1780 926 1811 est,
951 1771 1040 1802 facile
1064 1770 1268 1811 intelligitur,
1283 1768 1342 1798 sal-

147 1834 208 1856 tem
223 1827 261 1856 ad
279 1828 339 1866 397
358 1826 406 1856 vel
427 1828 490 1867 398
510 1837 610 1856 annos
622 1826 740 1857 Albani
756 1828 844 1868 regui
860 1837 959 1867 usque
975 1825 1015 1855 ad
1029 1827 1163 1856 Romam
1180 1821 1342 1853 conditam

146 1881 272 1910 annales
293 1880 474 1920 procedere.
500 1881 536 1910 Iu
553 1880 611 1910 hos
627 1891 736 1921 regum
755 1881 885 1911 uomina
900 1887 931 1910 et
947 1889 1062 1915 anuos,
1084 1887 1143 1918 pro
1161 1875 1268 1906 lubitu
1286 1885 1342 1916 po·

146 1935 208 1962 tius
231 1944 324 1973 quam
351 1941 455 1970 certa,
479 1941 575 1974 puto,
601 1935 804 1970 auctoritate,
831 1933 1058 1974 disper-[ierunt
1080 1930 1250 1970 scriptores
1275 1937 1282 1957 ε
1307 1934 1341 1957 ut

146 1986 231 2026 apud
253 1988 445 2028 Dionysium
470 1994 500 2017 et
516 1986 688 2017 Eusebium
712 1986 819 2018 videre
841 1987 926 2017 licet.
950 1983 1156 2020 Rotundum,
1181 1992 1275 2023 quem
1295 1980 1342 2011 di-

147 2040 248 2069 cimus
258 2063 265 2076 ,
281 2051 450 2071 numerum
470 2041 575 2073 CCCC
595 2051 752 2072 annorum
767 2041 884 2077 edunt,
901 2049 1000 2081 quum
1015 2037 1086 2074 alii,
1103 2044 1170 2067 tum
1184 2036 1283 2067 Srabo
1297 2037 1345 2074 V,

147 2101 218 2131 pag.
243 2094 306 2123 350
330 2096 376 2125 C:
396 2087 509 2138 ῗ”ς·ες,ον
529 2091 564 2125 δὲ
589 2092 798 2139 τετρακοσίοις
816 2092 910 2124 ἔτεσιν
927 2090 1076 2135 {sepsi-rav.
1095 2087 1135 2121 τὰ
1151 2088 1223 2121 moi
1239 2081 1347 2134 Apina--

148 2147 210 2175 λιιν
227 2154 286 2177 etc.

192 2203 264 2242 Qua
290 2203 393 2243 itaque
418 2205 601 2234 auctoritate
627 2203 798 2246 Virgilium
827 2201 1000 2234 adductum
1025 2200 1167 2232 dicemus
1193 2199 1255 2230 hoc
1280 2198 1347 2230 sibi.
