1414 2435
579 76 701 107 LIBER
724 77 782 107 IX.
1239 78 1281 108 35

89 134 305 184 Suspiciens
325 133 438 169 altam
457 135 622 179 Lunam,
641 134 694 170 sic
712 146 807 170 voce
826 144 1003 184 precatur
1021 151 1029 172 2

89 212 104 228 «
124 197 200 243 Tu,
221 195 309 242 dea,
327 203 370 231 tu
389 207 554 244 praesens
573 202 704 231 nostro
722 207 903 232 succurre
923 195 1063 242 labori,

87 257 287 291 Astrorum
307 254 441 301 decus,
464 262 501 290 et
520 267 719 291 nemorum
739 255 899 292 Latonia
919 264 1062 302 custos;

87 314 128 349 Si
144 327 218 362 qua
238 315 312 351 tuis
331 327 498 364 unquam
517 327 589 365 pro
608 328 668 352 me
687 324 796 365 pater
815 318 1003 365 Hyrtacus
1025 316 1098 354 aris

85 375 195 410 Dona
215 373 319 419 tulit,
340 374 371 411 si
388 388 464 424 qua
482 375 564 425 ipse
583 375 674 412 meis
691 375 891 413 venatibus
912 376 1020 421 auxi,

86 433 322 483 Suspendive
341 434 465 480 tholo,
486 443 550 471 aut
569 448 675 472 sacra
694 435 741 472 ad
760 435 907 485 fastigia
926 436 992 472 fixi
1012 451 1020 471 :

85 496 196 530 Hunc
215 495 295 531 sine
318 508 377 532 me
398 495 554 532 turbare
572 495 746 545 globum,
764 505 801 533 et
820 509 907 546 rege
926 497 1000 534 tela
1017 510 1086 546 per
1106 508 1227 534 auras.
1249 511 1265 528 »e

84 553 244 590 Dixerat
264 569 272 590 :
294 563 331 591 et
350 562 431 591 toto
451 555 636 592 connixus
655 568 817 606 corpore
837 556 980 593 ferrum

1234 567 1283 593 4ιο

85 615 246 664 Conjicit
264 629 271 649 :
290 614 397 652 hasta
416 616 546 651 volans
563 615 684 652 noctis
704 615 922 652 diverberat
939 615 1110 662 umbras,

86 675 132 710 Et
151 675 256 710 venit
271 675 394 711 aversi
413 675 452 710 in
473 682 621 723 tergum
640 674 849 720 Sulmonis,
865 674 996 724 ibique

85 733 307 782 Frangitur,
327 746 370 770 ac
389 733 476 770 fisso
496 733 630 770 transit
649 734 861 783 praecordia
880 734 994 784 ligno.

85 794 262 830 Volvitur
282 793 343 829 ille
362 805 519 830 vomens
541 793 706 830 calidum
725 794 772 831 de
788 802 943 845 pectore
960 795 1100 831 flumen

85 852 279 903 Frigidus,
298 861 336 890 et
354 852 475 903 longis
495 853 722 903 singultibus
739 854 804 890 ilia
822 854 957 904 pulsat.
1232 863 1280 892 41⁵

85 913 236 951 Diversi
255 912 566 963 circumspiciunt
585 927 593 949 :
615 913 688 950 hoc
710 914 836 950 acrior
854 914 956 951 idem

85 977 182 1012 Ecce
201 973 303 1010 aliud
320 985 467 1010 summa
487 974 602 1010 telum
622 973 788 1011 librabat
807 974 854 1011 ab
873 987 964 1012 aure
971 990 981 1020 ;

85 1037 186 1070 Dum
204 1033 413 1083 trepidant3
431 1034 475 1070 iit
494 1034 602 1071 hasta
617 1037 721 1084 Tago
739 1048 808 1084 per
825 1043 973 1084 tempus
995 1043 1199 1084 utrumque

86 1094 275 1139 Stridens,
293 1094 525 1144 trajectoque
545 1093 654 1131 haesit
673 1095 859 1144 tepefacta
878 1094 1047 1131 cerebro.

88 1155 204 1193 Saevit
221 1163 332 1192 atrox
349 1154 547 1200 Volscens,
567 1168 636 1192 nec
654 1155 717 1191 teli
738 1154 922 1205 conspicit
941 1168 1101 1204 usquam

86 1307 147 1337 nisi
165 1312 268 1335 morte
291 1305 433 1345 Euryalo
454 1305 611 1334 intentata
625 1306 659 1334 in

87 1358 231 1393 apertum
242 1351 296 1381 ille
309 1351 515 1391 prorupisset.
525 1368 570 1372 —
582 1356 659 1386 404.

86 1397 243 1430 Solle-nnis
257 1396 409 1438 precandi
422 1407 490 1426 mos
501 1419 509 1433 ,
525 1397 559 1426 in
573 1396 660 1428 hasta

86 1445 136 1474 vel
152 1444 261 1485 sagitta
275 1442 444 1473 emittenda
456 1453 464 1479 ;
478 1449 516 1472 ut
529 1442 568 1472 de
582 1445 660 1473 Pan-

87 1486 164 1521 daro
189 1500 238 1530 ap.
261 1491 406 1525 Homer.⁹
424 1488 513 1519 Iliad.
531 1485 562 1526 ὃ,
584 1500 659 1527 101,

87 1544 118 1566 et
129 1537 187 1567 inf.
205 1536 273 1572 624
287 1536 325 1566 de
342 1536 426 1566 Iulo.
442 1536 587 1565 Imitatur
605 1547 660 1566 co-

87 1583 176 1623 piose
191 1583 308 1613 Statius
326 1584 372 1612 VI
385 1581 488 1612 Theb.
504 1582 570 1611 633
591 1593 658 1623 sqq.

88 1628 237 1659 Formula
258 1639 390 1668 precum
409 1639 440 1659 ν.
464 1628 530 1665 406
546 1628 660 1658 sollen-

88 1677 137 1704 nis
159 1681 189 1704 et
211 1680 286 1704 nota
310 1674 361 1704 vel
383 1685 424 1704 ex
445 1674 536 1705 Iliad.
555 1684 596 1712 α,
618 1676 659 1715 39

88 1731 148 1761 sq.;
173 1731 186 1750 ε
198 1742 207 1757 ,
227 1730 290 1760 119
308 1730 389 1760 sqq.;
405 1719 520 1760 Odyss.
537 1716 578 1757 ὃ,
595 1721 658 1758 763

88 1777 169 1808 sqq.;
195 1777 232 1809 ρ,
254 1772 318 1802 240
337 1777 405 1806 sqq.
425 1773 456 1796 et
470 1765 556 1796 alibi.
575 1768 661 1796 Proe-

88 1823 170 1848 sens,
183 1813 332 1853 propitia,
347 1819 384 1842 ut
400 1811 476 1842 alibi
490 1812 657 1842 monitum.

88 1877 134 1883 -—
149 1866 226 1897 407.
244 1858 337 1888 Auxi
352 1866 405 1889 aut
421 1859 480 1888 alia
498 1859 564 1898 ipse
581 1859 659 1896 tuli,

89 1906 213 1943 addidi;
229 1913 301 1943 aut,
321 1916 392 1946 quae
409 1915 474 1935 vox
494 1914 577 1934 sacra
594 1912 658 1942 est,

88 1953 182 1990 auxi,
206 1953 328 1990 struxi,
355 1951 498 1993 apposui.
521 1968 567 1973 --
583 1951 658 1987 408.

93 1997 207 2029 Tholas
232 2005 278 2028 est
302 2000 437 2028 interius
466 2003 585 2027 tectum
612 2007 662 2027 ro-

90 2045 198 2075 tundae
215 2044 290 2075 aedis
312 2046 348 2074 in
369 2044 560 2074 testudinem
584 2054 660 2074 con-

90 2099 253 2122 cameratae
263 2091 450 2133 ‚fhstigimn
466 2091 558 2122 estin
574 2090 662 2120 aditu

89 2144 121 2166 et
141 2147 236 2178 super
251 2138 385 2168 foribus.
402 2155 448 2160 —-
469 2144 545 2176 409.
567 2136 641 2166 Sine
652 2160 660 2173 ‚

92 2181 192 2220 ἔασεν,
207 2191 243 2214 ut
256 2184 344 2214 Iliad.
359 2183 385 2221 θ,
405 2186 483 2221 243,
501 2189 563 2218 244
578 2194 586 2219 ;
604 2183 663 2212 sol-

1234 1167 1282 1192 ⁴5²0

712 1304 839 1334 lennius
853 1311 919 1334 erat
928 1300 980 1339 δός
996 1315 1045 1346 με,
1058 1304 1101 1333 da
1112 1327 1120 1339 ,
1131 1304 1204 1346 fac,
1222 1315 1282 1335 me.

712 1367 759 1373 —
774 1352 850 1386 413.
867 1349 958 1381 Iliad.
975 1348 1008 1387 ξ,
1027 1351 1089 1387 437
1108 1349 1284 1391 κελαινεφὲς

714 1390 780 1439 αἷμ’
801 1394 985 1438 ἀπέμεσσεν.
1002 1399 1126 1427 Lucret.
1146 1398 1197 1434 II,
1219 1397 1283 1432 354

714 1442 888 1484 Sanguinis
907 1443 1074 1483 exspirans
1089 1442 1230 1473 calidum
1246 1443 1286 1473 de

707 1495 838 1529 pectore
847 1490 988 1532 flumen.
1003 1507 1049 1512 —
1069 1489 1146 1524 415.
1166 1490 1284 1529 Georg.

713 1537 780 1571 ΙΙΙ,
798 1535 862 1565 506
882 1535 1010 1576 imaque
1031 1535 1128 1576 longo
1143 1535 1206 1565 Ilia
1223 1535 1286 1564 sin-

709 1581 801 1623 gultu
821 1582 964 1612 tendunt.

762 1629 839 1664 416.
856 1629 1069 1658 Pacuvianum
1086 1627 1195 1658 laudat
1217 1629 1286 1658 Ma-

715 1674 804 1705 crob.
818 1677 864 1705 VI
874 1697 881 1711 ‚
904 1686 916 1704 1
935 1674 1062 1704 Diversi
1075 1673 1286 1713 circumspici-

714 1731 783 1750 mus
805 1731 817 1750 .-
841 1720 950 1750 horror
971 1719 1117 1760 percipit.
1137 1737 1183 1742 —
1208 1725 1285 1757 417.

715 1768 847 1795 Summa
871 1767 969 1796 telum
985 1765 1123 1795 librabat
1140 1765 1181 1794 ab
1197 1775 1285 1795 aure.

712 1813 822 1852 Cogita
844 1819 959 1842 statum
978 1811 1132 1841 vibrantis
1146 1812 1265 1842 hastam
1278 1834 1285 1847 ‚

713 1858 830 1887 elevata
844 1869 859 1887 a
874 1858 986 1888 dextra
1000 1859 1110 1898 eapitis
1123 1864 1210 1899 parte
1224 1868 1286 1888 ma-

714 1915 768 1934 nu.
784 1905 831 1933 De
849 1904 960 1934 eodem
976 1905 1179 1944 accipiendus
1198 1904 1288 1934 Euri-

714 1950 796 1991 pidis
818 1961 928 1980 versus
949 1951 1080 1992 Hippol.
1106 1961 1168 1981 221
1195 1946 1284 1992 παρὰ

715 1997 828 2036 χαῖταν
859 1993 969 2033 ξανθὰν
1001 1994 1086 2039 ῥίψαι
1115 1995 1212 2036 βέλος.
1239 2013 1285 2020 ·--

717 2050 734 2079 4
744 2045 780 2074 18
792 2067 800 2081 ‚
822 2049 838 2079 4
848 2054 898 2083 19.
916 2045 1122 2073 Homericum
1146 2043 1280 2079 vulnus,

715 2101 746 2120 v.
771 2101 798 2121 c.
818 2090 907 2121 Iliad.
934 2086 973 2127 ὃ,
999 2090 1081 2127 502,
1101 2096 1132 2120 et
1148 2099 1184 2126 u,
1206 2090 1282 2126 473.

719 2137 891 2179 Tepefacta
907 2147 918 2166 .·
937 2145 1018 2177 saepe
1031 2135 1166 2173 ibidem,
1186 2135 1222 2165 11.
1239 2145 1262 2163 π
1276 2157 1282 2170 ,
