1414 2435
570 68 692 98 LIBER
716 69 744 97 X
750 91 757 97 .

1198 69 1258 102 143

26 165 34 171 „
63 125 228 171 Flentes,
246 125 454 174 ingentem,
474 132 588 174 atque
605 125 748 174 ingenti
766 125 920 162 volnere
939 125 1090 162 victum.

62 186 256 235 Adgnovit
273 186 382 234 longe
399 185 581 234 gemitum
601 198 771 235 praesaga
788 185 876 221 mali
896 198 998 222 mens
1017 200 1024 221 :

63 245 246 281 Canitiem
264 244 384 280 multo
404 244 593 281 deformat
613 245 788 294 pulvere,
809 254 846 282 et
867 244 993 281 ambas

63 303 122 341 Ad
139 304 274 341 coelum
293 303 414 341 tendit
432 304 592 353 palmas,
610 313 647 340 et
667 316 828 353 corpore
847 305 1005 341 inhaeret
1025 320 1032 340 :

1211 313 1260 342 ⁸45

64 380 79 395 «
99 365 269 399 Tantane
284 375 344 399 me
365 364 486 400 tenuit
501 364 674 409 vivendi,
695 373 800 410 nate,
819 364 1012 413 voluptas,

63 423 116 458 Ut
135 434 206 471 pro
225 435 285 458 me
305 422 434 460 hostili
453 433 606 472 paterer
626 424 829 460 succedere
850 423 1010 469 dextrae,

63 483 187 527 Quem
204 481 340 531 genui?
360 484 490 519 Tuane
507 483 588 520 haec
607 483 756 533 genitor
774 497 843 533 per
859 483 1014 519 volnera
1031 495 1180 528 servor,

61 542 189 577 Morte
210 548 275 577 tua
293 541 449 579 vivens?
467 545 570 590 Heu,
590 556 691 580 nunc
711 544 849 580 misero
867 543 960 579 mihi
977 542 1129 579 demum

62 599 229 636 Exilium
245 599 394 638 infelix!
412 615 513 639 nunc
530 602 603 640 alte
620 603 756 639 volnus
777 603 967 640 adactum!

1209 609 1258 633 850

63 658 169 695 Idem
188 671 275 709 ego,
293 669 398 706 nate,
418 670 527 699 tuum
546 662 732 699 maculavi
749 662 905 699 crimine
924 673 1074 697 nomen.

64 717 196 754 Pulsus
216 718 266 754 ob
284 719 466 757 invidiam
483 721 578 758 solio
597 722 831 771 sceptrisque
850 719 1034 770 paternis,

62 775 278 813 Debueram
298 779 431 827 patriae
450 793 578 829 poenas
597 781 770 830 odiisque
786 791 958 816 meorum
980 793 987 814 :

64 835 196 872 Omnis
215 850 284 886 per
302 847 443 876 mortes
464 841 627 877 animam
645 849 792 878 sontem
808 841 889 890 ipse
907 838 1107 876 dedissem!

62 898 172 933 Nunc
190 897 299 935 vivo!
315 911 439 947 neque
457 899 582 937 adhuc
600 900 771 937 homines
790 901 988 949 lucemque
1005 898 1195 947 relinquo!
1209 904 1257 928 8⁵⁵

65 957 139 994 Sed
161 957 341 1006 linquam.
363 974 378 991 »
400 958 520 996 Simul
537 959 611 997 hoc
630 960 757 997 dicens
777 959 924 996 adtollit
941 959 980 995 in
998 969 1139 1007 aegrum

64 1171 120 1201 per
139 1160 272 1201 clypeo,
286 1167 324 1190 ut
339 1159 429 1190 facile
448 1159 629 1200 assequeris.

65 1206 104 1237 cf.
116 1217 186 1246 sup.
201 1206 278 1237 506.
288 1207 457 1248 Ingentem
466 1222 513 1228 ·—
523 1205 632 1247 ingen-

64 1252 105 1288 ti;
125 1254 220 1282 etiam
237 1252 306 1282 haec
329 1252 368 1281 ad
385 1251 633 1282 commendatio-

63 1309 137 1328 nem
153 1299 224 1328 caesi
238 1299 364 1336 juvenis
375 1299 547 1338 pertinent.
563 1296 633 1328 Κεῖ-

61 1355 96 1375 το
111 1343 212 1388 μέγας
227 1341 392 1387 μεγαλωςὶ
403 1344 493 1374 Iliad.
507 1354 543 1381 π,
556 1343 632 1381 776.

67 1409 109 1414 -
140 1391 218 1426 844.
249 1390 441 1431 Defierat;
469 1390 514 1419 sic
542 1395 635 1419 ornat

62 1438 271 1467 Homericum
296 1435 492 1476 κατεχεύατῡ
517 1435 632 1476 odyss,

63 1494 106 1521 ω,
129 1483 206 1513 315.
223 1499 271 1505 —--
287 1482 365 1520 847.
391 1481 511 1512 Hostili
528 1491 635 1511 succe-

63 1529 138 1559 dere
151 1529 287 1559 dextrce.
302 1530 380 1568 Sup.
403 1538 448 1558 vs.
470 1537 549 1567 797,
568 1527 632 1567 798

63 1577 170 1605 AEneae
185 1585 314 1604 manum
329 1573 369 1603 ad
382 1575 482 1603 ictum
496 1574 579 1613 patri
589 1574 635 1602 iu-

64 1620 230 1650 ferendum
243 1620 400 1650 sublatam
409 1619 550 1649 subierat
558 1622 636 1650 Lau-

65 1676 118 1696 sus
149 1672 182 1695 et
204 1665 324 1695 vulnus
348 1671 490 1696 moratus
513 1665 634 1704 fuerat,

67 1712 143 1741 dum
172 1717 260 1752 pater
287 1717 518 1751 asportaretur3
547 1722 636 1742 nunc

67 1757 233 1787 succedere
254 1756 397 1792 ἄθλι’-α’,
424 1763 471 1786 est
492 1756 636 1788 dextram

65 1804 99 1834 h,
113 1814 139 1834 e.
154 1803 271 1832 vulnus
284 1803 431 1843 excipere
447 1802 574 1832 alterius
590 1804 636 1833 lo-

67 1860 117 1880 co.
139 1866 185 1872 ——
211 1849 287 1885 848.
316 1851 385 1879 Tua
402 1859 463 1888 per
481 1848 634 1886 vulnera,

65 1906 126 1936 pro
145 1895 297 1932 vulnere,
321 1902 356 1924 ut
372 1895 436 1933 jam
454 1895 568 1924 millies
592 1895 637 1924 vi-

66 1941 188 1979 dimus;
207 1948 315 1971 tamen
337 1951 425 1970 nunc
449 1947 637 1982 argutantur

68 1998 142 2018 cum
158 1989 270 2018 Servio
285 1989 405 2028 Iutpp.‚
420 1994 451 2017 et
468 1987 583 2017 volunt
597 1986 636 2016 ad

68 2033 223 2063 invidiam
248 2045 313 2064 esse
336 2033 468 2065 dictum.
491 2050 538 2058 ·-
561 2033 638 2063 850.

69 2079 217 2109 Exitium
236 2091 310 2110 cum
331 2079 407 2112 Ald.
432 2091 481 2121 pr.
498 2079 641 2120 plerique

71 2126 152 2155 Pier.
175 2126 269 2155 etiam
295 2129 403 2162 Rom.‚
428 2133 497 2156 tum
520 2126 638 2156 Medic.

72 2177 102 2199 et
127 2172 222 2200 ceteri
245 2171 308 2202 fere
325 2182 444 2202 omnes.
463 2173 564 2203 Etiam
581 2172 642 2202 hoc

685 1168 731 1191 est
758 1159 940 1200 exemplum
971 1168 1144 1189 consensus
1171 1156 1256 1188 codi-

684 1218 772 1241 cum1‚
797 1204 1025 1235 emendationis
1051 1205 1182 1234 veritate
1211 1205 1258 1233 in-

686 1253 821 1282 ferioris.
839 1252 906 1282 Etsi
927 1252 1013 1280 enim
1035 1250 1179 1288 adjuvari
1199 1259 1256 1289 po-

686 1305 747 1328 test
776 1309 812 1328 ea
837 1297 933 1327 lectio
959 1295 1219 1336 interpunctione
1246 1303 1255 1323 :

688 1355 771 1374 nanc
794 1343 909 1374 misero
934 1341 1013 1371 mihi
1032 1341 1159 1371 demum
1174 1339 1256 1369 Exi-

687 1390 763 1420 tium
776 1392 789 1418 !
806 1388 922 1431 infelix
932 1390 945 1417 !
959 1398 1044 1417 mmc
1058 1386 1123 1416 alte
1136 1385 1257 1416 volnus

687 1437 858 1472 adactum,·
891 1442 922 1465 at
955 1441 1059 1464 tamen
1097 1431 1230 1462 exilium
1242 1452 1252 1467 ,

687 1482 774 1523 quod
787 1482 946 1522 pleraeque
954 1486 1030 1511 vett.
1045 1478 1116 1510 edd.
1127 1478 1256 1514 habent,

688 1535 718 1558 et
735 1529 910 1569 Naugerius
922 1525 1047 1563 intulit,
1067 1535 1179 1555 verum
1193 1530 1257 1560 est;

687 1574 750 1604 hoc
765 1575 849 1603 enim
867 1574 1006 1614 primum
1027 1577 1108 1609 erat,
1122 1569 1211 1611 quod
1222 1571 1257 1600 in

688 1621 841 1651 Mezentii
871 1619 998 1649 fortuna
1021 1625 1124 1659 poetae
1150 1617 1257 1646 animo

689 1677 856 1697 occurrere
871 1672 1004 1707 poterat.
1018 1682 1064 1687 --
1078 1665 1172 1694 Nunc
1191 1663 1258 1692 alte

688 1713 806 1742 volnus
839 1713 1018 1742 adactum:
1047 1711 1190 1750 loquitur
1217 1708 1257 1738 de

688 1759 821 1798 proprio
838 1758 970 1788 vulnere
985 1768 1015 1787 v.
1037 1757 1115 1794 785,
1132 1755 1257 1793 786.—

691 1804 768 1834 851.
795 1803 951 1839 Crimine,
982 1801 1202 1832 criminatione
1227 1807 1258 1829 et

691 1849 782 1886 odio;
812 1857 842 1879 te
873 1849 1022 1879 infamem
1052 1854 1083 1878 et
1109 1846 1257 1877 odiosum

690 1895 750 1924 feci
780 1896 857 1925 meis
886 1894 1066 1924 sceleribus.
1097 1909 1144 1916 —
1173 1892 1256 1928 853,

691 1941 734 1971 85
739 1947 768 1976 4.
780 1941 958 1971 Debueram
967 1963 975 1976 ,
989 1940 1015 1970 si
1028 1939 1181 1970 debebam
1195 1948 1258 1978 poe-

691 1997 765 2017 nam
785 1987 910 2016 civibus
937 1987 1032 2023 meis;
1061 1986 1088 2015 si
1115 1984 1259 2015 merebar

691 2040 825 2063 mortem
840 2043 849 2064 ι
861 2034 982 2063 utinam
996 2033 1063 2072 ipse
1077 2032 1174 2062 vitam
1184 2054 1192 2069 ,
1210 2031 1260 2060 vel

693 2080 842 2110 omnibus
873 2079 1037 2120 suppliciis
1070 2077 1234 2119 expulsam
1250 2102 1258 2115 ,

693 2125 897 2156 reddidissem
936 2125 1103 2165 superstite
1140 2131 1169 2153 te
1186 2126 1191 2154 ἔ
1231 2131 1260 2153 at

695 2183 780 2202 nunc
805 2174 896 2207 vivo,
918 2178 947 2201 te
963 2172 1089 2211 erepto!
