1414 2435
121 22 182 52 183

615 20 810 52 AENELDOS

120 85 258 119 Caussa
278 80 365 117 mali
386 79 498 124 tanti,
519 78 649 116 oculos
667 79 814 129 dejecta
832 79 1006 116 decoros.

1267 89 1317 118 480

121 140 335 179 Succedunt
353 146 511 184 matres,
531 147 569 176 et
589 140 770 190 templum
789 147 872 176 ture
889 147 1094 189 vaporant,

121 203 168 237 Et
185 208 334 236 moestas
354 199 429 236 alto
449 198 612 236 fundunt
632 198 679 236 de
699 199 827 236 limine
844 212 956 237 voces
974 214 983 237 ε

126 277 141 292 «
161 259 421 308 Armipotens,
440 271 579 309 praeses
599 258 707 304 belli,
726 259 899 296 Tritonia
916 259 1044 308 virgo,

124 322 268 368 Frange
288 331 402 355 manu
418 319 535 356 telum
553 319 708 369 Phrygii
727 319 936 370 praedonis,
959 328 996 356 et
1014 320 1138 369 ipsum

119 382 284 416 Pronum
304 388 429 416 sterne
448 381 549 426 solo,
570 381 768 430 portisque
786 379 940 416 effunde
959 379 1031 416 sub
1052 380 1148 417 altis!
1168 396 1182 412 »

1264 389 1313 417 485

172 438 344 488 Cingitur
362 439 442 489 ipse
462 439 590 476 furens
609 439 783 476 certatim
801 439 840 475 in
855 438 986 488 praelia
1003 441 1153 475 Turnus
1174 453 1182 475 :

119 503 277 549 Jamque
298 500 393 537 adeo
412 500 597 537 Rutulum
616 499 773 536 thoraca
791 499 946 535 indutus
966 497 1095 535 ahenis

118 558 310 596 Horrebat
329 560 512 609 squamis,
531 572 715 610 surasque
734 560 937 597 incluserat
956 571 1068 604 auro,
1096 571 1099 573 ·

121 706 198 742 480.
224 705 344 735 Caussa
371 706 453 735 mali
474 705 571 742 tanti,
593 713 689 746 acque

120 752 225 781 oculos
253 758 328 781 vett.
362 752 434 782 edd.
463 759 494 781 et
505 774 513 789 ‚
545 752 690 791 quamvis

119 800 240 829 Pierius
255 798 444 836 ejiciendum
461 796 495 827 τὸ
514 805 611 838 atque
626 807 692 827 mo-

118 852 249 882 nuerat,
264 845 357 874 etiam
377 855 441 884 seq.
458 843 563 885 vulgg.
581 845 691 883 Itaque

117 892 264 922 Heinsius
275 891 397 931 expulit
407 889 583 920 secuudum
594 889 687 919 codd.

118 939 249 968 Hiatum
261 961 270 976 ‚
302 948 397 977 quem
434 938 527 966 toties
566 936 688 965 librarii

119 986 200 1014 ferre
209 984 391 1025 nequivere,
404 982 571 1023 explevere
581 984 688 1012 Mont-

120 1030 181 1061 alb.
204 1037 236 1061 et
262 1029 403 1061 Parthas.
435 1028 590 1068 tantique.
618 1030 686 1058 Ma-

117 1078 218 1115 jorem
237 1076 471 1106 dubitationem
487 1075 579 1112 facit,
599 1075 686 1114 quod

119 1124 154 1153 iu
166 1126 258 1154 Rom.
277 1129 342 1152 erat
357 1131 365 1152 :
384 1122 503 1152 Caussa
517 1120 610 1150 malis
620 1128 689 1151 tan-

120 1169 159 1199 !1'5
173 1181 185 1199 .·
203 1170 248 1199 sic
266 1170 412 1199 Donatus
436 1175 466 1198 et
484 1178 566 1208 pars.
592 1168 686 1199 codd.

121 1217 229 1246 Heius.
247 1226 319 1245 cum
335 1216 432 1254 Regio
451 1222 482 1244 et
501 1214 598 1244 Goth.
616 1222 686 1245 tert.

118 1273 177 1292 nec
192 1272 267 1292 vero
277 1261 366 1291 aliter
381 1260 440 1290 fuit
453 1262 485 1290 in
496 1260 590 1297 libro,
601 1261 687 1292 unde

118 1308 278 1339 Mediceus
307 1307 482 1348 descriptus
507 1314 591 1344 erat,
614 1318 687 1338 uam

117 1357 151 1385 in
165 1355 226 1385 hoc
242 1365 257 1384 a
273 1366 320 1395 pr.
331 1365 373 1384 m.
390 1354 509 1384 fuerat:
526 1354 608 1384 mali
619 1362 688 1384 tau-

116 1401 165 1432 tt's.
184 1403 292 1441 Itaque
305 1402 441 1430 rationes
453 1402 592 1441 potiores
612 1411 688 1431 con-

116 1449 237 1488 spirant
254 1449 287 1477 in
314 1447 376 1477 hoc
387 1470 394 1483 ‚
411 1448 564 1488 scriptum
581 1458 598 1477 a
617 1449 686 1478 Ma-

118 1504 194 1524 rone
221 1494 337 1524 fuisse:
356 1494 476 1523 Caussa
500 1494 596 1523 malis
617 1501 687 1523 tan-

116 1539 154 1569 t1'5
165 1540 272 1570 oculos
280 1540 312 1570 cl.
323 1539 463 1570 Tandem
475 1540 684 1580 Cuuingham.

115 1585 303 1616 emendabat
323 1585 419 1615 Tanti
446 1596 559 1614 caussa
593 1586 683 1616 mali.

115 1632 176 1662 Sed
195 1639 319 1673 poetam
339 1631 467 1662 dedecet
481 1642 604 1672 semper
618 1643 684 1661 eos-

113 1677 185 1708 dem
202 1689 352 1708 numeros
370 1679 619 1708 sectari—Kar*
630 1677 684 1721 ὅμ-

113 1735 202 1766 pan
225 1722 310 1755 καλὰ
337 1722 494 1763 βαλεῦσσις
512 1725 614 1755 oculis
634 1726 684 1755 de-

110 1772 210 1808 jectis.
233 1770 271 1801 cf.
295 1770 426 1802 Ruhnk.
443 1770 483 1800 ad
500 1773 540 1802 Π.
562 1773 595 1801 ἰη
612 1773 681 1802 Cer.

119 1824 192 1857 ¹94·
202 1835 248 1841 —
259 1818 300 1853 48
311 1828 337 1848 1.
353 1817 531 1847 Succedunt
545 1829 588 1848 sc.
607 1825 684 1848 tcm-

113 1864 202 1903 plum
216 1866 333 1894 intrant
345 1887 353 1901 ‚
364 1871 398 1894 nt
410 1864 490 1894 hone
499 1867 584 1895 Serv.
598 1865 684 1895 Alias

111 1910 240 1950 languet
263 1921 370 1941 versus
383 1918 454 1953 post
470 1911 522 1941 illa
544 1921 551 1942 ε
575 1911 683 1941 Subve-

111 1956 197 1986 lu'cur
208 1968 330 1999 magna
350 1966 484 1987 matrum
504 1957 617 2000 regina
633 1969 684 1988 ca-

111 2010 206 2033 terva.
218 2021 263 2026 —-
276 2005 352 2040 43²·
366 2006 414 2034 De
425 2012 552 2044 pectore
563 2005 682 2045 aliquot

112 2050 190 2078 l'ier.
202 2057 231 2079 ot
244 2052 349 2081 Heius.
361 2062 432 2081 cum
441 2051 538 2081 Goth.
552 2058 620 2082 tert.
635 2053 683 2081 De

111 2094 221 2124 limine
236 2098 329 2127 etiam
342 2100 429 2128 Serv.
442 2099 683 2137 agnoscit—De

111 2139 231 2172 limine.
246 2143 295 2173 Nil
307 2145 536 2184 argutandum;
553 2151 598 2174 est
610 2155 680 2185 pro,

744 707 892 746 ingressae
916 706 1081 747 templum.
1097 707 1178 737 Nam
1194 716 1236 736 ex
1249 716 1317 737 mo-

743 762 776 780 re
789 753 825 781 in
840 753 942 792 prima
962 753 1071 793 templi
1085 759 1171 793 parte
1184 759 1257 783 vota
1276 754 1316 783 fa-

744 798 834 827 ciunt
845 819 854 834 ‚
871 799 926 837 qui
942 798 1017 828 deos
1039 798 1174 837 adeunt,
1191 809 1251 829 nec
1265 800 1315 829 in-

745 844 861 873 teriora
877 845 999 873 intrant
1013 851 1049 874 ut
1059 855 1127 875 nos.
1138 862 1185 868 —-
1196 845 1260 880 483
1269 863 1314 868 -—-

747 890 823 925 485.
842 892 950 920 Preces
965 891 1028 920 fere
1039 891 1078 921 ad
1092 891 1225 921 verbum
1241 902 1316 921 con-

740 947 839 965 versae
854 947 894 965 ex
906 936 928 966 l.
947 947 974 967 c.
994 938 1166 968 Homerico
1183 949 1213 968 v.
1230 938 1314 974 305,

742 982 808 1012 306
818 1005 827 1019 ‚
839 983 915 1020 307.
928 982 1083 1024 Esfuncle,
1095 983 1134 1013 de
1147 983 1296 1025 prolapso
1307 1007 1316 1021 ,

739 1035 895 1068 prostrato
913 1036 985 1059 ante
997 1029 1086 1059 urbis
1100 1029 1235 1060 obsessae
1246 1040 1315 1060 mu-

739 1085 803 1105 ros,

789 1121 854 1157 486
881 1132 949 1162 sqq.
971 1120 1152 1151 AEmulatur
1176 1128 1208 1152 et
1230 1121 1263 1153 h.
1290 1123 1312 1153 l.

741 1169 833 1198 Maro
851 1169 1047 1205 Homerum,
1069 1169 1126 1208 qui
1148 1167 1261 1200 heroes
1282 1180 1314 1199 se

740 1221 895 1244 armantes
924 1214 1049 1245 inducit
1066 1215 1157 1245 Iliad.
1180 1226 1222 1259 γ,
1247 1216 1312 1246 330

740 1271 808 1300 sqq.
832 1261 994 1298 Paridem3
1013 1264 1052 1298 λ,
1074 1261 1112 1291 15
1139 1272 1207 1302 sqq.
1229 1261 1313 1303 Aga-

740 1317 962 1345 memnonem3
977 1319 1002 1338 π
1014 1330 1023 1345 ,
1042 1309 1105 1338 130
1120 1319 1188 1349 sqq.
1207 1310 1315 1339 Patro·

741 1353 826 1382 clum
837 1364 844 1390 ;
855 1365 873 1384 τ·
883 1377 891 1391 ,
908 1355 973 1395 369
988 1365 1057 1396 sqq.
1071 1354 1241 1385 Achillem.
1252 1354 1315 1387 Sed

740 1402 915 1431 orationem
930 1403 1054 1443 egregie
1067 1402 1194 1432 ornavit
1209 1408 1241 1431 et
1258 1411 1312 1431 va-

740 1447 832 1476 riavit
868 1449 961 1478 Maro
983 1458 991 1478 :
1020 1448 1153 1478 thoraca
1185 1446 1313 1478 induens

740 1492 854 1523 altenis
879 1494 1039 1524 Horrebat
1062 1493 1222 1534 squamis,
1253 1503 1313 1534 pro

740 1539 901 1570 thoracem
933 1540 1081 1570 induerat
1112 1551 1153 1570 ex
1181 1550 1242 1570 aere
1278 1541 1311 1569 in

738 1595 940 1625 squamarum
954 1588 1091 1626 speciem
1105 1592 1291 1616 contextum
1301 1609 1310 1620 ‚

738 1642 890 1672 surasque
906 1632 1080 1662 incluserat
1091 1643 1187 1667 auro,
1204 1642 1312 1663 ocreas

739 1688 846 1707 aureas
862 1678 1018 1709 induerat.
1030 1679 1090 1709 Sed
1103 1678 1204 1709 multo
1217 1679 1311 1709 etiam

738 1727 899 1755 ornatiora
914 1732 988 1755 sunt
999 1727 1160 1766 sequentia
1171 1747 1180 1763 ,
1194 1736 1225 1756 v.
1241 1730 1306 1765 492

737 1789 783 1794 —
795 1777 857 1811 497
871 1795 879 1808 ‚
898 1783 971 1812 qua:
989 1783 1029 1802 ex
1045 1774 1203 1810 Homero,
1214 1769 1255 1802 ‘in
1272 1771 1309 1801 11.

737 1817 774 1854 ζ,
811 1819 933 1849 506-
954 1820 1016 1849 511
1038 1828 1188 1849 conversa
1225 1827 1309 1853 esse,

735 1865 799 1903 jam
822 1873 941 1895 veteres
966 1871 1129 1896 notarunt.
1155 1863 1208 1895 Ad
1228 1865 1309 1895 Tur-

739 1921 814 1941 num
834 1919 937 1942 tamen
955 1911 1197 1942 convenientius
1212 1916 1310 1940 trans-

739 1957 799 1987 lata
817 1965 916 1999 puto,
940 1968 1036 1999 quam
1059 1957 1098 1988 de
1118 1957 1228 1988 Paride
1247 1957 1312 1987 fne-

737 2011 809 2033 rant
831 2005 1058 2045 pronuntiata:
1078 2011 1187 2034 contra
1216 2014 1309 2045 quam

738 2051 837 2091 Pupio
849 2053 962 2080 visum.
975 2051 1052 2080 Nam
1061 2052 1092 2080 in
1103 2052 1213 2081 'l'uruo
1224 2060 1309 2080 sum-

736 2107 786 2126 ma
805 2097 947 2126 alacritas
961 2103 990 2125 et
1013 2097 1168 2127 festinatio
1191 2108 1226 2128 ac
1243 2096 1308 2127 dis-

736 2145 882 2174 cursatio.
909 2143 1042 2184 Virgilio
1062 2150 1166 2174 tamen
1187 2144 1220 2175 iu
1241 2154 1311 2174 ver-
