<?xml version="1.0" encoding="UTF-8"?>
<!DOCTYPE html PUBLIC "-//W3C//DTD XHTML 1.0 Transitional//EN"
    "http://www.w3.org/TR/xhtml1/DTD/xhtml1-transitional.dtd">
<html xmlns="http://www.w3.org/1999/xhtml" xml:lang="en" lang="en">
 <head>
  <title>
</title>
<meta http-equiv="Content-Type" content="text/html;charset=utf-8" />
  <meta name='ocr-system' content='tesseract 3.04.00' />
  <meta name='ocr-capabilities' content='ocr_page ocr_carea ocr_par ocr_line ocrx_word'/>
</head>
<body>
  <div class='ocr_page' id='page_1' title='image "./operahey04virguoft_0061.png"; bbox 0 0 1414 2435; ppageno 0'>
   <div class='ocr_carea' id='block_1_1' title="bbox 2 76 1245 542">
    <p class='ocr_par' dir='ltr' id='par_1_1' title="bbox 2 76 1245 542">
     <span class='ocr_line' id='line_1_1' title="bbox 542 76 1239 106; baseline -0.001 -1"><span class='ocrx_word' id='word_1_1' title='bbox 542 76 664 106; x_wconf 81' lang='lat' dir='ltr'>LIBER</span> <span class='ocrx_word' id='word_1_2' title='bbox 688 76 747 106; x_wconf 76' lang='lat' dir='ltr'>IX.</span> <span class='ocrx_word' id='word_1_3' title='bbox 1201 76 1239 104; x_wconf 71' lang='grc' dir='ltr'>δι</span> 
     </span>
     <span class='ocr_line' id='line_1_2' title="bbox 51 131 1084 182; baseline -0.003 -12"><span class='ocrx_word' id='word_1_4' title='bbox 51 132 258 182; x_wconf 60' lang='lat' dir='ltr'>Dindyma,</span> <span class='ocrx_word' id='word_1_5' title='bbox 281 131 347 170; x_wconf 90' lang='lat' dir='ltr'>ubi</span> <span class='ocrx_word' id='word_1_6' title='bbox 366 131 530 169; x_wconf 85' lang='lat' dir='ltr'>adsuetis</span> <span class='ocrx_word' id='word_1_7' title='bbox 550 131 713 169; x_wconf 81' lang='lat' dir='ltr'>biforem</span> <span class='ocrx_word' id='word_1_8' title='bbox 731 131 795 168; x_wconf 78' lang='lat' dir='ltr'>dat</span> <span class='ocrx_word' id='word_1_9' title='bbox 812 131 905 168; x_wconf 88' lang='lat' dir='ltr'>tibia</span> <span class='ocrx_word' id='word_1_10' title='bbox 921 140 1084 169; x_wconf 85' lang='lat' dir='ltr'>cantum.</span> 
     </span>
     <span class='ocr_line' id='line_1_3' title="bbox 2 192 1088 243; baseline -0.003 -12"><span class='ocrx_word' id='word_1_11' title='bbox 2 199 10 205; x_wconf 85' lang='lat'><em>&#39;</em></span> <span class='ocrx_word' id='word_1_12' title='bbox 50 196 245 243; x_wconf 88' lang='lat' dir='ltr'>Tympana</span> <span class='ocrx_word' id='word_1_13' title='bbox 263 206 330 230; x_wconf 89' lang='lat' dir='ltr'>vos</span> <span class='ocrx_word' id='word_1_14' title='bbox 347 192 548 241; x_wconf 85' lang='lat' dir='ltr'>buxusque</span> <span class='ocrx_word' id='word_1_15' title='bbox 568 201 704 229; x_wconf 81' lang='lat' dir='ltr'>vocant</span> <span class='ocrx_word' id='word_1_16' title='bbox 721 193 942 240; x_wconf 84' lang='lat' dir='ltr'>Berecyntia</span> <span class='ocrx_word' id='word_1_17' title='bbox 958 192 1088 228; x_wconf 82' lang='lat' dir='ltr'>matris</span> 
     </span>
     <span class='ocr_line' id='line_1_4' title="bbox 52 251 1245 298; baseline -0.005 -8"><span class='ocrx_word' id='word_1_18' title='bbox 52 253 163 290; x_wconf 85' lang='lat' dir='ltr'>ldaeae</span> <span class='ocrx_word' id='word_1_19' title='bbox 183 266 190 288; x_wconf 93' lang='lat'>:</span> <span class='ocrx_word' id='word_1_20' title='bbox 209 252 318 289; x_wconf 85' lang='lat' dir='ltr'>sinite</span> <span class='ocrx_word' id='word_1_21' title='bbox 339 264 443 288; x_wconf 84' lang='lat' dir='ltr'>arma</span> <span class='ocrx_word' id='word_1_22' title='bbox 461 251 570 298; x_wconf 83' lang='lat' dir='ltr'>viris,</span> <span class='ocrx_word' id='word_1_23' title='bbox 588 261 625 288; x_wconf 86' lang='lat' dir='ltr'>et</span> <span class='ocrx_word' id='word_1_24' title='bbox 645 251 766 288; x_wconf 80' lang='lat' dir='ltr'>cedite</span> <span class='ocrx_word' id='word_1_25' title='bbox 787 252 900 288; x_wconf 80' lang='lat' dir='ltr'>ferro.</span> <span class='ocrx_word' id='word_1_26' title='bbox 921 269 936 284; x_wconf 89' lang='lat'>»</span> <span class='ocrx_word' id='word_1_27' title='bbox 1197 261 1245 285; x_wconf 80' lang='lat'>620</span> 
     </span>
     <span class='ocr_line' id='line_1_5' title="bbox 103 311 973 361; baseline 0 -13"><span class='ocrx_word' id='word_1_28' title='bbox 103 312 208 348; x_wconf 86' lang='lat' dir='ltr'>Talia</span> <span class='ocrx_word' id='word_1_29' title='bbox 220 314 424 361; x_wconf 85' lang='lat' dir='ltr'>jactantem</span> <span class='ocrx_word' id='word_1_30' title='bbox 445 311 572 358; x_wconf 71' lang='lat' dir='ltr'>dictis,</span> <span class='ocrx_word' id='word_1_31' title='bbox 593 325 636 348; x_wconf 86' lang='lat' dir='ltr'>ac</span> <span class='ocrx_word' id='word_1_32' title='bbox 657 311 740 348; x_wconf 84' lang='lat' dir='ltr'>dira</span> <span class='ocrx_word' id='word_1_33' title='bbox 759 321 973 359; x_wconf 81' lang='lat' dir='ltr'>canentem,</span> 
     </span>
     <span class='ocr_line' id='line_1_6' title="bbox 51 372 1039 422; baseline -0.002 -12"><span class='ocrx_word' id='word_1_34' title='bbox 51 374 138 410; x_wconf 87' lang='lat' dir='ltr'>Non</span> <span class='ocrx_word' id='word_1_35' title='bbox 156 372 242 408; x_wconf 85' lang='lat' dir='ltr'>tulit</span> <span class='ocrx_word' id='word_1_36' title='bbox 260 372 462 418; x_wconf 86' lang='lat' dir='ltr'>Ascanius,</span> <span class='ocrx_word' id='word_1_37' title='bbox 480 385 675 422; x_wconf 89' lang='lat' dir='ltr'>nervoque</span> <span class='ocrx_word' id='word_1_38' title='bbox 695 372 879 410; x_wconf 86' lang='lat' dir='ltr'>obversus</span> <span class='ocrx_word' id='word_1_39' title='bbox 900 373 1039 422; x_wconf 86' lang='lat' dir='ltr'>equino</span> 
     </span>
     <span class='ocr_line' id='line_1_7' title="bbox 51 431 951 481; baseline 0.001 -14"><span class='ocrx_word' id='word_1_40' title='bbox 51 431 217 469; x_wconf 86' lang='lat' dir='ltr'>Intendit</span> <span class='ocrx_word' id='word_1_41' title='bbox 237 432 370 478; x_wconf 88' lang='lat' dir='ltr'>telum,</span> <span class='ocrx_word' id='word_1_42' title='bbox 389 431 614 481; x_wconf 87' lang='lat' dir='ltr'>diversaque</span> <span class='ocrx_word' id='word_1_43' title='bbox 633 431 792 468; x_wconf 82' lang='lat' dir='ltr'>brachia</span> <span class='ocrx_word' id='word_1_44' title='bbox 811 432 951 469; x_wconf 86' lang='lat' dir='ltr'>ducens</span> 
     </span>
     <span class='ocr_line' id='line_1_8' title="bbox 53 492 1103 542; baseline 0.001 -13"><span class='ocrx_word' id='word_1_45' title='bbox 53 492 228 529; x_wconf 90' lang='lat' dir='ltr'>Constitit</span> <span class='ocrx_word' id='word_1_46' title='bbox 248 501 332 529; x_wconf 87' lang='lat' dir='ltr'>ante</span> <span class='ocrx_word' id='word_1_47' title='bbox 352 495 485 529; x_wconf 84' lang='lat' dir='ltr'>Jovem</span> <span class='ocrx_word' id='word_1_48' title='bbox 505 493 680 542; x_wconf 77' lang='lat' dir='ltr'>supplex,</span> <span class='ocrx_word' id='word_1_49' title='bbox 702 505 771 542; x_wconf 88' lang='lat' dir='ltr'>per</span> <span class='ocrx_word' id='word_1_50' title='bbox 791 501 879 529; x_wconf 79' lang='lat' dir='ltr'>vota</span> <span class='ocrx_word' id='word_1_51' title='bbox 899 501 1073 542; x_wconf 84' lang='lat' dir='ltr'>precatus</span> <span class='ocrx_word' id='word_1_52' title='bbox 1095 508 1103 529; x_wconf 74' lang='grc' dir='ltr'><strong><em>ε</em></strong></span> 
     </span>
    </p>
   </div>
   <div class='ocr_carea' id='block_1_2' title="bbox 54 551 1081 601">
    <p class='ocr_par' dir='ltr' id='par_1_2' title="bbox 54 551 1081 601">
     <span class='ocr_line' id='line_1_9' title="bbox 54 551 1081 601; baseline 0.004 -17"><span class='ocrx_word' id='word_1_53' title='bbox 54 567 69 584; x_wconf 86' lang='grc'>«</span> <span class='ocrx_word' id='word_1_54' title='bbox 89 554 111 588; x_wconf 88' lang='lat' dir='ltr'>J</span> <span class='ocrx_word' id='word_1_55' title='bbox 115 551 265 600; x_wconf 89' lang='lat' dir='ltr'>uppiter</span> <span class='ocrx_word' id='word_1_56' title='bbox 286 551 540 600; x_wconf 86' lang='lat' dir='ltr'>omnipotens,</span> <span class='ocrx_word' id='word_1_57' title='bbox 561 551 768 587; x_wconf 80' lang='lat' dir='ltr'>audacibus</span> <span class='ocrx_word' id='word_1_58' title='bbox 787 552 911 587; x_wconf 87' lang='lat' dir='ltr'>adnue</span> <span class='ocrx_word' id='word_1_59' title='bbox 931 552 1081 601; x_wconf 87' lang='lat' dir='ltr'>coeptis!</span> 
     </span>
    </p>
   </div>
   <div class='ocr_carea' id='block_1_3' title="bbox 1199 559 1249 584">
    <p class='ocr_par' dir='ltr' id='par_1_3' title="bbox 1199 559 1249 584">
     <span class='ocr_line' id='line_1_10' title="bbox 1199 559 1249 584; baseline -0.02 0"><span class='ocrx_word' id='word_1_60' title='bbox 1199 559 1249 584; x_wconf 83' lang='lat'>625</span> 
     </span>
    </p>
   </div>
   <div class='ocr_carea' id='block_1_4' title="bbox 53 610 1139 777">
    <p class='ocr_par' dir='ltr' id='par_1_4' title="bbox 53 610 1139 777">
     <span class='ocr_line' id='line_1_11' title="bbox 53 610 1007 661; baseline -0.003 -13"><span class='ocrx_word' id='word_1_61' title='bbox 53 613 140 661; x_wconf 90' lang='lat' dir='ltr'>Ipse</span> <span class='ocrx_word' id='word_1_62' title='bbox 158 611 228 647; x_wconf 90' lang='lat' dir='ltr'>tibi</span> <span class='ocrx_word' id='word_1_63' title='bbox 246 610 293 647; x_wconf 86' lang='lat' dir='ltr'>ad</span> <span class='ocrx_word' id='word_1_64' title='bbox 310 620 375 647; x_wconf 86' lang='lat' dir='ltr'>tua</span> <span class='ocrx_word' id='word_1_65' title='bbox 397 610 535 659; x_wconf 88' lang='lat' dir='ltr'>templa</span> <span class='ocrx_word' id='word_1_66' title='bbox 553 610 671 646; x_wconf 86' lang='lat' dir='ltr'>feram</span> <span class='ocrx_word' id='word_1_67' title='bbox 688 611 870 646; x_wconf 86' lang='lat' dir='ltr'>sollennia</span> <span class='ocrx_word' id='word_1_68' title='bbox 889 610 1007 655; x_wconf 83' lang='lat' dir='ltr'>dona,</span> 
     </span>
     <span class='ocr_line' id='line_1_12' title="bbox 55 668 1004 717; baseline -0.005 -10"><span class='ocrx_word' id='word_1_69' title='bbox 55 673 102 707; x_wconf 89' lang='lat' dir='ltr'>Et</span> <span class='ocrx_word' id='word_1_70' title='bbox 122 678 283 707; x_wconf 87' lang='lat' dir='ltr'>statuam</span> <span class='ocrx_word' id='word_1_71' title='bbox 300 677 386 706; x_wconf 87' lang='lat' dir='ltr'>ante</span> <span class='ocrx_word' id='word_1_72' title='bbox 406 682 489 706; x_wconf 80' lang='lat' dir='ltr'>aras</span> <span class='ocrx_word' id='word_1_73' title='bbox 507 677 640 705; x_wconf 86' lang='lat' dir='ltr'>aurata</span> <span class='ocrx_word' id='word_1_74' title='bbox 661 669 784 704; x_wconf 87' lang='lat' dir='ltr'>fronte</span> <span class='ocrx_word' id='word_1_75' title='bbox 797 668 1004 717; x_wconf 83' lang='lat' dir='ltr'>juvencum</span> 
     </span>
     <span class='ocr_line' id='line_1_13' title="bbox 57 727 1139 777; baseline -0.004 -11"><span class='ocrx_word' id='word_1_76' title='bbox 57 728 304 773; x_wconf 85' lang='lat' dir='ltr'>Candentem,</span> <span class='ocrx_word' id='word_1_77' title='bbox 324 728 543 777; x_wconf 82' lang='lat' dir='ltr'>pariterque</span> <span class='ocrx_word' id='word_1_78' title='bbox 560 737 674 777; x_wconf 84' lang='lat' dir='ltr'>caput</span> <span class='ocrx_word' id='word_1_79' title='bbox 691 740 777 763; x_wconf 90' lang='lat' dir='ltr'>cum</span> <span class='ocrx_word' id='word_1_80' title='bbox 798 735 918 763; x_wconf 85' lang='lat' dir='ltr'>matre</span> <span class='ocrx_word' id='word_1_81' title='bbox 938 727 1139 771; x_wconf 86' lang='lat' dir='ltr'>serentem,</span> 
     </span>
    </p>
   </div>
   <div class='ocr_carea' id='block_1_5' title="bbox 57 844 638 2220">
    <p class='ocr_par' dir='ltr' id='par_1_5' title="bbox 57 844 638 2175">
     <span class='ocr_line' id='line_1_14' title="bbox 57 844 626 885; baseline -0.002 -10"><span class='ocrx_word' id='word_1_82' title='bbox 57 845 169 875; x_wconf 87' lang='lat' dir='ltr'>bemus</span> <span class='ocrx_word' id='word_1_83' title='bbox 193 855 201 876; x_wconf 75' lang='grc' dir='ltr'>ε</span> <span class='ocrx_word' id='word_1_84' title='bbox 218 845 323 874; x_wconf 85' lang='lat' dir='ltr'>sintne</span> <span class='ocrx_word' id='word_1_85' title='bbox 350 844 437 874; x_wconf 63' lang='lat' dir='ltr'>tibiae</span> <span class='ocrx_word' id='word_1_86' title='bbox 466 844 626 885; x_wconf 87' lang='lat' dir='ltr'>duplices,</span> 
     </span>
     <span class='ocr_line' id='line_1_15' title="bbox 58 891 630 932; baseline -0.002 -11"><span class='ocrx_word' id='word_1_87' title='bbox 58 892 115 921; x_wconf 84' lang='lat' dir='ltr'>alia</span> <span class='ocrx_word' id='word_1_88' title='bbox 128 892 279 932; x_wconf 86' lang='lat' dir='ltr'>gravioris</span> <span class='ocrx_word' id='word_1_89' title='bbox 291 891 377 927; x_wconf 84' lang='lat' dir='ltr'>soni,</span> <span class='ocrx_word' id='word_1_90' title='bbox 389 891 448 920; x_wconf 85' lang='lat' dir='ltr'>alia</span> <span class='ocrx_word' id='word_1_91' title='bbox 460 891 630 920; x_wconf 78' lang='lat' dir='ltr'>acutioris?</span> 
     </span>
     <span class='ocr_line' id='line_1_16' title="bbox 58 936 631 977; baseline -0.002 -10"><span class='ocrx_word' id='word_1_92' title='bbox 58 948 98 967; x_wconf 90' lang='lat' dir='ltr'>an</span> <span class='ocrx_word' id='word_1_93' title='bbox 113 937 230 967; x_wconf 87' lang='lat' dir='ltr'>eaedem</span> <span class='ocrx_word' id='word_1_94' title='bbox 244 947 316 977; x_wconf 86' lang='lat' dir='ltr'>quae</span> <span class='ocrx_word' id='word_1_95' title='bbox 331 936 416 966; x_wconf 85' lang='lat' dir='ltr'>tibiae</span> <span class='ocrx_word' id='word_1_96' title='bbox 428 947 517 977; x_wconf 86' lang='lat' dir='ltr'>pares</span> <span class='ocrx_word' id='word_1_97' title='bbox 529 943 560 966; x_wconf 80' lang='lat' dir='ltr'>et</span> <span class='ocrx_word' id='word_1_98' title='bbox 573 938 631 966; x_wconf 90' lang='lat' dir='ltr'>im-</span> 
     </span>
     <span class='ocr_line' id='line_1_17' title="bbox 58 982 630 1025; baseline -0.002 -12"><span class='ocrx_word' id='word_1_99' title='bbox 58 984 167 1025; x_wconf 80' lang='lat' dir='ltr'>pares?</span> <span class='ocrx_word' id='word_1_100' title='bbox 181 982 300 1012; x_wconf 80' lang='lat' dir='ltr'>dextrae</span> <span class='ocrx_word' id='word_1_101' title='bbox 316 989 347 1012; x_wconf 92' lang='lat' dir='ltr'>et</span> <span class='ocrx_word' id='word_1_102' title='bbox 359 983 515 1012; x_wconf 72' lang='lat' dir='ltr'>sinistrae?</span> <span class='ocrx_word' id='word_1_103' title='bbox 532 984 630 1022; x_wconf 86' lang='lat' dir='ltr'>Quic-</span> 
     </span>
     <span class='ocr_line' id='line_1_18' title="bbox 59 1028 628 1070; baseline 0 -12"><span class='ocrx_word' id='word_1_104' title='bbox 59 1029 137 1070; x_wconf 88' lang='lat' dir='ltr'>quid</span> <span class='ocrx_word' id='word_1_105' title='bbox 153 1029 194 1059; x_wconf 89' lang='lat' dir='ltr'>ad</span> <span class='ocrx_word' id='word_1_106' title='bbox 205 1028 293 1058; x_wconf 89' lang='lat' dir='ltr'>hune</span> <span class='ocrx_word' id='word_1_107' title='bbox 308 1029 414 1059; x_wconf 92' lang='lat' dir='ltr'>locum</span> <span class='ocrx_word' id='word_1_108' title='bbox 430 1029 557 1058; x_wconf 81' lang='lat' dir='ltr'>allatum</span> <span class='ocrx_word' id='word_1_109' title='bbox 572 1036 628 1066; x_wconf 80' lang='lat' dir='ltr'>est,</span> 
     </span>
     <span class='ocr_line' id='line_1_19' title="bbox 60 1074 628 1106; baseline 0.002 -1"><span class='ocrx_word' id='word_1_110' title='bbox 60 1076 216 1106; x_wconf 77' lang='lat' dir='ltr'>Servianis</span> <span class='ocrx_word' id='word_1_111' title='bbox 231 1074 364 1104; x_wconf 86' lang='lat' dir='ltr'>debetur</span> <span class='ocrx_word' id='word_1_112' title='bbox 379 1075 628 1106; x_wconf 86' lang='lat' dir='ltr'>ariolatiouihus.</span> 
     </span>
     <span class='ocr_line' id='line_1_20' title="bbox 60 1120 631 1161; baseline -0.002 -10"><span class='ocrx_word' id='word_1_113' title='bbox 60 1122 204 1158; x_wconf 87' lang='lat' dir='ltr'>Praestat,</span> <span class='ocrx_word' id='word_1_114' title='bbox 217 1120 304 1161; x_wconf 91' lang='lat' dir='ltr'>quod</span> <span class='ocrx_word' id='word_1_115' title='bbox 317 1132 333 1150; x_wconf 90' lang='lat' dir='ltr'>e</span> <span class='ocrx_word' id='word_1_116' title='bbox 346 1122 490 1151; x_wconf 84' lang='lat' dir='ltr'>Varrone</span> <span class='ocrx_word' id='word_1_117' title='bbox 502 1121 631 1151; x_wconf 85' lang='lat' dir='ltr'>affertur</span> 
     </span>
     <span class='ocr_line' id='line_1_21' title="bbox 61 1166 630 1209; baseline 0.002 -12"><span class='ocrx_word' id='word_1_118' title='bbox 61 1167 95 1197; x_wconf 87' lang='lat' dir='ltr'>in</span> <span class='ocrx_word' id='word_1_119' title='bbox 107 1166 219 1197; x_wconf 80' lang='lat' dir='ltr'>iisdem</span> <span class='ocrx_word' id='word_1_120' title='bbox 233 1176 242 1198; x_wconf 71' lang='grc' dir='ltr'>ι</span> <span class='ocrx_word' id='word_1_121' title='bbox 258 1166 347 1197; x_wconf 80' lang='lat' dir='ltr'>Tibia</span> <span class='ocrx_word' id='word_1_122' title='bbox 358 1166 502 1209; x_wconf 72' lang='lat' dir='ltr'>Phrygia</span> <span class='ocrx_word' id='word_1_123' title='bbox 514 1167 630 1198; x_wconf 74' lang='lat' dir='ltr'>dextra</span> 
     </span>
     <span class='ocr_line' id='line_1_22' title="bbox 62 1212 630 1255; baseline 0.002 -13"><span class='ocrx_word' id='word_1_124' title='bbox 62 1224 156 1243; x_wconf 86' lang='lat' dir='ltr'>unum</span> <span class='ocrx_word' id='word_1_125' title='bbox 174 1212 330 1255; x_wconf 66' lang='lat' dir='ltr'>feramen</span> <span class='ocrx_word' id='word_1_126' title='bbox 353 1213 448 1250; x_wconf 61' lang='lat' dir='ltr'>habet</span> <span class='ocrx_word' id='word_1_127' title='bbox 457 1226 471 1250; x_wconf 90' lang='lat'><em>;</em></span> <span class='ocrx_word' id='word_1_128' title='bbox 500 1214 630 1244; x_wconf 55' lang='lat' dir='ltr'>sinissra</span> 
     </span>
     <span class='ocr_line' id='line_1_23' title="bbox 61 1259 631 1299; baseline 0.002 -11"><span class='ocrx_word' id='word_1_129' title='bbox 61 1259 143 1295; x_wconf 84' lang='lat' dir='ltr'>duo‚·</span> <span class='ocrx_word' id='word_1_130' title='bbox 165 1270 296 1299; x_wconf 82' lang='lat' dir='ltr'>quorum</span> <span class='ocrx_word' id='word_1_131' title='bbox 318 1270 412 1289; x_wconf 82' lang='lat' dir='ltr'>unum</span> <span class='ocrx_word' id='word_1_132' title='bbox 437 1268 564 1290; x_wconf 76' lang='lat' dir='ltr'>acutum</span> <span class='ocrx_word' id='word_1_133' title='bbox 582 1271 631 1290; x_wconf 86' lang='lat' dir='ltr'>so-</span> 
     </span>
     <span class='ocr_line' id='line_1_24' title="bbox 63 1301 632 1346; baseline 0.004 -12"><span class='ocrx_word' id='word_1_134' title='bbox 63 1316 139 1335; x_wconf 82' lang='lat' dir='ltr'>num</span> <span class='ocrx_word' id='word_1_135' title='bbox 152 1304 260 1342; x_wconf 78' lang='lat' dir='ltr'>habet,</span> <span class='ocrx_word' id='word_1_136' title='bbox 277 1306 412 1335; x_wconf 78' lang='lat' dir='ltr'>alterum</span> <span class='ocrx_word' id='word_1_137' title='bbox 425 1316 565 1346; x_wconf 78' lang='lat' dir='ltr'>gravem.</span> <span class='ocrx_word' id='word_1_138' title='bbox 581 1301 632 1336; x_wconf 82' lang='lat' dir='ltr'>F&#39;it</span> 
     </span>
     <span class='ocr_line' id='line_1_25' title="bbox 62 1351 633 1391; baseline 0 -11"><span class='ocrx_word' id='word_1_139' title='bbox 62 1352 146 1380; x_wconf 90' lang='lat' dir='ltr'>enim</span> <span class='ocrx_word' id='word_1_140' title='bbox 169 1351 352 1391; x_wconf 86' lang='lat' dir='ltr'>probabile,</span> <span class='ocrx_word' id='word_1_141' title='bbox 379 1352 633 1391; x_wconf 85' lang='lat' dir='ltr'>antiquissimum</span> 
     </span>
     <span class='ocr_line' id='line_1_26' title="bbox 61 1396 631 1438; baseline 0 -12"><span class='ocrx_word' id='word_1_142' title='bbox 61 1396 211 1426; x_wconf 72' lang='lat' dir='ltr'>tibiarum</span> <span class='ocrx_word' id='word_1_143' title='bbox 224 1408 322 1438; x_wconf 86' lang='lat' dir='ltr'>genus</span> <span class='ocrx_word' id='word_1_144' title='bbox 335 1397 430 1426; x_wconf 87' lang='lat' dir='ltr'>fuisse</span> <span class='ocrx_word' id='word_1_145' title='bbox 445 1397 631 1437; x_wconf 75' lang='lat' dir='ltr'>Phrygium,</span> 
     </span>
     <span class='ocr_line' id='line_1_27' title="bbox 62 1442 633 1483; baseline -0.002 -11"><span class='ocrx_word' id='word_1_146' title='bbox 62 1442 209 1483; x_wconf 83' lang='lat' dir='ltr'>idemque</span> <span class='ocrx_word' id='word_1_147' title='bbox 232 1443 519 1483; x_wconf 79' lang='lat' dir='ltr'>simplicissimum3</span> <span class='ocrx_word' id='word_1_148' title='bbox 545 1442 633 1472; x_wconf 86' lang='lat' dir='ltr'>fuere</span> 
     </span>
     <span class='ocr_line' id='line_1_28' title="bbox 62 1487 633 1529; baseline -0.004 -11"><span class='ocrx_word' id='word_1_149' title='bbox 62 1490 168 1529; x_wconf 80' lang='lat' dir='ltr'>itaque</span> <span class='ocrx_word' id='word_1_150' title='bbox 190 1499 292 1529; x_wconf 91' lang='lat' dir='ltr'>pauca</span> <span class='ocrx_word' id='word_1_151' title='bbox 316 1490 351 1518; x_wconf 87' lang='lat' dir='ltr'>in</span> <span class='ocrx_word' id='word_1_152' title='bbox 367 1499 402 1518; x_wconf 88' lang='lat' dir='ltr'>ea</span> <span class='ocrx_word' id='word_1_153' title='bbox 423 1488 576 1517; x_wconf 82' lang='lat' dir='ltr'>foramina</span> <span class='ocrx_word' id='word_1_154' title='bbox 594 1487 633 1517; x_wconf 82' lang='lat' dir='ltr'>ad</span> 
     </span>
     <span class='ocr_line' id='line_1_29' title="bbox 62 1534 633 1573; baseline -0.004 -9"><span class='ocrx_word' id='word_1_155' title='bbox 62 1545 157 1565; x_wconf 88' lang='lat' dir='ltr'>sonos</span> <span class='ocrx_word' id='word_1_156' title='bbox 170 1534 354 1572; x_wconf 85' lang='lat' dir='ltr'>variandos,</span> <span class='ocrx_word' id='word_1_157' title='bbox 369 1541 405 1564; x_wconf 89' lang='lat' dir='ltr'>ut</span> <span class='ocrx_word' id='word_1_158' title='bbox 418 1534 633 1573; x_wconf 78' lang='lat' dir='ltr'>antiquissima</span> 
     </span>
     <span class='ocr_line' id='line_1_30' title="bbox 63 1579 632 1621; baseline -0.004 -11"><span class='ocrx_word' id='word_1_159' title='bbox 63 1580 180 1612; x_wconf 81' lang='lat' dir='ltr'>cithara</span> <span class='ocrx_word' id='word_1_160' title='bbox 196 1588 333 1621; x_wconf 85' lang='lat' dir='ltr'>quatuor</span> <span class='ocrx_word' id='word_1_161' title='bbox 350 1579 487 1611; x_wconf 86' lang='lat' dir='ltr'>chordis.</span> <span class='ocrx_word' id='word_1_162' title='bbox 507 1580 632 1610; x_wconf 81' lang='lat' dir='ltr'>Conve-</span> 
     </span>
     <span class='ocr_line' id='line_1_31' title="bbox 63 1625 633 1657; baseline -0.002 -1"><span class='ocrx_word' id='word_1_163' title='bbox 63 1628 111 1656; x_wconf 88' lang='lat' dir='ltr'>nit</span> <span class='ocrx_word' id='word_1_164' title='bbox 129 1628 337 1656; x_wconf 85' lang='lat' dir='ltr'>Horatianum</span> <span class='ocrx_word' id='word_1_165' title='bbox 351 1628 422 1657; x_wconf 85' lang='lat' dir='ltr'>Art.</span> <span class='ocrx_word' id='word_1_166' title='bbox 439 1636 504 1656; x_wconf 82' lang='lat'>202</span> <span class='ocrx_word' id='word_1_167' title='bbox 522 1635 530 1657; x_wconf 89' lang='lat'>:</span> <span class='ocrx_word' id='word_1_168' title='bbox 547 1640 563 1652; x_wconf 59' lang='grc' dir='ltr'>«ε</span> <span class='ocrx_word' id='word_1_169' title='bbox 582 1625 633 1656; x_wconf 83' lang='grc' dir='ltr'>Τι’-</span> 
     </span>
     <span class='ocr_line' id='line_1_32' title="bbox 63 1671 635 1708; baseline 0 -7"><span class='ocrx_word' id='word_1_170' title='bbox 63 1671 115 1701; x_wconf 83' lang='lat' dir='ltr'>bia</span> <span class='ocrx_word' id='word_1_171' title='bbox 130 1682 193 1701; x_wconf 83' lang='lat' dir='ltr'>non</span> <span class='ocrx_word' id='word_1_172' title='bbox 203 1695 212 1708; x_wconf 93' lang='lat'>,</span> <span class='ocrx_word' id='word_1_173' title='bbox 230 1680 264 1702; x_wconf 80' lang='lat' dir='ltr'>uc</span> <span class='ocrx_word' id='word_1_174' title='bbox 277 1683 362 1702; x_wconf 84' lang='lat' dir='ltr'>nunc</span> <span class='ocrx_word' id='word_1_175' title='bbox 375 1671 534 1702; x_wconf 81' lang='lat' dir='ltr'>orichalco</span> <span class='ocrx_word' id='word_1_176' title='bbox 546 1671 635 1702; x_wconf 74' lang='lat' dir='ltr'>&#39;vinc-</span> 
     </span>
     <span class='ocr_line' id='line_1_33' title="bbox 65 1717 634 1758; baseline 0.002 -11"><span class='ocrx_word' id='word_1_177' title='bbox 65 1725 100 1747; x_wconf 80' lang='lat' dir='ltr'>ta</span> <span class='ocrx_word' id='word_1_178' title='bbox 123 1718 269 1758; x_wconf 82' lang='lat' dir='ltr'>tubaeque</span> <span class='ocrx_word' id='word_1_179' title='bbox 282 1718 414 1748; x_wconf 83' lang='lat' dir='ltr'>AEmula</span> <span class='ocrx_word' id='word_1_180' title='bbox 423 1740 433 1754; x_wconf 94' lang='lat'>‚</span> <span class='ocrx_word' id='word_1_181' title='bbox 458 1717 517 1747; x_wconf 88' lang='lat' dir='ltr'>sed</span> <span class='ocrx_word' id='word_1_182' title='bbox 529 1719 634 1748; x_wconf 86' lang='lat' dir='ltr'>tenuis</span> 
     </span>
     <span class='ocr_line' id='line_1_34' title="bbox 64 1764 634 1805; baseline 0.002 -12"><span class='ocrx_word' id='word_1_183' title='bbox 64 1764 261 1805; x_wconf 84' lang='lat' dir='ltr'>simplexque</span> <span class='ocrx_word' id='word_1_184' title='bbox 291 1764 445 1793; x_wconf 77' lang='lat' dir='ltr'>foramine</span> <span class='ocrx_word' id='word_1_185' title='bbox 477 1773 589 1803; x_wconf 88' lang='lat' dir='ltr'>pauco.</span> <span class='ocrx_word' id='word_1_186' title='bbox 618 1778 634 1789; x_wconf 72' lang='grc' dir='ltr'><strong>υ</strong></span> 
     </span>
     <span class='ocr_line' id='line_1_35' title="bbox 65 1808 636 1851; baseline -0.005 -10"><span class='ocrx_word' id='word_1_187' title='bbox 65 1811 182 1841; x_wconf 84' lang='lat' dir='ltr'>Contra</span> <span class='ocrx_word' id='word_1_188' title='bbox 193 1810 276 1840; x_wconf 77' lang='lat' dir='ltr'>cibioe</span> <span class='ocrx_word' id='word_1_189' title='bbox 286 1809 456 1851; x_wconf 75' lang='lat' dir='ltr'>multiforae</span> <span class='ocrx_word' id='word_1_190' title='bbox 464 1815 538 1838; x_wconf 83' lang='lat' dir='ltr'>sunt</span> <span class='ocrx_word' id='word_1_191' title='bbox 551 1808 636 1849; x_wconf 86' lang='lat' dir='ltr'>apud</span> 
     </span>
     <span class='ocr_line' id='line_1_36' title="bbox 66 1856 634 1896; baseline -0.005 -10"><span class='ocrx_word' id='word_1_192' title='bbox 66 1856 217 1887; x_wconf 77' lang='lat' dir='ltr'>Ovidium</span> <span class='ocrx_word' id='word_1_193' title='bbox 239 1863 270 1887; x_wconf 90' lang='lat' dir='ltr'>et</span> <span class='ocrx_word' id='word_1_194' title='bbox 295 1859 443 1888; x_wconf 87' lang='lat' dir='ltr'>Senecam</span> <span class='ocrx_word' id='word_1_195' title='bbox 464 1856 634 1896; x_wconf 80' lang='lat' dir='ltr'>tragicum3</span> 
     </span>
     <span class='ocr_line' id='line_1_37' title="bbox 66 1902 634 1943; baseline -0.004 -11"><span class='ocrx_word' id='word_1_196' title='bbox 66 1909 102 1932; x_wconf 90' lang='lat' dir='ltr'>ut</span> <span class='ocrx_word' id='word_1_197' title='bbox 119 1904 191 1933; x_wconf 79' lang='lat' dir='ltr'>satis</span> <span class='ocrx_word' id='word_1_198' title='bbox 206 1910 327 1943; x_wconf 81' lang='lat' dir='ltr'>pateat,</span> <span class='ocrx_word' id='word_1_199' title='bbox 352 1902 505 1932; x_wconf 83' lang='lat' dir='ltr'>foramina</span> <span class='ocrx_word' id='word_1_200' title='bbox 518 1912 583 1931; x_wconf 85' lang='lat' dir='ltr'>esse</span> <span class='ocrx_word' id='word_1_201' title='bbox 600 1902 634 1930; x_wconf 90' lang='lat' dir='ltr'>in</span> 
     </span>
     <span class='ocr_line' id='line_1_38' title="bbox 64 1947 635 1990; baseline -0.004 -12"><span class='ocrx_word' id='word_1_202' title='bbox 64 1948 161 1979; x_wconf 80' lang='lat' dir='ltr'>latere</span> <span class='ocrx_word' id='word_1_203' title='bbox 187 1950 273 1980; x_wconf 81' lang='lat' dir='ltr'>tibiae</span> <span class='ocrx_word' id='word_1_204' title='bbox 296 1947 482 1990; x_wconf 60' lang='lat' dir='ltr'>quaerenda,</span> <span class='ocrx_word' id='word_1_205' title='bbox 510 1958 577 1977; x_wconf 91' lang='lat' dir='ltr'>nou</span> <span class='ocrx_word' id='word_1_206' title='bbox 600 1948 635 1976; x_wconf 89' lang='lat' dir='ltr'>in</span> 
     </span>
     <span class='ocr_line' id='line_1_39' title="bbox 67 1995 637 2036; baseline -0.002 -12"><span class='ocrx_word' id='word_1_207' title='bbox 67 2005 122 2025; x_wconf 90' lang='lat' dir='ltr'>ora</span> <span class='ocrx_word' id='word_1_208' title='bbox 140 1995 226 2026; x_wconf 81' lang='lat' dir='ltr'>tibiae</span> <span class='ocrx_word' id='word_1_209' title='bbox 245 2003 276 2026; x_wconf 87' lang='lat' dir='ltr'>et</span> <span class='ocrx_word' id='word_1_210' title='bbox 296 1998 359 2026; x_wconf 89' lang='lat' dir='ltr'>ima</span> <span class='ocrx_word' id='word_1_211' title='bbox 377 2001 475 2036; x_wconf 79' lang='lat' dir='ltr'>parte.</span> <span class='ocrx_word' id='word_1_212' title='bbox 504 1996 542 2024; x_wconf 91' lang='lat' dir='ltr'>In</span> <span class='ocrx_word' id='word_1_213' title='bbox 559 1995 637 2024; x_wconf 83' lang='lat' dir='ltr'>Din-</span> 
     </span>
     <span class='ocr_line' id='line_1_40' title="bbox 67 2036 638 2084; baseline -0.005 -12"><span class='ocrx_word' id='word_1_214' title='bbox 67 2040 183 2082; x_wconf 67' lang='lat' dir='ltr'>dymo,</span> <span class='ocrx_word' id='word_1_215' title='bbox 206 2042 352 2084; x_wconf 72' lang='lat' dir='ltr'>Phrygiae</span> <span class='ocrx_word' id='word_1_216' title='bbox 369 2048 495 2077; x_wconf 84' lang='lat' dir='ltr'>monte,</span> <span class='ocrx_word' id='word_1_217' title='bbox 518 2036 559 2070; x_wconf 79' lang='grc' dir='ltr'>τὰ</span> <span class='ocrx_word' id='word_1_218' title='bbox 573 2037 638 2070; x_wconf 78' lang='grc' dir='ltr'>Δίν-</span> 
     </span>
     <span class='ocr_line' id='line_1_41' title="bbox 69 2082 635 2130; baseline 0 -14"><span class='ocrx_word' id='word_1_219' title='bbox 69 2082 154 2130; x_wconf 78' lang='grc' dir='ltr'>δυμα,</span> <span class='ocrx_word' id='word_1_220' title='bbox 173 2087 226 2130; x_wconf 73' lang='grc' dir='ltr'>ὅρη</span> <span class='ocrx_word' id='word_1_221' title='bbox 238 2111 247 2126; x_wconf 89' lang='grc'><em>,</em></span> <span class='ocrx_word' id='word_1_222' title='bbox 268 2089 307 2118; x_wconf 88' lang='lat' dir='ltr'>cf.</span> <span class='ocrx_word' id='word_1_223' title='bbox 323 2088 380 2118; x_wconf 87' lang='lat' dir='ltr'>inf.</span> <span class='ocrx_word' id='word_1_224' title='bbox 397 2090 428 2118; x_wconf 87' lang='lat' dir='ltr'>X</span> <span class='ocrx_word' id='word_1_225' title='bbox 440 2110 448 2124; x_wconf 90' lang='lat'>‚</span> <span class='ocrx_word' id='word_1_226' title='bbox 466 2088 548 2123; x_wconf 78' lang='lat'>2523</span> <span class='ocrx_word' id='word_1_227' title='bbox 564 2097 635 2126; x_wconf 88' lang='lat' dir='ltr'>sup.</span> 
     </span>
     <span class='ocr_line' id='line_1_42' title="bbox 68 2133 634 2175; baseline 0 -13"><span class='ocrx_word' id='word_1_228' title='bbox 68 2135 131 2169; x_wconf 73' lang='lat' dir='ltr'>Vl,</span> <span class='ocrx_word' id='word_1_229' title='bbox 159 2135 223 2172; x_wconf 83' lang='lat'>785</span> <span class='ocrx_word' id='word_1_230' title='bbox 245 2145 303 2175; x_wconf 88' lang='lat' dir='ltr'>sq.,</span> <span class='ocrx_word' id='word_1_231' title='bbox 323 2141 354 2164; x_wconf 87' lang='lat' dir='ltr'>et</span> <span class='ocrx_word' id='word_1_232' title='bbox 371 2133 433 2163; x_wconf 87' lang='lat' dir='ltr'>hoe</span> <span class='ocrx_word' id='word_1_233' title='bbox 448 2133 504 2164; x_wconf 88' lang='lat' dir='ltr'>lib.</span> <span class='ocrx_word' id='word_1_234' title='bbox 528 2144 558 2162; x_wconf 87' lang='lat' dir='ltr'>V.</span> <span class='ocrx_word' id='word_1_235' title='bbox 581 2133 634 2162; x_wconf 89' lang='lat'>82.</span> 
     </span>
    </p>

    <p class='ocr_par' dir='ltr' id='par_1_6' title="bbox 115 2178 638 2220">
     <span class='ocr_line' id='line_1_43' title="bbox 115 2178 638 2220; baseline -0.002 -11"><span class='ocrx_word' id='word_1_236' title='bbox 115 2180 192 2211; x_wconf 84' lang='lat'>621.</span> <span class='ocrx_word' id='word_1_237' title='bbox 231 2180 405 2211; x_wconf 79' lang='lat' dir='ltr'>Canentem</span> <span class='ocrx_word' id='word_1_238' title='bbox 417 2203 427 2217; x_wconf 95' lang='lat'><em>‚</em></span> <span class='ocrx_word' id='word_1_239' title='bbox 454 2178 638 2220; x_wconf 84' lang='lat' dir='ltr'>simpliciter</span> 
     </span>
    </p>
   </div>
   <div class='ocr_carea' id='block_1_6' title="bbox 682 842 1260 2222">
    <p class='ocr_par' dir='ltr' id='par_1_7' title="bbox 682 842 1260 2222">
     <span class='ocr_line' id='line_1_44' title="bbox 683 842 1253 884; baseline -0.004 -10"><span class='ocrx_word' id='word_1_240' title='bbox 683 844 841 874; x_wconf 85' lang='lat' dir='ltr'>dicentem</span> <span class='ocrx_word' id='word_1_241' title='bbox 853 867 861 881; x_wconf 87' lang='lat'>,</span> <span class='ocrx_word' id='word_1_242' title='bbox 876 849 913 873; x_wconf 87' lang='lat' dir='ltr'>ut</span> <span class='ocrx_word' id='word_1_243' title='bbox 927 844 992 884; x_wconf 84' lang='lat' dir='ltr'>ipsa</span> <span class='ocrx_word' id='word_1_244' title='bbox 1010 853 1059 872; x_wconf 92' lang='lat' dir='ltr'>res</span> <span class='ocrx_word' id='word_1_245' title='bbox 1075 842 1178 873; x_wconf 87' lang='lat' dir='ltr'>docet.</span> <span class='ocrx_word' id='word_1_246' title='bbox 1195 843 1253 873; x_wconf 89' lang='lat' dir='ltr'>Di-</span> 
     </span>
     <span class='ocr_line' id='line_1_45' title="bbox 684 889 1252 929; baseline 0 -9"><span class='ocrx_word' id='word_1_247' title='bbox 684 901 738 926; x_wconf 83' lang='lat' dir='ltr'>ra,</span> <span class='ocrx_word' id='word_1_248' title='bbox 755 889 927 926; x_wconf 85' lang='lat' dir='ltr'>horrenda,</span> <span class='ocrx_word' id='word_1_249' title='bbox 946 900 1016 929; x_wconf 91' lang='lat' dir='ltr'>pro,</span> <span class='ocrx_word' id='word_1_250' title='bbox 1032 890 1252 929; x_wconf 82' lang='lat' dir='ltr'>ignominiosa.</span> 
     </span>
     <span class='ocr_line' id='line_1_46' title="bbox 682 934 1253 976; baseline 0 -11"><span class='ocrx_word' id='word_1_251' title='bbox 682 937 796 966; x_wconf 83' lang='lat'><strong>-622</strong></span> <span class='ocrx_word' id='word_1_252' title='bbox 811 947 879 976; x_wconf 90' lang='lat' dir='ltr'>sqq.</span> <span class='ocrx_word' id='word_1_253' title='bbox 893 934 1101 966; x_wconf 85' lang='lat' dir='ltr'>Memorabile</span> <span class='ocrx_word' id='word_1_254' title='bbox 1115 942 1179 965; x_wconf 81' lang='lat' dir='ltr'>erat</span> <span class='ocrx_word' id='word_1_255' title='bbox 1191 935 1253 965; x_wconf 90' lang='lat' dir='ltr'>hoc</span> 
     </span>
     <span class='ocr_line' id='line_1_47' title="bbox 684 982 1254 1022; baseline -0.004 -10"><span class='ocrx_word' id='word_1_256' title='bbox 684 983 783 1012; x_wconf 85' lang='lat' dir='ltr'>telum</span> <span class='ocrx_word' id='word_1_257' title='bbox 801 1004 810 1019; x_wconf 96' lang='lat'>‚</span> <span class='ocrx_word' id='word_1_258' title='bbox 851 983 970 1022; x_wconf 87' lang='lat' dir='ltr'>quippe</span> <span class='ocrx_word' id='word_1_259' title='bbox 997 982 1136 1022; x_wconf 84' lang='lat' dir='ltr'>pn&#39;mum</span> <span class='ocrx_word' id='word_1_260' title='bbox 1167 982 1254 1022; x_wconf 86' lang='lat' dir='ltr'>quod</span> 
     </span>
     <span class='ocr_line' id='line_1_48' title="bbox 683 1027 1254 1069; baseline -0.005 -10"><span class='ocrx_word' id='word_1_261' title='bbox 683 1029 838 1059; x_wconf 82' lang='lat' dir='ltr'>Ascanius</span> <span class='ocrx_word' id='word_1_262' title='bbox 861 1029 895 1057; x_wconf 88' lang='lat' dir='ltr'>in</span> <span class='ocrx_word' id='word_1_263' title='bbox 919 1038 1025 1069; x_wconf 86' lang='lat' dir='ltr'>pugna</span> <span class='ocrx_word' id='word_1_264' title='bbox 1050 1027 1168 1065; x_wconf 89' lang='lat' dir='ltr'>emisit,</span> <span class='ocrx_word' id='word_1_265' title='bbox 1189 1028 1254 1067; x_wconf 89' lang='lat' dir='ltr'>pri-</span> 
     </span>
     <span class='ocr_line' id='line_1_49' title="bbox 684 1073 1254 1104; baseline -0.004 0"><span class='ocrx_word' id='word_1_266' title='bbox 684 1085 772 1104; x_wconf 93' lang='lat' dir='ltr'>mum</span> <span class='ocrx_word' id='word_1_267' title='bbox 785 1074 914 1104; x_wconf 85' lang='lat' dir='ltr'>virtutis</span> <span class='ocrx_word' id='word_1_268' title='bbox 931 1073 1158 1104; x_wconf 79' lang='lat' dir='ltr'>documentum</span> <span class='ocrx_word' id='word_1_269' title='bbox 1174 1083 1182 1103; x_wconf 88' lang='lat'>:</span> <span class='ocrx_word' id='word_1_270' title='bbox 1196 1074 1254 1103; x_wconf 82' lang='lat' dir='ltr'>ita-</span> 
     </span>
     <span class='ocr_line' id='line_1_50' title="bbox 684 1120 1256 1162; baseline -0.002 -11"><span class='ocrx_word' id='word_1_271' title='bbox 684 1132 746 1162; x_wconf 86' lang='lat' dir='ltr'>que</span> <span class='ocrx_word' id='word_1_272' title='bbox 769 1131 881 1151; x_wconf 85' lang='lat' dir='ltr'>ornare</span> <span class='ocrx_word' id='word_1_273' title='bbox 911 1127 1005 1161; x_wconf 80' lang='lat' dir='ltr'>poeta</span> <span class='ocrx_word' id='word_1_274' title='bbox 1027 1120 1142 1160; x_wconf 87' lang='lat' dir='ltr'>potuit.</span> <span class='ocrx_word' id='word_1_275' title='bbox 1168 1120 1256 1150; x_wconf 90' lang='lat' dir='ltr'>Fecit</span> 
     </span>
     <span class='ocr_line' id='line_1_51' title="bbox 682 1165 1254 1206; baseline -0.002 -9"><span class='ocrx_word' id='word_1_276' title='bbox 682 1175 789 1198; x_wconf 75' lang='lat' dir='ltr'>tamen</span> <span class='ocrx_word' id='word_1_277' title='bbox 804 1168 936 1197; x_wconf 86' lang='lat' dir='ltr'>Homeri</span> <span class='ocrx_word' id='word_1_278' title='bbox 951 1165 1096 1206; x_wconf 85' lang='lat' dir='ltr'>exemplo</span> <span class='ocrx_word' id='word_1_279' title='bbox 1111 1187 1119 1203; x_wconf 93' lang='lat'>‚</span> <span class='ocrx_word' id='word_1_280' title='bbox 1132 1166 1187 1206; x_wconf 89' lang='lat' dir='ltr'>qui</span> <span class='ocrx_word' id='word_1_281' title='bbox 1209 1167 1254 1196; x_wconf 87' lang='lat' dir='ltr'>sic</span> 
     </span>
     <span class='ocr_line' id='line_1_52' title="bbox 682 1210 1255 1245; baseline -0.007 -1"><span class='ocrx_word' id='word_1_282' title='bbox 682 1213 818 1245; x_wconf 83' lang='lat' dir='ltr'>Pandari</span> <span class='ocrx_word' id='word_1_283' title='bbox 828 1214 863 1242; x_wconf 92' lang='lat' dir='ltr'>in</span> <span class='ocrx_word' id='word_1_284' title='bbox 875 1212 1057 1242; x_wconf 89' lang='lat' dir='ltr'>Menelaum</span> <span class='ocrx_word' id='word_1_285' title='bbox 1069 1210 1255 1241; x_wconf 85' lang='lat' dir='ltr'>mittendam</span> 
     </span>
     <span class='ocr_line' id='line_1_53' title="bbox 684 1253 1254 1300; baseline -0.005 -11"><span class='ocrx_word' id='word_1_286' title='bbox 684 1261 826 1300; x_wconf 83' lang='lat' dir='ltr'>sagittam</span> <span class='ocrx_word' id='word_1_287' title='bbox 840 1265 973 1288; x_wconf 85' lang='lat' dir='ltr'>exornat</span> <span class='ocrx_word' id='word_1_288' title='bbox 985 1257 1075 1288; x_wconf 89' lang='lat' dir='ltr'>Iliad.</span> <span class='ocrx_word' id='word_1_289' title='bbox 1090 1253 1125 1294; x_wconf 73' lang='grc' dir='ltr'>ὃ,</span> <span class='ocrx_word' id='word_1_290' title='bbox 1144 1268 1156 1286; x_wconf 84' lang='lat'>1</span> <span class='ocrx_word' id='word_1_291' title='bbox 1168 1257 1254 1287; x_wconf 85' lang='lat'>16-</span> 
     </span>
     <span class='ocr_line' id='line_1_54' title="bbox 690 1303 1254 1344; baseline -0.004 -9"><span class='ocrx_word' id='word_1_292' title='bbox 690 1315 752 1335; x_wconf 85' lang='lat'>122</span> <span class='ocrx_word' id='word_1_293' title='bbox 765 1327 774 1343; x_wconf 93' lang='lat'><strong>‚</strong></span> <span class='ocrx_word' id='word_1_294' title='bbox 794 1305 887 1334; x_wconf 88' lang='lat' dir='ltr'>etiam</span> <span class='ocrx_word' id='word_1_295' title='bbox 902 1313 1012 1344; x_wconf 89' lang='lat' dir='ltr'>preces</span> <span class='ocrx_word' id='word_1_296' title='bbox 1038 1313 1050 1332; x_wconf 91' lang='lat'>1</span> <span class='ocrx_word' id='word_1_297' title='bbox 1061 1313 1112 1342; x_wconf 85' lang='lat'>19.</span> <span class='ocrx_word' id='word_1_298' title='bbox 1131 1303 1171 1332; x_wconf 85' lang='lat' dir='ltr'>cf.</span> <span class='ocrx_word' id='word_1_299' title='bbox 1195 1303 1254 1333; x_wconf 79' lang='lat' dir='ltr'>inf.</span> 
     </span>
     <span class='ocr_line' id='line_1_55' title="bbox 685 1348 1254 1390; baseline -0.004 -10"><span class='ocrx_word' id='word_1_300' title='bbox 685 1353 750 1388; x_wconf 86' lang='lat' dir='ltr'>XI,</span> <span class='ocrx_word' id='word_1_301' title='bbox 762 1351 824 1388; x_wconf 86' lang='lat'>857</span> <span class='ocrx_word' id='word_1_302' title='bbox 839 1360 919 1390; x_wconf 87' lang='lat' dir='ltr'>sqq.;</span> <span class='ocrx_word' id='word_1_303' title='bbox 929 1348 1082 1389; x_wconf 84' lang='lat' dir='ltr'>Apollon.</span> <span class='ocrx_word' id='word_1_304' title='bbox 1098 1349 1144 1377; x_wconf 88' lang='lat'>111</span> <span class='ocrx_word' id='word_1_305' title='bbox 1155 1370 1163 1385; x_wconf 88' lang='lat'>‚</span> <span class='ocrx_word' id='word_1_306' title='bbox 1176 1349 1254 1386; x_wconf 86' lang='lat'>275,</span> 
     </span>
     <span class='ocr_line' id='line_1_56' title="bbox 688 1393 1256 1436; baseline -0.005 -10"><span class='ocrx_word' id='word_1_307' title='bbox 688 1397 752 1426; x_wconf 85' lang='lat'>283</span> <span class='ocrx_word' id='word_1_308' title='bbox 769 1407 815 1436; x_wconf 88' lang='lat' dir='ltr'>sq.</span> <span class='ocrx_word' id='word_1_309' title='bbox 834 1395 872 1424; x_wconf 91' lang='lat' dir='ltr'>de</span> <span class='ocrx_word' id='word_1_310' title='bbox 887 1396 1017 1425; x_wconf 75' lang='lat' dir='ltr'>Amore.</span> <span class='ocrx_word' id='word_1_311' title='bbox 1037 1395 1086 1423; x_wconf 86' lang='lat' dir='ltr'>Ex</span> <span class='ocrx_word' id='word_1_312' title='bbox 1099 1393 1159 1422; x_wconf 91' lang='lat' dir='ltr'>hoc</span> <span class='ocrx_word' id='word_1_313' title='bbox 1174 1393 1256 1424; x_wconf 85' lang='lat' dir='ltr'>illud</span> 
     </span>
     <span class='ocr_line' id='line_1_57' title="bbox 685 1437 1256 1479; baseline -0.004 -8"><span class='ocrx_word' id='word_1_314' title='bbox 685 1442 781 1471; x_wconf 84' lang='lat' dir='ltr'>habet</span> <span class='ocrx_word' id='word_1_315' title='bbox 804 1451 813 1471; x_wconf 89' lang='lat'>:</span> <span class='ocrx_word' id='word_1_316' title='bbox 836 1439 1021 1479; x_wconf 77' lang='lat' dir='ltr'>diversaque</span> <span class='ocrx_word' id='word_1_317' title='bbox 1043 1437 1173 1468; x_wconf 76' lang='lat' dir='ltr'>brachia</span> <span class='ocrx_word' id='word_1_318' title='bbox 1198 1440 1256 1469; x_wconf 83' lang='lat' dir='ltr'>du-</span> 
     </span>
     <span class='ocr_line' id='line_1_58' title="bbox 687 1484 1256 1527; baseline -0.004 -11"><span class='ocrx_word' id='word_1_319' title='bbox 687 1497 778 1522; x_wconf 83' lang='lat' dir='ltr'>cens,</span> <span class='ocrx_word' id='word_1_320' title='bbox 805 1487 839 1516; x_wconf 88' lang='lat' dir='ltr'>in</span> <span class='ocrx_word' id='word_1_321' title='bbox 858 1485 1011 1515; x_wconf 86' lang='lat' dir='ltr'>diversam</span> <span class='ocrx_word' id='word_1_322' title='bbox 1037 1491 1174 1525; x_wconf 84' lang='lat' dir='ltr'>partem,</span> <span class='ocrx_word' id='word_1_323' title='bbox 1194 1484 1256 1527; x_wconf 79' lang='grc' dir='ltr'>ἀμ-</span> 
     </span>
     <span class='ocr_line' id='line_1_59' title="bbox 688 1528 1254 1575; baseline -0.002 -12"><span class='ocrx_word' id='word_1_324' title='bbox 688 1531 830 1575; x_wconf 65' lang='grc' dir='ltr'>φοτέρῃσι</span> <span class='ocrx_word' id='word_1_325' title='bbox 844 1528 1046 1574; x_wconf 71' lang='grc' dir='ltr'>διασχόμενος</span> <span class='ocrx_word' id='word_1_326' title='bbox 1055 1529 1254 1573; x_wconf 58' lang='grc' dir='ltr'>παλάμῃσιη</span> 
     </span>
     <span class='ocr_line' id='line_1_60' title="bbox 686 1576 1257 1609; baseline -0.002 0"><span class='ocrx_word' id='word_1_327' title='bbox 686 1579 767 1609; x_wconf 82' lang='lat' dir='ltr'>forte</span> <span class='ocrx_word' id='word_1_328' title='bbox 794 1585 826 1608; x_wconf 91' lang='lat' dir='ltr'>et</span> <span class='ocrx_word' id='word_1_329' title='bbox 849 1589 943 1607; x_wconf 80' lang='lat' dir='ltr'>nervo</span> <span class='ocrx_word' id='word_1_330' title='bbox 968 1576 1105 1606; x_wconf 78' lang='lat' dir='ltr'>incendit</span> <span class='ocrx_word' id='word_1_331' title='bbox 1127 1578 1223 1607; x_wconf 84' lang='lat' dir='ltr'>telum</span> <span class='ocrx_word' id='word_1_332' title='bbox 1245 1589 1257 1608; x_wconf 88' lang='lat'><em>:</em></span> 
     </span>
     <span class='ocr_line' id='line_1_61' title="bbox 687 1621 1257 1669; baseline -0.005 -14"><span class='ocrx_word' id='word_1_333' title='bbox 687 1621 841 1669; x_wconf 71' lang='grc' dir='ltr'><strong>γλυφίδας</strong></span> <span class='ocrx_word' id='word_1_334' title='bbox 854 1623 949 1667; x_wconf 69' lang='grc' dir='ltr'>μέσσῃ</span> <span class='ocrx_word' id='word_1_335' title='bbox 966 1621 1139 1654; x_wconf 77' lang='grc' dir='ltr'>ἐνικάτθετο</span> <span class='ocrx_word' id='word_1_336' title='bbox 1150 1625 1239 1666; x_wconf 57' lang='lat' dir='ltr'>stup—J.</span> <span class='ocrx_word' id='word_1_337' title='bbox 1248 1635 1257 1661; x_wconf 89' lang='lat'>;</span> 
     </span>
     <span class='ocr_line' id='line_1_62' title="bbox 687 1665 1258 1712; baseline -0.005 -11"><span class='ocrx_word' id='word_1_338' title='bbox 687 1673 744 1701; x_wconf 83' lang='lat' dir='ltr'>etsi</span> <span class='ocrx_word' id='word_1_339' title='bbox 759 1677 790 1701; x_wconf 90' lang='lat' dir='ltr'>et</span> <span class='ocrx_word' id='word_1_340' title='bbox 808 1673 938 1701; x_wconf 85' lang='lat' dir='ltr'>Homer.</span> <span class='ocrx_word' id='word_1_341' title='bbox 956 1665 1035 1710; x_wconf 76' lang='grc' dir='ltr'>αἶψα</span> <span class='ocrx_word' id='word_1_342' title='bbox 1052 1665 1082 1699; x_wconf 69' lang='grc' dir='ltr'>δ’</span> <span class='ocrx_word' id='word_1_343' title='bbox 1097 1666 1149 1699; x_wconf 83' lang='grc' dir='ltr'>ἐπὶ</span> <span class='ocrx_word' id='word_1_344' title='bbox 1167 1671 1258 1712; x_wconf 62' lang='grc' dir='ltr'>νευρῇ</span> 
     </span>
     <span class='ocr_line' id='line_1_63' title="bbox 688 1713 1259 1759; baseline -0.005 -12"><span class='ocrx_word' id='word_1_345' title='bbox 688 1715 875 1759; x_wconf 68' lang='grc' dir='ltr'>κατεκόσμει</span> <span class='ocrx_word' id='word_1_346' title='bbox 889 1715 998 1758; x_wconf 74' lang='grc' dir='ltr'>πικρὸν</span> <span class='ocrx_word' id='word_1_347' title='bbox 1013 1713 1096 1750; x_wconf 73' lang='grc' dir='ltr'><strong>ὄϊς-όν</strong></span> <span class='ocrx_word' id='word_1_348' title='bbox 1108 1726 1116 1752; x_wconf 85' lang='grc'>;</span> <span class='ocrx_word' id='word_1_349' title='bbox 1137 1722 1168 1744; x_wconf 88' lang='lat' dir='ltr'>et</span> <span class='ocrx_word' id='word_1_350' title='bbox 1181 1726 1259 1745; x_wconf 84' lang='lat' dir='ltr'>mox</span> 
     </span>
     <span class='ocr_line' id='line_1_64' title="bbox 687 1759 1257 1806; baseline -0.007 -13"><span class='ocrx_word' id='word_1_351' title='bbox 687 1762 792 1806; x_wconf 71' lang='grc' dir='ltr'>νευρὴν</span> <span class='ocrx_word' id='word_1_352' title='bbox 814 1761 868 1805; x_wconf 80' lang='grc' dir='ltr'>μὲν</span> <span class='ocrx_word' id='word_1_353' title='bbox 891 1761 980 1804; x_wconf 76' lang='grc' dir='ltr'>μαζῷ</span> <span class='ocrx_word' id='word_1_354' title='bbox 1008 1760 1154 1797; x_wconf 80' lang='grc' dir='ltr'>πέλασεν,</span> <span class='ocrx_word' id='word_1_355' title='bbox 1177 1759 1257 1803; x_wconf 67' lang='grc' dir='ltr'>τόξῳ</span> 
     </span>
     <span class='ocr_line' id='line_1_65' title="bbox 689 1805 1254 1850; baseline -0.005 -12"><span class='ocrx_word' id='word_1_356' title='bbox 689 1806 724 1838; x_wconf 78' lang='grc' dir='ltr'>δὲ</span> <span class='ocrx_word' id='word_1_357' title='bbox 755 1805 889 1850; x_wconf 70' lang='grc' dir='ltr'>σίδηρον.</span> <span class='ocrx_word' id='word_1_358' title='bbox 915 1825 963 1831; x_wconf 87' lang='grc'>--</span> <span class='ocrx_word' id='word_1_359' title='bbox 987 1808 1090 1836; x_wconf 74' lang='lat' dir='ltr'>Nemo</span> <span class='ocrx_word' id='word_1_360' title='bbox 1117 1806 1254 1846; x_wconf 80' lang='lat' dir='ltr'>equino,</span> 
     </span>
     <span class='ocr_line' id='line_1_66' title="bbox 687 1853 1256 1889; baseline -0.004 -5"><span class='ocrx_word' id='word_1_361' title='bbox 687 1861 723 1884; x_wconf 89' lang='lat' dir='ltr'>ut</span> <span class='ocrx_word' id='word_1_362' title='bbox 736 1854 853 1884; x_wconf 87' lang='lat' dir='ltr'>chorda</span> <span class='ocrx_word' id='word_1_363' title='bbox 871 1863 961 1883; x_wconf 84' lang='lat' dir='ltr'>arcus</span> <span class='ocrx_word' id='word_1_364' title='bbox 975 1853 1042 1882; x_wconf 89' lang='lat' dir='ltr'>sive</span> <span class='ocrx_word' id='word_1_365' title='bbox 1058 1863 1099 1882; x_wconf 80' lang='lat' dir='ltr'>ex</span> <span class='ocrx_word' id='word_1_366' title='bbox 1112 1853 1185 1882; x_wconf 83' lang='lat' dir='ltr'>setis</span> <span class='ocrx_word' id='word_1_367' title='bbox 1200 1854 1256 1889; x_wconf 86' lang='lat' dir='ltr'>sit,</span> 
     </span>
     <span class='ocr_line' id='line_1_67' title="bbox 688 1898 1258 1930; baseline -0.004 0"><span class='ocrx_word' id='word_1_368' title='bbox 688 1902 753 1930; x_wconf 74' lang='lat' dir='ltr'>sire</span> <span class='ocrx_word' id='word_1_369' title='bbox 787 1911 828 1930; x_wconf 88' lang='lat' dir='ltr'>ex</span> <span class='ocrx_word' id='word_1_370' title='bbox 866 1898 1050 1929; x_wconf 86' lang='lat' dir='ltr'>tendinibus</span> <span class='ocrx_word' id='word_1_371' title='bbox 1082 1908 1118 1928; x_wconf 84' lang='lat' dir='ltr'>ac</span> <span class='ocrx_word' id='word_1_372' title='bbox 1152 1900 1258 1928; x_wconf 71' lang='lat' dir='ltr'>nervis</span> 
     </span>
     <span class='ocr_line' id='line_1_68' title="bbox 689 1946 1258 1987; baseline -0.007 -10"><span class='ocrx_word' id='word_1_373' title='bbox 689 1948 823 1987; x_wconf 82' lang='lat' dir='ltr'>equinis.</span> <span class='ocrx_word' id='word_1_374' title='bbox 841 1963 887 1968; x_wconf 88' lang='lat'>—-</span> <span class='ocrx_word' id='word_1_375' title='bbox 900 1946 978 1980; x_wconf 80' lang='lat'>624.</span> <span class='ocrx_word' id='word_1_376' title='bbox 999 1947 1108 1975; x_wconf 83' lang='lat' dir='ltr'>Preces</span> <span class='ocrx_word' id='word_1_377' title='bbox 1124 1950 1196 1974; x_wconf 81' lang='lat' dir='ltr'>ante</span> <span class='ocrx_word' id='word_1_378' title='bbox 1210 1954 1258 1973; x_wconf 80' lang='lat' dir='ltr'>sa-</span> 
     </span>
     <span class='ocr_line' id='line_1_69' title="bbox 690 1989 1258 2034; baseline -0.002 -12"><span class='ocrx_word' id='word_1_379' title='bbox 690 1995 799 2034; x_wconf 82' lang='lat' dir='ltr'>gittam</span> <span class='ocrx_word' id='word_1_380' title='bbox 815 1993 957 2022; x_wconf 84' lang='lat' dir='ltr'>emissam</span> <span class='ocrx_word' id='word_1_381' title='bbox 972 1997 1008 2020; x_wconf 84' lang='lat' dir='ltr'>ut</span> <span class='ocrx_word' id='word_1_382' title='bbox 1030 2001 1101 2030; x_wconf 84' lang='lat' dir='ltr'>sup.</span> <span class='ocrx_word' id='word_1_383' title='bbox 1125 1989 1164 2019; x_wconf 90' lang='lat' dir='ltr'>de</span> <span class='ocrx_word' id='word_1_384' title='bbox 1180 1990 1258 2021; x_wconf 77' lang='lat' dir='ltr'>Niso</span> 
     </span>
     <span class='ocr_line' id='line_1_70' title="bbox 692 2034 1260 2075; baseline -0.007 -7"><span class='ocrx_word' id='word_1_385' title='bbox 692 2051 736 2070; x_wconf 76' lang='lat' dir='ltr'>vs.</span> <span class='ocrx_word' id='word_1_386' title='bbox 758 2040 834 2075; x_wconf 74' lang='lat'>403.</span> <span class='ocrx_word' id='word_1_387' title='bbox 854 2055 899 2062; x_wconf 85' lang='lat'>—-</span> <span class='ocrx_word' id='word_1_388' title='bbox 916 2038 993 2067; x_wconf 85' lang='lat'><strong>626.</strong></span> <span class='ocrx_word' id='word_1_389' title='bbox 1012 2037 1124 2071; x_wconf 82' lang='lat' dir='ltr'>Dona,</span> <span class='ocrx_word' id='word_1_390' title='bbox 1140 2034 1260 2065; x_wconf 81' lang='lat' dir='ltr'>sacrifi-</span> 
     </span>
     <span class='ocr_line' id='line_1_71' title="bbox 691 2081 1260 2123; baseline -0.005 -9"><span class='ocrx_word' id='word_1_391' title='bbox 691 2087 776 2114; x_wconf 84' lang='lat' dir='ltr'>cium</span> <span class='ocrx_word' id='word_1_392' title='bbox 787 2107 796 2121; x_wconf 91' lang='lat'>‚</span> <span class='ocrx_word' id='word_1_393' title='bbox 816 2091 853 2114; x_wconf 89' lang='lat' dir='ltr'>ut</span> <span class='ocrx_word' id='word_1_394' title='bbox 866 2085 957 2114; x_wconf 84' lang='lat' dir='ltr'>toties</span> <span class='ocrx_word' id='word_1_395' title='bbox 973 2089 1076 2123; x_wconf 77' lang='lat' dir='ltr'>poeta.</span> <span class='ocrx_word' id='word_1_396' title='bbox 1090 2081 1174 2112; x_wconf 85' lang='lat' dir='ltr'>Male</span> <span class='ocrx_word' id='word_1_397' title='bbox 1191 2084 1260 2113; x_wconf 89' lang='lat' dir='ltr'>Ser—</span> 
     </span>
     <span class='ocr_line' id='line_1_72' title="bbox 690 2127 1258 2166; baseline -0.005 -6"><span class='ocrx_word' id='word_1_398' title='bbox 690 2134 761 2160; x_wconf 73' lang='lat' dir='ltr'>vius</span> <span class='ocrx_word' id='word_1_399' title='bbox 775 2131 814 2160; x_wconf 92' lang='lat' dir='ltr'>de</span> <span class='ocrx_word' id='word_1_400' title='bbox 827 2130 977 2160; x_wconf 84' lang='lat' dir='ltr'>donariis.</span> <span class='ocrx_word' id='word_1_401' title='bbox 993 2146 1039 2151; x_wconf 95' lang='lat'>—-</span> <span class='ocrx_word' id='word_1_402' title='bbox 1049 2129 1127 2166; x_wconf 84' lang='lat'><strong>627.</strong></span> <span class='ocrx_word' id='word_1_403' title='bbox 1142 2127 1181 2158; x_wconf 87' lang='lat' dir='ltr'>cf.</span> <span class='ocrx_word' id='word_1_404' title='bbox 1197 2127 1258 2158; x_wconf 93' lang='lat' dir='ltr'>Od.</span> 
     </span>
     <span class='ocr_line' id='line_1_73' title="bbox 691 2174 1258 2222; baseline -0.012 -14"><span class='ocrx_word' id='word_1_405' title='bbox 691 2189 710 2222; x_wconf 55' lang='grc' dir='ltr'><strong>γ</strong></span> <span class='ocrx_word' id='word_1_406' title='bbox 724 2200 732 2215; x_wconf 89' lang='grc'><em>,</em></span> <span class='ocrx_word' id='word_1_407' title='bbox 752 2178 814 2208; x_wconf 77' lang='lat'>382</span> <span class='ocrx_word' id='word_1_408' title='bbox 839 2187 884 2218; x_wconf 88' lang='lat' dir='ltr'>sq.</span> <span class='ocrx_word' id='word_1_409' title='bbox 902 2193 947 2199; x_wconf 88' lang='lat'>—</span> <span class='ocrx_word' id='word_1_410' title='bbox 967 2175 1045 2206; x_wconf 83' lang='lat'><strong>628.</strong></span> <span class='ocrx_word' id='word_1_411' title='bbox 1066 2174 1169 2215; x_wconf 83' lang='lat' dir='ltr'>Caput</span> <span class='ocrx_word' id='word_1_412' title='bbox 1189 2184 1258 2203; x_wconf 80' lang='lat' dir='ltr'>cum</span> 
     </span>
    </p>
   </div>
  </div>
 </body>
</html>
