1414 2435
138 89 155 118 3
161 89 178 118 3
636 88 828 120 AENEIDOS

182 146 354 183 Victores
374 144 503 195 praeda
520 144 652 181 Rutuli
667 146 873 195 spoliisque
889 148 1018 197 potiti,

1270 160 1320 188 450

129 208 366 243 Volscentem
386 205 600 242 exanimum
617 205 746 243 flentes
763 207 802 243 in
819 216 942 245 castra
961 208 1143 247 ferebant.

128 270 208 305 Nec
224 267 347 303 minor
362 265 403 303 in
420 265 552 303 castris
570 266 710 311 luctus,
731 266 941 304 Rhamnete
959 278 1112 318 reperto

128 327 338 377 Exsangui,
357 335 395 364 et
413 326 545 376 primis
565 339 640 362 una
657 334 712 363 tot
730 327 831 364 caede
847 329 1043 377 peremtis,

128 391 388 437 Sarranoque,
404 390 604 436 Numaque
626 402 634 423 ε
653 387 784 437 ingens
803 401 1008 427 concursus
1029 390 1074 427 ad
1093 391 1175 441 ipsa

127 451 315 498 Corpora,
331 447 611 495 seminecesque
627 447 750 492 viros,
767 447 972 497 tepidaque
990 458 1179 488 recentem

1266 462 1316 489 455

125 508 235 545 Caede
251 508 394 553 locum,
412 516 448 544 et
467 506 597 556 plenos
612 507 802 556 spumanti
820 508 1000 557 sanguine
1019 509 1132 547 rivos.

124 569 372 619 Adgnoscunt
386 567 507 618 spolia
525 567 624 604 inter
643 581 699 613 se,
722 567 942 618 galeamque
962 569 1141 607 nitentem

123 628 306 678 Messapi,
327 637 364 665 et
383 628 503 665 multo
521 627 695 677 phaleras
714 627 853 665 sudore
871 637 1054 678 receptas.

175 691 222 725 Et
235 689 313 738 jam
330 687 453 737 prima
468 699 571 724 novo
588 687 789 738 spargebat
807 688 948 724 lumine
964 696 1083 724 terras

122 747 277 785 Tithoni
296 760 473 784 croceum
490 747 663 793 linquens
682 747 834 782 Aurora
854 745 995 793 cubile;
1267 759 1314 785 460

121 810 143 844 J
145 820 204 844 am
225 807 303 843 sole
318 807 462 850 infuso,
477 804 556 854 jam
572 803 686 841 rebus
705 805 790 841 luce
809 807 978 850 retectis,

119 871 270 905 Turnus
286 867 326 903 in
343 879 447 903 arma
464 865 587 911 viros,
604 865 717 902 armis
737 865 990 903 circumdatus
1006 865 1104 915 ipse,

121 927 303 972 Suscitat‚
323 933 532 974 aeratasque
553 925 650 963 acies
665 924 706 961 in
723 925 852 974 praelia
870 925 970 976 cogit

121 986 292 1035 Quisque
307 999 392 1022 suas
403 1013 412 1031 ,
432 985 623 1034 variisque
641 995 781 1022 acuunt
796 986 1014 1023 rumoribus
1032 987 1118 1025 iras.

119 1047 223 1094 Quin
239 1047 322 1096 ipsa
339 1045 518 1090 adrectis,
536 1046 620 1082 visu
640 1045 873 1091 miserabile,
893 1047 931 1083 in
949 1046 1066 1084 hastis
1264 1057 1312 1084 465

119 1107 321 1156 Praefigunt
336 1106 480 1156 capita,
501 1114 538 1143 et
559 1105 676 1143 multo
696 1106 858 1143 clamore
878 1115 1103 1156 sequuntur,

118 1166 275 1215 Euryali
294 1175 330 1203 et
349 1165 444 1203 Nisi.

117 1227 295 1264 AEneadae
315 1226 403 1264 duri
420 1239 617 1263 murorum
634 1227 672 1264 in
690 1235 797 1277 parte
819 1227 968 1265 sinistra

166 1372 243 1406 452.
255 1370 302 1402 Cf.
317 1369 407 1401 Iliad.
423 1371 498 1408 κ,1.
513 1381 540 1401 c.
559 1371 622 1401 523
639 1381 685 1412 sq.

116 1435 162 1441 --
174 1418 238 1453 455
248 1440 256 1454 ,
279 1417 355 1452 456.
376 1417 561 1458 Tepidaque
578 1428 686 1447 recen-

115 1474 181 1494 tum
196 1464 284 1494 caede
302 1464 406 1494 Iocum
423 1475 434 1493 :
458 1464 550 1494 docte
570 1471 600 1494 et
624 1464 686 1494 ele-

115 1517 224 1551 ganter
235 1533 243 1547 ,
266 1521 333 1540 non
349 1520 405 1551 per
423 1510 631 1551 hypallagen,
650 1516 687 1539 ut

114 1555 211 1596 vulgo
225 1563 394 1596 exponunt
404 1579 412 1593 ‚
427 1555 481 1585 sed
496 1563 626 1596 propter
635 1565 687 1584 ex·

115 1602 313 1641 quisitiorem
325 1608 355 1631 et
369 1608 522 1632 remotam
535 1611 551 1630 a
565 1600 686 1642 vulgari

113 1658 174 1678 usu
182 1648 312 1678 formam
318 1672 325 1678 .
333 1649 414 1678 Nam
421 1648 507 1678 locus
515 1658 622 1677 recens
629 1658 686 1677 σιτ·

113 1694 153 1723 de
163 1693 288 1724 doctius
298 1694 418 1723 dictum
428 1701 484 1730 est,
496 1704 590 1734 quam
599 1694 685 1723 Iocus

113 1740 235 1769 recenti
251 1740 358 1775 caede,
378 1741 412 1769 in
433 1750 498 1781 quo
518 1739 618 1769 credes
635 1750 683 1769 re-

114 1795 187 1816 cens
203 1787 292 1816 facta.
304 1789 348 1816 At
356 1786 459 1815 coedes
472 1786 580 1826 tepida
590 1795 683 1826 prop-

112 1839 158 1862 ter
191 1839 349 1873 tepentem
383 1832 486 1862 adhuc
526 1842 681 1862 cruorem.

112 1876 219 1919 φόνος,
240 1871 319 1920 αἷμα
340 1876 457 1921 λιαρόν.
478 1880 525 1909 Ita
549 1885 580 1908 et
607 1889 683 1908 mox

108 1925 223 1965 plenos
247 1925 408 1965 spumanti
430 1924 586 1967 sanguine
605 1924 684 1954 rivos

112 1970 214 2001 dictos
228 1972 335 2012 accipe
350 1982 408 2012 pro
423 1971 493 2001 rivis
505 1970 680 2013 sanguinis.

111 2020 176 2047 Nec
199 2024 304 2048 tamen
329 2017 531 2048 infitiandum
542 2039 550 2055 ‚
574 2016 682 2057 paullo

112 2063 284 2099 tumidius,
305 2071 334 2093 et
351 2066 466 2106 tragice
482 2063 542 2094 hoc
559 2062 680 2093 dictum

114 2119 192 2138 esse.

161 2155 237 2191 460.
250 2156 437 2185 Homericus
445 2166 489 2186 vs.
503 2156 538 2186 ll.
548 2159 579 2191 7.,
594 2165 606 2185 1
616 2179 622 2185 .
634 2172 678 2178 ·—

112 2203 188 2239 464.
204 2200 343 2244 Quisque
354 2212 427 2232 suas
435 2224 443 2236 ‚
456 2211 499 2232 sc.
510 2202 590 2233 acies
599 2202 678 2243 ,yle-

740 1370 802 1401 dic.
820 1378 850 1400 et
867 1371 919 1401 alii
932 1372 1043 1401 Heius.
1062 1378 1093 1401 et
1110 1372 1218 1401 Burm.
1237 1381 1310 1401 cum

740 1417 838 1448 Goth.
848 1424 920 1449 tert.
928 1419 974 1447 Ita
983 1419 1085 1448 oratio
1093 1419 1138 1447 sic
1146 1417 1291 1458 procedit
1301 1427 1308 1447 :

740 1471 921 1504 oeratasque
930 1464 1015 1493 acies
1029 1463 1062 1493 in
1067 1474 1118 1504 pr.
1129 1462 1214 1504 cogit
1222 1463 1310 1503 Quis-

739 1520 800 1550 que
815 1521 904 1545 suas,
922 1509 1010 1549 quod
1023 1519 1097 1539 sane
1113 1508 1310 1550 expeditissi-

739 1566 828 1585 mum
838 1563 884 1585 est
893 1577 901 1591 ,
912 1555 1061 1595 quodque
1068 1556 1202 1596 praefero
1216 1565 1308 1596 argu·

739 1602 790 1631 tiis
807 1601 934 1632 aliunde
951 1601 1100 1632 inductis.
1115 1603 1159 1631 At
1175 1601 1307 1642 quisque

738 1657 810 1677 suos
836 1647 985 1678 tuebatur
1014 1648 1073 1678 Ge.
1109 1647 1233 1678 Fabrie.
1261 1664 1307 1670 —

737 1693 881 1724 Debebat
908 1704 974 1724 esse
990 1704 997 1725 :
1024 1693 1110 1724 acies
1138 1693 1171 1723 in
1191 1693 1308 1734 praelia

736 1747 855 1781 cogunt
890 1748 922 1770 ec
958 1748 1089 1771 acuunt.
1122 1739 1307 1770 Rumoribus

737 1785 830 1816 docte
847 1786 971 1815 videtur
988 1787 1126 1826 positum
1149 1796 1209 1826 pro
1233 1785 1308 1816 hor-

736 1832 851 1862 tatibus
862 1855 870 1869 ,
881 1832 1024 1863 vocibus.
1034 1849 1080 1856 ——
1091 1832 1167 1869 467.
1182 1833 1234 1862 An
1244 1831 1307 1862 hoc

735 1878 968 1909 hemistichium
978 1889 1017 1908 ex
1025 1879 1307 1918 interpretamento

735 1925 769 1954 in
788 1926 926 1966 margine
943 1923 1101 1964 adscripto
1111 1923 1281 1953 subnatum
1293 1925 1307 1953 ἓ

735 1970 944 2011 Adscriptum
963 1971 996 1999 in
1013 1969 1086 2000 edit.
1104 1969 1239 2000 Loudiui
1259 1981 1306 1999 rc·

733 2016 852 2056 petita:
871 2017 915 2046 sic
938 2026 1064 2045 censere
1085 2026 1212 2056 quoque
1230 2026 1304 2046 auc-

734 2068 834 2092 torem
850 2062 940 2097 libri,
957 2063 1008 2091 cni
1030 2062 1141 2092 titulus
1158 2072 1165 2092 ε
1185 2064 1303 2092 Lem-us

733 2108 772 2138 de
782 2108 932 2149 quelques
941 2107 1023 2150 Jm'fs
1030 2108 1091 2138 ciffi!
1091 2111 1119 2139 ,1
1124 2108 1302 2139 'ustuire-.—

735 2155 809 2190 463.
826 2157 918 2185 Poeta
930 2154 1027 2184 videri
1038 2162 1139 2195 potest
1153 2161 1300 2195 tauquam

731 2202 766 2237 in
794 2201 1004 2239 Rutulorum,
1032 2208 1130 2231 castra
1161 2200 1301 2232 adorien-
