1414 2435
84 123 554 192 EXCURSUS
611 117 1288 188 NOTABILIORES

508 283 597 326 AD
631 279 874 324 LIBROS

167 427 516 486 AENEIDOS
558 427 662 489 IX,
703 428 778 487 X,
822 425 900 480 XI
939 423 1030 478 ET
1074 423 1206 479 XII.

714 583 1029 605 οὔῆ-

439 719 887 774 EXCURSUS
936 719 958 769 I

498 863 568 898 AD
595 862 795 898 LIBRUM
824 863 891 898 IX.

95 976 168 1018 De
213 971 522 1034 topographia
570 980 825 1015 castrorum
863 971 929 1013 AE
932 984 1058 1023 nece,
1111 978 1156 1012 et
1202 971 1302 1014 Nisi

386 1049 431 1090 E
433 1044 675 1107 uryczlz'que
703 1044 1007 1106 profectione.

143 1188 211 1217 Lus.
233 1188 296 1224 IX,
319 1186 382 1227 195
404 1196 410 1216 :
436 1187 557 1216 tumulo
575 1186 692 1217 videor
705 1185 841 1227 reperire
863 1185 917 1215 sub
943 1185 1000 1215 illo
1022 1186 1119 1215 Posse
1142 1184 1235 1214 viam
1255 1185 1301 1214 ad

94 1250 198 1269 muros
211 1247 243 1270 et
256 1239 375 1269 moem'a
390 1241 579 1270 Pallantea.
597 1242 641 1270 Ut
658 1240 697 1270 de
713 1247 781 1270 toto
795 1240 865 1270 Nisi
883 1246 914 1268 et
927 1238 1059 1279 Euryali
1077 1238 1211 1268 consilio
1227 1239 1300 1268 satis

93 1300 230 1330 constet,
245 1293 392 1324 locorum
406 1295 483 1323 situs
500 1293 585 1334 apud
601 1294 743 1323 animum
760 1292 999 1322 adumbrandus
1019 1298 1065 1321 est
1081 1301 1088 1322 :
1106 1301 1218 1332 agrum
1235 1294 1294 1322 Os-

94 1351 225 1378 tiensem
242 1353 273 1376 et
294 1347 373 1376 ostia
388 1346 513 1376 Tiberis
537 1346 576 1376 ad
598 1347 740 1376 animum
760 1355 886 1375 revoca.
906 1346 1012 1376 Castra
1028 1345 1241 1382 Trojanorum
1261 1343 1300 1373 ad

93 1402 217 1434 Tiberis
240 1401 305 1431 fere
324 1401 403 1430 ostia
421 1402 456 1430 in
479 1401 626 1430 orientali
648 1400 743 1430 litore
767 1406 858 1429 erant
882 1400 957 1436 sita,
983 1399 1064 1428 fossa
1082 1405 1113 1428 et
1138 1398 1221 1428 vallo
1247 1399 1301 1428 illa

93 1457 217 1487 munita
240 1462 271 1485 et
287 1455 449 1492 turribus,
473 1456 556 1492 VII,
582 1455 779 1494 157-—159;
809 1464 825 1483 a
845 1453 955 1483 dextra
976 1453 1092 1482 moenia
1112 1452 1152 1482 ad
1176 1463 1299 1483 amnem

93 1509 316 1551 pertingebant
332 1519 340 1540 ε
355 1519 449 1549 quam
466 1516 587 1550 partem
602 1519 680 1539 mox
695 1511 860 1545 Turnum,
877 1509 985 1537 castris
1001 1507 1179 1545 inclusum,
1194 1515 1302 1548 petere

95 1565 274 1595 videbimus
294 1563 377 1601 4683
405 1563 566 1594 AEneadoe
586 1563 660 1594 duri
681 1573 841 1593 murorum
867 1561 899 1591 in
918 1569 1015 1602 parte
1039 1560 1168 1591 sinistra
1197 1561 1301 1600 Oppo-

95 1629 183 1649 suere
195 1617 319 1653 aciem,
338 1628 414 1648 nam
431 1617 568 1647 deaetera
584 1616 726 1658 cingitur
739 1615 839 1647 amni.
859 1633 907 1639 —
929 1617 1007 1656 789.
1030 1617 1153 1645 Turnus
1166 1614 1300 1655 paulla-

97 1679 152 1701 tzm
170 1671 325 1702 excedere
334 1682 449 1712 pugna
465 1670 650 1714 Etfluvium
662 1678 774 1711 petere
790 1680 829 1699 ac
839 1677 970 1711 partem
991 1680 1065 1710 quce
1078 1668 1220 1710 cingitur
1236 1678 1303 1697 am-

99 1723 140 1753 ηἰ.
164 1741 211 1747 —-
234 1723 311 1752 815.
338 1725 416 1752 Tum
441 1724 569 1754 demum
591 1735 735 1764 praeceps
762 1724 845 1754 saltu
869 1734 937 1753 sese
965 1722 1109 1752 omnibus
1134 1721 1234 1750 armis
1261 1723 1301 1750 In

84 1777 223 1820 fluvium
240 1774 338 1806 dedic.
355 1775 408 1806 Ab
422 1776 530 1806 eadem
546 1784 635 1817 parte
652 1788 668 1806 a
681 1785 770 1818 tergo
785 1777 917 1806 navium
933 1783 998 1806 erat
1014 1777 1108 1805 statio
1121 1785 1192 1815 sup.
1211 1785 1241 1805 v.
1257 1775 1301 1816 69

95 1833 251 1873 classem,
275 1840 348 1871 quae
371 1829 470 1859 laceri
488 1837 662 1860 castrorum
690 1830 846 1870 adjuncta
873 1829 1004 1859 lacebat.
1031 1830 1104 1859 Jam
1126 1834 1192 1858 erat
1210 1835 1302 1869 porta

97 1896 167 1928 quae
183 1884 224 1914 ad
238 1894 323 1914 mare
341 1882 479 1913 ducebat
501 1894 509 1914 ;
530 1883 588 1913 inf.
615 1884 678 1921 237
704 1883 807 1912 locum
829 1882 954 1912 insidiis
975 1881 1200 1922 conspeximus
1219 1881 1298 1922 ipsi,

100 1942 171 1982 Qua
178 1946 273 1980 pacet
291 1938 323 1967 in
339 1937 417 1967 bivio
433 1945 552 1978 portet-⁹,
577 1932 649 1978 q'uae
665 1936 821 1977 proxima
831 1945 934 1977 ponto
951 1944 1005 1967 esc.
1022 1938 1100 1966 Haec
1113 1937 1139 1965 si
1159 1946 1234 1965 cum
1252 1936 1301 1967 10-

96 2004 207 2024 corum
220 1995 284 2023 situ
301 1993 549 2033 comparaveris,
567 1991 654 2021 haud
667 2002 781 2032 pamm
797 1991 961 2021 turbatum
981 1998 1012 2021 te
1029 1991 1154 2021 senties.
1171 1991 1276 2021 Castra
1290 2014 1299 2029 ‚

98 2049 279 2077 Romanum
301 2047 337 2076 in
352 2056 473 2077 morem
489 2045 658 2086 quadrata,
682 2047 717 2075 in
735 2053 875 2075 extrema
891 2044 994 2075 litoris
1014 2050 1100 2085 parte
1120 2044 1302 2085 quingentis

100 2100 139 2130 ab
157 2111 247 2131 amne
263 2100 408 2142 passibus
430 2102 534 2142 posita
551 2100 647 2130 fuisse
669 2106 819 2140 apparet,
844 2099 949 2130 fronte
969 2106 1146 2129 castrorum
1162 2098 1194 2128 in
1218 2098 1300 2129 inte-

100 2154 199 2184 riores
213 2160 311 2185 terras
324 2165 433 2192 versa,
450 2154 537 2185 unde
553 2147 680 2185 Lat'inos
705 2153 853 2183 accedere
880 2163 1007 2183 necesse
1024 2159 1090 2183 erat
1105 2161 1113 2182 τ
1130 2152 1172 2181 ita
1188 2150 1299 2182 dextra

100 2214 278 2238 castrorum
293 2208 332 2238 ad
345 2219 448 2247 mare,
470 2209 594 2239 sinistra
614 2209 654 2239 ad
676 2219 800 2238 amnem
816 2214 956 2248 spectare
976 2207 1097 2238 debu-it.
1112 2206 1224 2236 videri
1241 2215 1298 2246 po-
