1414 2435
80 71 142 92 100

578 59 770 91 AENEIDOS

76 117 277 167 Fragmina
292 127 486 153 remorum
505 128 599 165 quos
619 124 657 152 et
676 116 862 154 fluitantia
882 126 1043 155 transtra

76 177 298 227 Inpediunt‚
317 175 551 225 retrahitque
569 175 706 225 pedem
724 177 834 213 simul
855 177 956 214 unda
977 176 1158 214 relabens.

128 239 208 274 Nec
227 238 397 272 Turnum
415 235 537 285 segnis
555 236 692 272 retinet
711 249 817 273 mora
836 251 843 272 :
861 237 928 274 sed
948 238 1047 287 rapit
1068 251 1153 274 acer

76 299 210 334 Totam
227 295 345 332 aciem
363 295 402 331 in
419 298 604 341 Teucros,
626 304 663 332 et
682 304 813 333 contra
832 296 871 333 in
890 297 1001 334 litore
1020 297 1129 335 sistit.

74 357 190 406 Signa
209 365 358 393 canunt.
379 356 526 393 Primus
545 365 688 393 turmas
708 356 846 394 invasit
862 367 1026 406 agrestes

1220 367 1267 391 3ιο

76 418 230 461 AEneas,
248 427 359 452 omen
375 427 528 464 pugnae,
547 415 755 463 stravitque
774 415 946 462 Latinos,

75 474 212 512 Occiso
231 473 425 518 Therone,
444 473 571 509 virum
589 473 655 522 qui
673 485 872 509 maxumus
890 475 990 510 ultro

78 535 219 570 AEnean
238 532 333 582 petit
352 547 360 568 z
379 531 469 568 huic
485 531 610 581 gladio
631 544 776 581 perque
793 545 891 568 aerea
908 541 1010 578 suta,

74 596 146 629 Per
166 592 332 629 tunicam
349 591 583 641 squalentem
604 603 716 636 auro,
735 590 833 627 latus
850 590 979 628 haurit
997 601 1180 641 apertum.

74 651 167 688 Inde
186 650 330 688 Lichan
349 650 454 696 ferit,
473 658 665 687 exsectum
679 650 758 700 jam
776 658 896 687 matre
916 659 1102 700 peremta,

75 796 123 821 sat
149 788 263 831 (conf.
286 789 325 819 ad
346 790 404 821 lib.
429 791 528 827 VIII,
555 789 643 831 94),

76 837 220 875 adeoque
243 836 358 866 librata
386 837 453 876 ipsa
486 836 643 866 fluctuum

77 881 219 922 impulsu
239 883 275 911 in
296 882 434 912 diversas
451 889 555 922 partes
573 893 645 911 ver-

78 935 185 965 satur3
227 928 290 957 hoc
327 929 423 969 magis
462 929 645 968 poeticum,

79 983 175 1014 quam
188 973 333 1016 sifluctus
339 973 468 1015 fatigat
476 984 647 1004 navem.—

83 1021 162 1057 307.
178 1019 271 1049 Unda
292 1020 457 1055 relabens,
481 1019 597 1049 fluctus
612 1019 649 1049 li-

81 1072 134 1095 tus
149 1065 280 1102 alluens,
291 1072 322 1095 et
337 1076 375 1095 ex
389 1065 482 1095 allisu
497 1075 650 1102 remeans3

81 1112 140 1152 qui
161 1112 254 1147 facit,
274 1118 310 1141 ut
331 1110 445 1151 pedem
466 1112 502 1141 in
525 1111 651 1141 lubrico

83 1157 181 1200 figere
198 1164 368 1197 nequeant.

132 1203 197 1232 308
208 1219 255 1225 —
267 1204 284 1232 3
294 1212 344 1232 10.
368 1202 529 1233 Laudatur
545 1203 652 1233 Attius

83 1249 118 1278 in
139 1248 349 1278 Hellenibus:
371 1248 473 1289 Signa
493 1249 654 1288 extemplo

85 1304 201 1324 carzere
217 1301 250 1323 et
263 1294 329 1323 tela
345 1294 382 1323 ob
398 1293 518 1323 moenia
539 1293 655 1335 offirre

86 1340 232 1380 imperat.
264 1339 440 1370 Prudenter
469 1347 563 1380 poeta
591 1341 655 1380 pri-

85 1397 174 1415 mum
188 1389 317 1416 AEueam
331 1385 452 1416 fortiter
461 1393 655 1427 pugnantem

86 1432 223 1462 inducit.
244 1433 272 1461 T
270 1442 376 1461 ιιι-ἠας
391 1439 548 1473 agrestes,
568 1432 655 1462 Laci-

87 1489 162 1515 nos,
183 1479 239 1519 qui
261 1488 318 1517 per
336 1488 425 1519 agros
448 1477 654 1509 habitabant:

88 1523 128 1554 cf.
149 1534 219 1564 sup.
237 1525 319 1560 VII,
348 1525 412 1562 573
425 1546 433 1560 ‚
451 1525 655 1561 582;V[11,

91 1570 109 1598 8
127 1576 157 1599 et
173 1572 220 1600 lx
231 1591 239 1606 ‚
255 1569 319 1607 607
338 1571 474 1610 sqq.—3
486 1580 497 1599 1
509 1580 535 1599 x.
553 1571 656 1600 Omen

85 1626 206 1657 pugna·
223 1614 261 1644 ad
282 1626 368 1656 seqq.
386 1623 504 1656 spectat
521 1625 528 1646 :
548 1616 656 1646 stravit

93 1661 234 1691 Latinos.
253 1678 299 1684 —
324 1663 400 1692 313.
437 1664 534 1697 Sum,
569 1662 657 1703 quod

89 1709 185 1738 Rom.
210 1707 328 1738 Medic.
349 1715 378 1738 et
401 1708 454 1738 alii
477 1715 591 1738 vetust.
609 1719 658 1749 ag-

91 1761 249 1790 noscunt,
280 1760 353 1795 post
382 1756 553 1791 Ursinum,
589 1756 658 1785 Pie-

92 1801 178 1829 rium
194 1807 224 1830 et
240 1800 336 1837 alios,
360 1802 491 1830 asseruit
511 1801 659 1831 Heinsius

94 1856 205 1886 magua
220 1846 366 1876 locorum
380 1847 470 1887 copia
481 1869 489 1883 ‚
500 1847 661 1887 inquibus

95 1891 178 1921 idem
196 1892 381 1922 vocabulum
399 1894 546 1923 restituit.
566 1894 661 1923 Scuta

93 1938 192 1979 vulgo
208 1938 326 1967 lectum
338 1939 409 1969 :sed
424 1940 457 1969 in
472 1947 541 1969 suta
556 1941 661 1976 Rom„

94 1984 212 2013 Medic.
233 1995 406 2024 omnesque
425 1986 569 2015 meliores
591 1996 664 2015 cou-

96 2031 262 2060 sentiuut:
288 2030 447 2060 thoracem
474 2032 599 2061 sutilem
624 2041 663 2060 ex

98 2084 159 2104 aere
172 2075 203 2105 h.
224 2087 264 2105 ex
284 2078 371 2105 aereis
389 2077 521 2106 lamellis
541 2077 590 2106 vel
615 2087 664 2106 ca-

97 2121 215 2150 tenulis
228 2122 379 2162 designat.
394 2139 441 2145 —-
457 2123 555 2152 [ΕΙ-οη
571 2130 641 2153 suta
651 2145 661 2158 ,

98 2166 259 2199 thoracem
278 2168 403 2199 sutilem
427 2180 467 2199 ex
491 2179 570 2207 εει-ο,
587 2169 618 2199 h.
636 2179 663 2198 e.

1223 661 1270 686 325

697 800 738 820 ex
762 789 830 819 aeris
853 789 1004 826 lamellis,
1030 791 1081 821 vel
1104 792 1268 823 catenulis.

697 835 832 866 Suberat
846 836 967 866 thoraci
981 838 998 866 3
1008 842 1046 871 14
1058 838 1167 867 tunica
1179 848 1270 878 squa-

699 881 767 910 lens
782 892 879 918 auro,
900 892 1003 913 aurea.
1021 884 1176 923 Squalere
1197 894 1268 924 per·

699 937 806 967 peram
828 937 846 956 a
868 929 1005 968 squamis
1024 928 1172 967 ducitur;
1196 929 1271 966 sed,

701 980 737 1002 ut
753 972 896 1009 horrere,
913 973 952 1004 de
974 976 1138 1015 asperitate
1158 986 1267 1017 super-

702 1017 800 1056 ficiei,
822 1021 913 1057 cujus
929 1022 1111 1060 oppositum
1133 1022 1191 1058 sit,
1217 1022 1273 1052 lae-

704 1075 758 1094 vor
773 1075 806 1094 ac
830 1065 931 1101 nitor,
951 1066 1059 1096 dixere
1082 1074 1204 1106 poetro,
1227 1069 1272 1097 sic

705 1110 851 1150 squalere
865 1111 992 1140 videtur
1012 1111 1195 1142 traductum
1209 1114 1274 1153 pri-

705 1166 794 1185 mum
817 1156 856 1185 ad
879 1156 1080 1197 superficiem
1095 1157 1224 1189 sordido
1240 1169 1275 1189 ac

705 1201 850 1242 squalido
864 1202 970 1232 colore
980 1225 988 1239 ,
1003 1203 1053 1233 vel
1061 1204 1163 1234 nitore
1176 1205 1277 1246 impu·

706 1257 762 1283 ro,
786 1247 948 1278 lutulento
969 1254 1024 1278 aut
1049 1249 1275 1289 pulverulento

707 1293 870 1323 inductam
882 1316 889 1330 ‚
907 1294 1008 1334 qualis
1026 1295 1061 1324 in
1082 1296 1218 1335 piscium
1239 1307 1276 1327 ac

707 1346 892 1379 serpentum
915 1347 987 1370 cute
1007 1347 1070 1378 est,
1088 1347 1157 1371 tum
1175 1344 1278 1373 omni·

708 1395 752 1415 no
770 1385 808 1415 de
823 1387 925 1416 nitore
939 1397 1134 1427 quocunque
1145 1410 1153 1424 ‚
1169 1395 1206 1418 ut
1222 1399 1278 1419 au-

709 1433 746 1461 ri.
762 1433 841 1462 Nam
858 1434 977 1462 Accius
993 1434 1026 1462 in
1040 1433 1197 1473 Pelopidis
1212 1434 1276 1475 (ap.

709 1479 796 1507 SerV.
814 1477 845 1508 h.
869 1478 890 1508 l.
914 1486 944 1508 et
965 1479 1109 1508 Macrob.
1126 1481 1191 1515 VI,
1212 1490 1227 1517 7
1244 1482 1279 1510 in

709 1522 730 1553 f.
747 1522 759 1563 )
786 1523 931 1553 distinxit
964 1524 1143 1564 squalorem
1168 1527 1234 1554 anri
1262 1536 1278 1555 a

709 1569 848 1608 squamis
873 1570 1048 1610 serpentis:
1065 1570 1131 1610 ejus
1154 1581 1279 1611 serpen—

711 1614 750 1643 tis
762 1625 905 1655 squamae
918 1616 1063 1656 squah'do
1076 1627 1154 1646 auro
1168 1625 1199 1646 et
1206 1628 1281 1658 pur-

704 1671 788 1701 pura
808 1669 987 1701 pra-tester.
1009 1664 1063 1692 Est
1087 1662 1165 1693 adeo
1186 1674 1279 1704 squa-

711 1707 775 1736 lere
794 1707 918 1737 doctius
943 1708 1065 1738 dictum
1084 1708 1115 1739 h.
1140 1709 1162 1739 l.
1185 1720 1280 1750 quam

711 1753 888 1793 splendere.
912 1755 997 1785 conf.
1022 1754 1060 1784 ad
1087 1755 1202 1797 Georg.
1224 1757 1280 1792 IV,

714 1810 768 1839 9¹-
793 1801 840 1829 De
862 1811 940 1830 voce
962 1800 1086 1837 lnam-ic,
1106 1811 1166 1841 pro
1182 1809 1282 1831 trans-

714 1845 793 1875 fodit
807 1869 815 1882 ,
831 1846 944 1877 hausto
962 1848 1133 1888 sanguiue,
1149 1857 1220 1888 sup.
1243 1847 1281 1877 nd

718 1895 786 1922 AEn.
804 1894 853 1929 11,
876 1893 954 1923 600.
978 1897 1130 1933 Apertum
1145 1903 1156 1921 .·
1177 1894 1203 1923 si
1227 1905 1284 1934 per

717 1937 875 1969 thoracem
895 1938 1040 1968 adactum
1060 1938 1178 1968 ferrum
1205 1939 1281 1976 fuit,

717 1983 872 2014 nudatum
889 1995 1005 2024 corpus
1019 1994 1092 2013 ,esse
1114 1995 1180 2014 non
1197 1993 1285 2026 pote-

718 2036 764 2058 rat
779 2039 786 2060 :
801 2030 856 2059 sed
883 2041 951 2059 voc.
977 2037 1087 2065 ornat3
1107 2029 1185 2060 dum
1213 2032 1285 2062 vnl-

718 2085 777 2104 nus
789 2075 959 2116 infligitur,
974 2077 1114 2116 aperitur
1127 2087 1161 2106 ea
1175 2088 1285 2119 corpo-

718 2122 760 2150 ris
784 2131 925 2162 pars.—-
950 2123 1033 2157 315,
1062 2123 1137 2153 316.
1169 2123 1286 2154 Pha-bo

718 2177 839 2196 sacrum
852 2169 970 2209 quippe
980 2167 1287 2210 ‹1e01ne‹lioo,cujus
