1414 2435
492 99 552 135 AD
577 105 743 137 LIBRUM
768 108 825 138 lx.
1196 115 1213 143 3
1224 126 1234 144 1
1243 117 1259 145 3

66 164 212 196 locorum
234 177 332 197 error.
360 166 540 198 Pithecusas
565 176 580 194 a
605 166 802 206 Cercopibus
827 169 934 210 Lydiae
952 171 987 200 in
1009 173 1116 202 simios
1135 175 1263 204 mutatis

69 221 275 253 inhabitatam
290 230 321 253 et
333 222 447 253 dictam
463 233 500 253 eo
519 224 649 253 nomine
669 234 733 254 esse
744 246 752 261 ‚
769 235 784 254 e
798 228 963 266 Xenagora
983 226 1077 256 tradit
1090 228 1263 268 Harpocra-

69 278 137 307 tion
160 280 234 308 Lex.
259 277 339 308 rhet.
363 288 434 309 voc.
458 275 603 321 Κέρκωψ.
620 279 746 315 Alium,
771 279 825 309 sed
845 279 1074 318 indoctiorem,
1091 281 1264 313 verborum

68 333 188 371 lusum,
221 333 277 364 etsi
310 333 370 373 sibi
398 335 569 376 probatum
580 356 588 371 ,
619 335 742 366 Plinius
771 344 942 373 memorat,
967 347 988 365 a
1005 336 1136 379 figlinis
1159 338 1264 369 dolia-

70 389 185 420 riorum
204 391 319 423 dictam
337 393 548 424 Pithecusam.
563 393 593 423 A
618 390 704 427 πίθος
726 399 832 422 tamen
862 392 1026 433 quomodo
1058 393 1265 426 Πιθηκοῦσσαί

66 445 196 476 formari
211 449 394 487 potuen’nt‚
411 458 478 478 non
499 447 571 477 satis
593 447 798 488 intelligitur3
815 446 903 488 quod
922 446 960 476 ab
975 458 1012 477 eo
1028 453 1090 485 est,
1110 446 1242 482 monim-a
1255 472 1263 486 ‚

65 501 120 531 vix
135 498 265 534 πιθήκνη
279 503 523 542 pronuntiatum
537 508 593 531 est.

113 555 210 596 Quod
236 556 358 586 Plinius
385 557 531 596 apposuit
553 555 611 585 lib.
634 557 702 592 ΙΙΙ,
729 556 770 592 6,
794 556 938 593 AEnaria,
962 557 1100 587 Homero
1120 554 1265 588 Inarime

71 609 158 639 dicta
169 632 177 645 ‚
199 620 312 650 parum
328 617 471 639 accurate
486 620 551 639 esse
566 611 810 649 pronuntiatum
828 610 962 650 quilibet
978 611 1069 641 facile
1081 611 1178 642 videt.
1189 613 1265 642 Vir-

69 662 180 704 gilium
203 670 310 692 autem
330 664 365 693 in
379 663 491 693 insulze
506 663 636 693 nomine
655 664 782 703 sequuti
797 671 872 693 sunt
888 663 1040 702 Ovidius,
1056 665 1151 695 Silius
1165 672 1196 695 et
1213 665 1269 696 alii

68 723 189 756 poetae3
208 717 301 747 etiam
315 718 423 746 Livius
436 718 470 746 in
487 717 560 747 loco
575 727 590 746 a
604 717 713 747 Servio
727 717 887 758 adscripto
903 727 911 748 :
927 717 996 748 loca
1010 718 1165 758 adscripta
1178 729 1266 750 nunc

66 770 188 801 videbis
203 782 218 800 a
236 771 434 803 Wernsdorf.
450 782 521 812 pag.
535 771 614 810 359.

113 826 248 855 Homeri
262 835 357 862 vero,
371 831 409 854 ut
431 831 462 854 et
483 823 545 854 hoc
567 823 697 861 addam,
717 830 748 853 et
767 824 899 854 Hesiodi
913 835 1040 866 quoque
1058 825 1178 868 Theog.
1200 828 1267 865 304

68 876 178 908 'Arimi
191 889 246 908 seu
256 900 265 916 ,
282 877 369 919 quod
383 878 489 908 malim
501 901 510 916 ‚
530 877 664 914 Arima,
684 874 724 908 τὰ
745 869 849 921 Ᾰριμα
869 889 913 910 se.
931 877 984 922 ὅρη
995 902 1003 917 ,
1018 879 1105 909 haud
1122 880 1219 911 dubie
1233 883 1269 912 in

68 933 143 962 Asia
159 931 326 973 quaerenda
342 939 436 964 sunt:
453 933 541 973 sique
563 943 579 962 a
601 932 827 963 vetustioribus
843 933 1027 963 auctoribus
1038 955 1047 971 ‚
1066 934 1218 975 AEschylo
1232 935 1268 964 in

69 988 174 1018 Prom.
191 987 269 1026 3513
284 985 411 1019 Pindar.
427 981 522 1029 Pyth.
543 988 557 1016 1
569 1010 577 1025 ‚
597 988 637 1017 32
651 1010 659 1025 ‚
675 993 721 1017 est
738 987 888 1017 standum
898 1010 907 1025 ‚
922 989 956 1018 in
970 988 1081 1019 Cilicia
1096 998 1103 1018 :
1118 999 1189 1028 quae
1202 989 1270 1029 qui-

69 1040 139 1069 dem
151 1063 160 1078 ,
177 1051 241 1070 una
266 1051 339 1071 cum
359 1051 473 1083 magno
497 1041 630 1071 minoris
652 1041 755 1078 Asiae,
772 1048 803 1071 et
823 1052 880 1082 per
898 1042 1063 1084 Phrygiae,
1081 1043 1214 1084 Mysiae,
1233 1053 1269 1073 ac

68 1094 177 1136 Lydiae
189 1093 269 1124 fines
285 1096 472 1125 continuato
489 1101 592 1125 tractu
603 1118 611 1133 ‚
629 1095 756 1137 ignibus
769 1096 983 1126 subterraneis
996 1097 1071 1127 olim
1087 1099 1172 1128 arsit.
1185 1097 1269 1127 Vide

67 1148 256 1180 Strabonem
275 1156 306 1179 et
330 1149 397 1179 aliis
415 1150 494 1180 locis
513 1157 543 1180 et
558 1161 628 1191 pag.
653 1151 718 1190 928
732 1173 740 1187 ‚
758 1152 836 1191 930.
861 1151 945 1182 conf.
969 1151 1114 1183 Eustath.
1136 1151 1175 1182 ad
1198 1153 1220 1183 l.
1238 1163 1267 1183 c.

66 1204 209 1233 Homeri.
226 1205 336 1244 Itaque
348 1205 384 1234 in
399 1205 437 1234 iis
451 1205 529 1235 locis
545 1205 696 1235 omnibus
707 1205 848 1247 Typhon
864 1205 997 1236 fulmine
1009 1214 1185 1248 prostratus
1199 1218 1268 1238 nar-

65 1259 128 1287 rari
148 1258 274 1298 potuit,
292 1263 324 1288 et
342 1250 487 1289 narratus
506 1266 551 1289 est
567 1270 582 1289 a
599 1259 718 1291 multis.
735 1260 844 1292 Solent
859 1267 963 1291 tamen
983 1262 1152 1302 scriptores
1166 1271 1267 1291 unum

62 1313 252 1354 plerumque
275 1324 315 1343 ex
341 1314 452 1344 ceteris
468 1314 547 1344 locis
566 1315 715 1345 omnibus
738 1315 891 1356 Typhoni
909 1315 1084 1357 assignare,
1107 1323 1144 1346 ut
1165 1316 1266 1346 Moeo-

62 1367 146 1396 niam
166 1368 273 1397 Livius
289 1367 398 1398 XCIV
414 1367 498 1408 apud
522 1369 666 1399 Servium
688 1368 726 1399 ad
741 1368 773 1399 h.
788 1369 811 1399 l.
827 1371 935 1410 Quum
954 1380 972 1399 a
990 1370 1096 1411 Syris,
1112 1379 1168 1399 seu
1183 1369 1264 1399 Ara-

61 1421 146 1450 maeis
169 1420 288 1451 Ciliciae
310 1431 382 1462 pars
406 1421 483 1451 olim
506 1421 681 1452 inhabitata
709 1428 808 1459 esset,
830 1423 948 1452 mirum
970 1433 1038 1453 non
1053 1429 1117 1460 est,
1144 1433 1261 1452 nomen

61 1486 173 1505 eorum
188 1476 288 1506 serius
298 1499 307 1513 ‚
323 1475 405 1506 forte
418 1475 459 1505 ad
470 1478 645 1506 Homerum
659 1487 760 1517 usque
772 1499 780 1514 ,
796 1477 830 1506 in
844 1477 882 1506 iis
896 1477 975 1507 locis
988 1484 1144 1518 superstes
1154 1500 1162 1515 ,
1177 1476 1262 1507 ideo-

59 1538 122 1568 que
139 1530 268 1559 Arimos
281 1535 406 1558 montes
420 1530 455 1558 in
472 1529 581 1559 Cilicia
600 1527 702 1559 dictos
718 1525 823 1560 fuisse.
837 1529 891 1560 Ad
910 1531 1033 1571 Syriam
1048 1537 1152 1560 autem
1167 1541 1260 1572 prop-

58 1588 106 1611 ter
119 1592 236 1612 nomen
249 1580 329 1611 illud
343 1581 481 1610 fabulam
496 1579 697 1612 Homericam
719 1581 842 1613 trahere
861 1593 896 1612 ac
913 1583 1080 1614 transferre
1096 1585 1150 1614 vix
1165 1583 1256 1621 licet3

59 1635 160 1665 multo
175 1636 281 1665 minus
300 1634 339 1664 de
361 1633 435 1664 lacu
455 1635 624 1666 Sirbonide
635 1658 644 1675 ,
659 1642 713 1666 aut
727 1647 800 1666 cum
815 1637 954 1678 Tayloro
978 1637 1061 1679 apud
1083 1637 1258 1669 Woodium

59 1687 99 1717 de
116 1687 188 1717 lacu
203 1687 380 1728 Asphaltite
395 1689 542 1730 cogitare.

106 1743 215 1782 Quum
232 1740 270 1770 de
287 1739 336 1770 his
354 1741 484 1771 Homeri
499 1748 530 1771 et
541 1742 669 1783 Virgilii
689 1742 768 1773 locis
789 1750 835 1773 tot
856 1749 981 1773 exstent
995 1744 1138 1773 virorum
1152 1743 1258 1773 docto·

59 1806 131 1825 rum
145 1794 388 1836 disputationes·‚
406 1804 565 1834 apponere
578 1794 632 1824 hic
650 1795 752 1824 visum
770 1802 815 1824 est
834 1805 868 1824 ea
880 1819 888 1833 ,
904 1805 975 1835 quae
992 1796 1076 1824 inter
1091 1795 1257 1825 innumera

60 1858 225 1890 perperam
246 1854 359 1877 asserta
379 1846 500 1877 idoneis
519 1857 626 1876 rerum
649 1848 857 1888 argumentis,
875 1847 981 1877 saltem
1003 1846 1161 1888 probabili
1173 1846 1257 1887 judi-

64 1902 132 1939 cio,
149 1901 316 1932 memorari
334 1910 425 1941 posse
444 1899 644 1930 videbantur.

193 2280 257 2315 IV.
1054 2294 1074 2317 2
1082 2295 1099 2327 7
