1414 2435
136 81 200 111 360
506 81 541 110 P.
556 79 740 111 VIRGILII
765 79 960 111 MARONIS

133 138 397 176 Conscelerata
415 136 480 187 pia
497 137 677 174 discernit
697 138 847 173 vincula
865 137 966 173 sede.

133 202 233 249 Ergo
250 199 327 249 jam
348 210 518 235 caussam
537 198 670 235 mortis
686 211 745 235 me
764 197 890 234 dicere
908 198 1043 233 vinctae
1284 203 1334 236 ³75

133 258 367 297 Verberibus
384 271 485 296 saevo
506 267 646 308 cogunt
663 258 710 295 ab
726 258 855 307 judice
872 260 1015 294 Poenae:

135 322 263 366 Quum
282 318 376 355 mihi
397 326 439 355 tu
458 318 507 355 sis
525 331 657 355 caussa
677 318 784 363 mali,
807 330 877 353 nec
896 316 1068 354 conscius
1087 315 1201 361 adsis,

134 379 209 416 Sed
229 377 492 415 tolerabilibus
509 379 610 415 curis
630 378 711 414 haec
729 377 916 413 inmemor
936 376 1061 422 audis;

137 441 232 484 Quae
251 447 394 484 tamen,
413 445 458 474 ut
475 438 582 474 vanis
600 437 791 474 dimittens
812 436 938 473 omnia
956 436 1096 482 ventis,

135 498 339 548 Digredior
356 511 552 547 nunquam
570 498 782 543 rediturus3
803 504 844 533 tu
863 497 944 532 cole
963 495 1094 542 fontis,
1282 501 1332 526 38⁰

136 560 184 595 Et
203 558 335 595 w'ridis
351 571 550 596 nemorum
570 558 702 603 silvas,
721 566 758 594 et
776 569 918 607 pascua
935 557 1043 593 laetus
1061 569 1070 591 :

133 621 181 655 Et
201 632 285 656 mea
304 619 460 656 diffusas
479 618 677 668 rapiantur
696 618 798 655 dicta
815 631 885 667 per
905 630 1027 654 auras.
1046 634 1061 650 »

134 678 258 725 Dixin
280 687 316 715 et
334 688 503 715 extrema
522 678 638 715 tristis
658 692 744 715 cum
763 690 859 715 voce
875 676 1040 714 recessit.

188 741 299 775 Hunc
319 738 386 774 ubi
406 739 608 776 sollicitum
628 738 770 776 dimisit
788 738 927 775 inertia
945 738 1033 775 vitae
1050 751 1058 773 :

138 798 303 835 Interius
320 798 486 847 graviter
504 805 668 834 mentem
687 810 786 847 aeger
800 811 870 834 nec
888 798 973 833 tulit
992 797 1092 832 ultra
1286 801 1335 827 ³85

135 858 317 896 Sensibus
336 858 503 895 infusum
523 857 661 894 Culicis
682 857 728 893 de
748 867 870 894 morte
891 856 1072 892 dolorem.

135 921 494 967 Quantumcumque
511 917 584 954 sibi
602 917 700 954 vires
719 916 888 953 tribuere
908 916 1056 961 seniles,

135 979 230 1025 Quis
251 988 374 1016 tamen
392 978 571 1014 infestum
591 989 763 1027 pugnans
783 976 975 1012 devicerat
993 975 1159 1020 hostem,

131 1038 272 1075 Rivum
290 1046 449 1088 propter
468 1050 592 1087 aquae,
611 1036 728 1073 viridi
747 1035 816 1073 sub
837 1035 971 1072 fronde
989 1036 1168 1072 latentem

135 1097 382 1134 Conformare
401 1098 527 1134 locum
546 1096 647 1147 capit
666 1096 816 1146 inpiger
836 1111 844 1132 ε
864 1095 966 1131 hunc
985 1104 1022 1131 et
1041 1095 1081 1130 in
1099 1093 1233 1131 orbem
1288 1100 1337 1133 390

136 1156 327 1202 Destinat,
347 1169 389 1193 ac
409 1157 500 1193 ferri
519 1156 698 1207 capulum
719 1156 898 1205 repetivit
916 1156 955 1192 in
975 1167 1104 1201 usum,

136 1217 378 1253 Gramineam
397 1225 440 1253 ut
458 1217 573 1253 viridi
592 1217 740 1253 foderet
758 1216 804 1252 de
824 1216 965 1266 cespite
985 1224 1138 1252 terram.

135 1280 157 1314 J
160 1290 218 1314 am
236 1289 381 1314 memor
399 1278 593 1327 inceptum
614 1289 798 1326 peragens
818 1275 892 1312 sibi
911 1289 1003 1313 cura
1020 1274 1191 1327 laborem

136 1338 363 1385 Congestum
383 1336 590 1372 cumulavit
611 1347 724 1384 opus,
744 1343 857 1384 atque
878 1347 1014 1384 aggere
1033 1334 1153 1370 multo

136 1396 298 1433 Telluris
318 1396 484 1432 tumulus
507 1395 709 1431 formatum
729 1395 849 1431 crevit
867 1395 906 1431 in
924 1394 1058 1432 orbem
1077 1407 1086 1428 :
1287 1400 1336 1433 ³9⁵

137 1460 260 1502 Quem
281 1456 423 1493 circum
443 1455 606 1505 lapidem
625 1454 709 1491 laevi
729 1455 776 1491 de
797 1467 985 1491 marmore
1005 1454 1171 1491 formans

137 1517 309 1553 Conserit
329 1515 496 1552 adsiduae
515 1527 616 1551 curae
635 1527 781 1551 memor
797 1530 804 1551 :
822 1514 884 1551 hic
904 1523 940 1551 et
960 1513 1159 1556 acanthus,

137 1578 185 1612 Et
204 1588 289 1612 rosa
309 1587 505 1625 purpureo
525 1575 660 1611 crescit
680 1572 894 1610 rubicunda
914 1573 1059 1617 colore,

137 1637 185 1672 Et
203 1635 313 1672 violae
333 1648 449 1685 genus
469 1646 579 1670 omne
597 1633 659 1670 hic.
678 1642 751 1678 ost,
772 1642 809 1670 et
828 1633 1003 1683 Spartica
1019 1641 1182 1681 myrum,

139 1697 263 1742 Atque
282 1693 527 1743 hyacinthus;
548 1702 585 1730 et
602 1692 665 1729 hic
685 1692 790 1729 Cilici
809 1705 942 1729 crocus
963 1691 1086 1728 editus
1106 1703 1216 1737 arv03
1284 1702 1334 1729 ⁴00

189 1866 265 1900 384.
282 1865 582 1906 Exsurgitasomno
592 1871 711 1905 pastor,
766 1866 842 1904 390·
872 1863 966 1905 Capit
990 1861 1209 1905 conformare,
1242 1862 1338 1892 susei-

140 1917 170 1940 et
201 1912 303 1942 Culici
331 1912 492 1941 tumulum
520 1919 618 1952 parat.
646 1913 711 1941 Etsi
765 1912 827 1952 pit,
855 1917 891 1940 ut
915 1920 1010 1951 supra
1039 1915 1208 1949 comparat
1232 1907 1336 1943 dare,-

139 1959 224 1987 cnim
253 1969 319 1987 nou
343 1957 456 1988 diserte
483 1957 522 1987 de
547 1969 585 1986 oo
609 1958 711 1989 Culex
765 1968 844 1987 vers.
868 1963 932 1993 204
959 1964 991 1986 ec
1012 1955 1044 1985 ιή
1063 1953 1171 1996 fissos
1192 1953 1332 1995 requiem

139 2005 363 2043 conqueritur,
398 2003 485 2044 qnod
522 2005 614 2042 justis
651 2003 710 2033 sihi
765 2003 843 2032 dare
867 2009 1033 2042 comparat
1052 2007 1150 2030 artus.
1165 2000 1262 2030 Aliud
1287 2007 1334 2031 est

140 2059 205 2077 uon
228 2051 375 2089 praestitis
399 2050 519 2080 Umbra
542 2051 576 2079 in
603 2050 710 2079 inseris
765 2049 868 2079 Iocum
884 2046 1107 2089 capcre‚quod
1122 2047 1259 2088 Scaliger
1270 2046 1334 2077 huc

137 2094 241 2124 sedem
258 2096 403 2126 habitura
419 2103 534 2126 certam
558 2107 625 2126 non
649 2097 704 2134 sit,
760 2101 860 2125 vocat.

138 2146 234 2170 totam
261 2148 362 2171 tamen
387 2150 488 2182 poctae
509 2142 645 2171 fabulam
668 2153 706 2172 co
797 2142 873 2180 39¹·
887 2140 976 2170 Ferri
985 2140 1132 2180 capulum
1145 2163 1152 2174 ,
1173 2138 1213 2169 de
1229 2138 1334 2180 ligone

137 2192 372 2227 attemperatum
402 2199 466 2218 esse
493 2196 631 2228 apparet.
660 2205 706 2212 —
761 2187 891 2227 accipio.
