1414 2435
594 81 713 112 CIRIS.

1184 78 1244 116 387

58 146 153 180 Ecce
172 149 344 192 repente,
363 140 466 177 velut
484 138 627 189 patrios
646 138 812 175 imitatus
832 137 1012 184 honores,
1198 146 1245 169 ⁵00

57 206 290 253 Purpuream
309 200 496 237 concussit
515 212 611 249 apex
630 199 669 235 in
687 198 829 235 vertice
849 198 1010 235 cristam.

58 265 107 298 At
122 261 242 298 mollis
259 260 384 297 varios
403 260 573 296 intexens
590 258 718 308 pluma
736 259 880 295 colores

59 325 315 358 Marmoreum
333 320 480 356 volucri
497 318 649 356 vestivit
669 319 830 368 tegmine
849 330 1003 366 corpus,

59 384 252 428 Lentaque
271 389 472 429 perpetuas
493 378 672 415 fuderunt
687 378 844 415 brachia
859 390 1011 427 pennas.

59 437 152 475 Inde
172 439 261 475 alias
278 438 413 487 partis,
429 438 622 487 minioque
640 438 779 475 infecta
798 437 952 474 rubenti

1196 444 1246 468 505

59 499 197 542 Crura,
220 509 318 534 nova
337 497 473 534 macies
493 497 654 534 obduxit
671 498 840 546 squalida
860 493 967 546 pelli,

59 559 106 593 Et
125 556 284 606 pedibus
304 557 441 594 teneris
460 570 602 607 ungues
622 557 777 594 confixit
793 565 935 594 acutos.

60 618 107 652 Et
126 624 248 652 tamen
267 616 340 652 hoc
357 616 507 653 demum
526 616 672 653 miserae
690 629 912 653 succurrere
930 623 1041 665 pacto

61 675 134 711 Vix
155 675 276 711 fuerat
294 674 441 724 placida
458 675 627 723 Neptuni
645 675 803 725 conjuge
823 674 989 724 dignum.

61 737 263 783 Nunquam
281 735 382 770 illam
399 733 558 784 posthac
578 734 678 771 oculi
695 734 826 771 videre
846 746 1002 771 suorum

1203 740 1251 764 510

59 796 274 842 Purpureas
291 794 390 829 flavo
409 794 632 831 retinentem
649 795 790 830 vertice
808 793 938 837 vittas;

60 856 146 889 Non
166 853 348 889 thalamus
367 853 483 901 Tyrio
505 853 672 901 fragrans
692 853 841 902 adcepit
860 865 1028 898 amomo,

60 914 181 950 Nullae
201 913 301 949 illam
320 913 438 950 sedes.
460 912 562 959 Quid
573 913 651 962 jam
669 926 755 949 cum
774 911 927 950 sedibus
946 913 1021 949 illi?

62 974 156 1018 Quae
175 972 286 1009 simul
304 982 346 1009 ut
365 985 444 1009 sese
464 984 558 1009 cano
579 972 625 1009 de
642 973 790 1021 gurgite
808 972 921 1009 velox

62 1036 158 1069 Cum
177 1032 303 1069 sonitu
319 1032 366 1068 ad
386 1032 522 1068 coelum
538 1031 784 1068 stridentibus
802 1032 935 1068 extulit
951 1031 1035 1078 alis,
1204 1038 1251 1063 5¹⁵

62 1093 109 1127 Et
127 1091 285 1127 multum
299 1090 373 1126 late
394 1090 570 1140 dispersit
588 1090 627 1127 in
646 1103 798 1140 aequore
814 1103 959 1137 rorem;

62 1149 196 1187 Infelix
213 1149 321 1197 virgo
340 1149 595 1198 nequidquam
612 1164 633 1187 a
649 1157 771 1186 morte
790 1159 942 1199 recepta

62 1209 251 1246 Incultum
270 1208 358 1246 solis
376 1208 416 1245 in
435 1208 594 1258 rupibus
613 1210 729 1257 exigit
747 1222 886 1255 aevum,

63 1267 256 1318 Rupibus,
279 1277 316 1304 et
335 1268 516 1318 scopulis,
537 1277 574 1305 et
592 1268 767 1305 litoribus
787 1266 955 1305 desertis.

108 1331 188 1365 Nec
199 1337 322 1365 tamen
332 1328 406 1364 hoc
415 1329 553 1364 iterum
563 1340 673 1377 poena
683 1328 762 1364 sine
774 1342 782 1364 z
794 1340 955 1376 namque
971 1326 1083 1364 deum
1097 1338 1163 1362 rex
1172 1353 1182 1372 ,
1199 1334 1249 1358 ⁵20

65 1387 203 1424 omnia
221 1387 287 1435 qui
305 1385 466 1435 imperio
483 1393 668 1422 terrarum
687 1385 802 1421 millia
820 1394 964 1430 versat,

67 1448 271 1484 Conmotus
287 1445 400 1481 talem
417 1444 465 1481 ad
483 1457 640 1494 superos
657 1444 816 1482 volitare
834 1443 1015 1493 puellam,

544 1544 558 1560 1

67 1636 122 1656 seu
154 1625 271 1655 nebula
301 1624 463 1654 inclusum
493 1634 610 1665 corpus
623 1647 632 1661 ‚

68 1671 144 1701 dum
161 1670 359 1707 mutabatur,
373 1669 554 1710 significari.

117 1716 309 1751 ὅου-504.
323 1717 407 1745 Ecce
420 1724 563 1755 repente,
579 1727 635 1746 ve-

68 1763 116 1792 lue
127 1761 266 1802 patrios,
292 1767 352 1791 etc.
378 1762 432 1791 Est
454 1761 531 1791 adeo
554 1762 634 1792 Ciris

69 1809 134 1838 avis
165 1817 238 1837 cum
269 1808 360 1836 crista
389 1817 564 1846 purpurea,
595 1807 635 1836 ad

67 1854 276 1883 imitationem
292 1853 431 1882 cincinni
451 1862 507 1881 seu
529 1853 635 1893 capilli

67 1900 220 1940 purpurei
235 1899 346 1939 patrii,
359 1908 454 1938 quem
472 1898 575 1939 Scylla
592 1909 635 1927 re-

70 1945 213 1975 sciderat.
227 1944 360 1974 Volucre
375 1951 500 1985 tegmen
516 1951 560 1973 est
569 1944 638 1984 plu-

73 2000 178 2020 meum
188 2013 197 2027 ‚
210 1997 241 2019 et
247 1996 409 2030 perpetua»
416 1999 537 2029 penna·
544 2001 556 2025 ;
566 2000 638 2029 quae

72 2042 153 2065 totas
168 2036 245 2072 alas,
270 2036 346 2065 olim
366 2035 511 2072 brachia,
532 2035 634 2065 obdu-

74 2087 168 2116 cunt;
192 2088 224 2110 et
251 2082 326 2119 507,
345 2080 478 2123 confixit
495 2091 633 2122 ungues,

75 2133 248 2163 commisit,
266 2128 417 2156 continua
433 2134 516 2157 cute.

124 2172 141 2200 5
150 2177 188 2206 14
201 2182 268 2217 sqq.
281 2172 412 2214 Elegaus
423 2173 512 2203 locus
527 2178 557 2202 et
572 2182 641 2202 sen-

685 1623 775 1654 sibus
797 1633 864 1652 rem
892 1622 1060 1661 subjiciens
1087 1621 1250 1664 graphice,

686 1672 731 1699 Et
749 1669 879 1698 multum
902 1669 968 1698 late
990 1668 1136 1708 dispersit
1152 1668 1185 1697 in
1209 1679 1252 1698 ιε·

686 1726 783 1756 quor-e
798 1725 900 1744 rorem
910 1737 919 1749 ,
935 1720 971 1743 ut
987 1715 1089 1744 solent
1103 1723 1174 1743 aves
1189 1723 1253 1742 ma-

687 1761 821 1791 defactas
839 1760 902 1788 alas
918 1767 1099 1789 concutere.
1113 1776 1159 1782 —
1175 1759 1253 1789 518.

689 1808 801 1837 AEumn
816 1804 982 1840 incultum,
1004 1806 1099 1834 vitam
1115 1815 1254 1845 asperam

689 1860 719 1881 et
736 1850 906 1881 horridam.

738 1898 813 1927 520.
835 1897 930 1926 Nunc
952 1898 1092 1938 Jupiter,
1111 1895 1255 1937 indigua-

692 1951 756 1980 ms,
773 1942 838 1972 filia
861 1943 1007 1972 scelerata
1026 1944 1058 1972 in
1077 1952 1166 1971 avem
1187 1953 1252 1972 mu-

691 1996 768 2024 tata,
787 1995 947 2029 parentem
971 1990 1089 2018 interea
1107 1988 1256 2017 miserum

691 2035 774 2076 apud
796 2035 914 2064 inferos
941 2034 1069 2074 degere,
1095 2035 1256 2063 revocavit

691 2091 762 2110 eum
772 2081 806 2110 in
819 2081 914 2109 vitam
924 2102 931 2116 ‚
946 2087 976 2109 et
990 2081 1107 2120 pariter
1116 2089 1205 2108 avem
1214 2078 1255 2109 fe-

692 2128 753 2162 cit3
770 2126 824 2155 sed
845 2126 910 2156 Ciri
924 2125 1084 2162 infestam,
1107 2131 1255 2164 tanquam

693 2172 730 2202 ad
748 2182 874 2213 poeuam
890 2181 906 2201 a
920 2170 986 2201 filia
1001 2170 1197 2212 exigendam.
