1414 2435
589 67 708 99 CIRIS.

1185 69 1244 97 381

52 126 122 171 Ut,
142 137 259 175 quum
278 137 372 162 caesa
390 124 454 173 pio
472 122 666 161 cecidisset
682 123 835 161 victima
855 125 974 172 ferro,

51 187 200 232 Essent,
219 184 284 234 qui
299 196 480 234 generum
500 183 632 220 Minoa
652 183 870 221 auctoribus
890 184 984 221 extis

53 248 73 282 J
77 258 216 295 ungere
224 273 234 290 ,
251 252 288 280 ct
305 244 486 294 ancipites
504 244 704 281 suaderent
724 245 853 281 tollere
873 258 1027 294 pugnas.

106 306 156 340 At
172 304 302 340 nutrix
322 305 450 352 patula
469 316 685 354 conponcns
705 304 849 340 sulfura
868 312 981 350 testa,

54 363 288 408 Narcissum,
310 364 541 411 casiamque,
559 363 697 400 herbas
715 364 882 400 incendit
902 363 1054 409 olentis;
1201 373 1247 405 37⁰

54 425 203 471 Terque
220 434 368 458 novena
387 422 476 470 ligat
496 422 636 471 triplici
653 423 802 458 diversa
821 423 948 459 colore

54 482 149 527 Fila3
172 498 187 514 «
207 481 337 517 Terin
357 481 542 530 gremium
560 494 726 526 mecum,
747 481 888 530 inquit,
910 480 1052 530 despue
1068 479 1197 530 virgo,

53 543 205 589 Despue
225 548 301 586 ter,
322 540 430 590 virgo
452 555 459 576 :
480 553 638 577 numero
660 541 751 578 deus
771 541 903 590 inpare
923 541 1071 591 gaudet.
1094 556 1109 572 »

11 612 17 619 ’
54 599 146 637 Inde
165 604 186 638 J
189 601 251 637 ovi
269 600 432 650 geminat
449 613 584 650 magno
604 601 785 651 Stygialia
803 614 927 648 sacra,

57 662 172 697 Sacra
188 673 257 696 nec
275 660 386 696 Idaeis
403 659 574 705 senibus,
591 673 661 696 nec
677 661 827 710 cognita
845 660 988 708 Graii53
1205 669 1250 692 3·⁵

55 720 199 768 Pergit,
217 720 407 768 Amyclaeo
427 732 605 768 spargens
625 719 757 756 altaria
777 720 911 766 thallo,

56 778 169 826 Regis
188 778 358 815 Iolciacis
378 779 544 814 animum
561 779 723 827 defigere
740 780 850 816 votis.

56 839 217 883 Verum,
238 836 305 873 ubi
322 837 425 873 nulla
441 846 568 873 movet
586 837 757 874 stabilem
777 838 923 875 fallacia
941 838 1094 884 Nisum,

57 899 137 934 Nec
155 904 315 946 possunt
334 896 525 941 homines,
545 910 614 932 nec
634 905 791 946 possunt
811 898 961 934 flectere
981 898 1059 935 divi
1077 914 1084 934 ι

56 959 175 993 Tanta
193 964 249 992 cst
268 956 306 991 in
326 967 445 1004 parvo
466 955 604 991 fiducia
620 956 724 993 crine
744 957 902 994 cavendi
920 972 929 993 z
1205 966 1252 990 380

56 1019 202 1053 Rursus
223 1015 269 1051 ad
288 1015 481 1063 inceptum
500 1015 640 1050 sociam
658 1028 697 1051 se
716 1015 886 1065 adjungit
905 1017 1082 1063 alumnae,

56 1079 370 1125 Purpureumque
387 1082 496 1123 parat
515 1087 644 1110 rursus
666 1075 822 1110 tondere
842 1075 1037 1124 capillum,

58 1137 152 1171 Cum
174 1134 285 1182 longo
305 1132 409 1182 quod
424 1133 502 1181 jam
521 1141 646 1182 captat
666 1147 888 1170 succurrere
907 1136 1027 1172 amori
1046 1149 1057 1170 ε,

60 1197 146 1231 Non
165 1193 288 1229 minus
308 1192 372 1227 illa
392 1201 515 1228 tamen
532 1192 682 1238 revehi,
702 1192 806 1241 quod
826 1194 962 1229 moenia
982 1205 1166 1242 crescant,

61 1252 234 1290 Gaudeat
254 1267 262 1287 :
283 1259 320 1287 et
339 1251 456 1287 cineri
474 1251 597 1300 patria
616 1259 671 1287 est
684 1251 853 1300 jucunda
868 1252 1028 1301 sepulto.
1204 1262 1251 1286 335

112 1313 212 1360 Ergo
232 1319 336 1348 metu
352 1310 467 1359 capiti
485 1311 609 1359 Scylla
629 1319 685 1348 est
701 1310 852 1347 inimica
872 1320 1040 1360 paterno

61 1485 168 1513 Burm.
181 1488 269 1519 nota,
283 1482 415 1513 Anthol.
432 1485 497 1513 Lat.
509 1485 535 1520 Ι,
552 1494 629 1523 299.

110 1529 174 1568 369
195 1539 262 1568 sqq.
282 1530 402 1565 Locus,
419 1530 473 1568 qui
489 1531 630 1569 sequitur

61 1574 100 1604 dc
114 1575 242 1615 magicis
254 1575 364 1610 sacris,
382 1574 421 1603 ab
443 1585 506 1604 anu
522 1576 628 1612 sactis,

62 1621 198 1660 antiquis
235 1621 394 1660 acceptior
421 1627 452 1649 et
479 1623 627 1658 suavior,

61 1676 156 1705 quam
186 1665 278 1694 nobis
309 1676 374 1694 esse
411 1666 541 1703 debuit;
569 1678 628 1696 nec

61 1711 140 1740 male
156 1718 260 1740 tamen
273 1720 290 1739 a
303 1717 395 1750 poeta
409 1718 455 1740 est
468 1719 628 1749 tractatus,

62 1757 120 1786 etsi
135 1756 272 1786 aliorum
287 1763 451 1795 poetarum
467 1758 629 1796 exemplo,

62 1813 121 1832 nec
137 1802 218 1832 forte
241 1803 315 1830 satis
338 1802 573 1832 accommodate
592 1803 631 1832 ad

60 1848 93 1878 h.
110 1848 144 1882 l.,
168 1858 268 1888 quum
292 1857 326 1876 ea
350 1858 416 1877 non
435 1848 474 1877 ad
493 1858 630 1878 amorem

62 1893 280 1923 instillandum
290 1915 298 1930 ,
315 1893 370 1922 sed
385 1893 423 1922 ad
439 1895 507 1924 Nisi
522 1904 632 1934 pareu-

64 1940 103 1969 tis
127 1940 268 1969 animum
292 1938 500 1976 flectendum,
525 1946 571 1976 et,
596 1946 633 1969 ut

64 1984 137 2015 filiae
162 1995 235 2015 cum
258 1985 347 2015 hoste
372 1987 481 2015 Minoe
505 1986 632 2024 nuptias

65 2030 214 2070 probaret
227 2053 236 2068 ‚
269 2031 496 2072 impellendum
530 2031 632 2061 valere

66 2075 210 2105 debeant.

115 2122 191 2160 376.
208 2122 390 2161 Amyclaeus
405 2121 539 2158 thallus,
558 2122 631 2152 Θαλ-

66 2165 131 2203 λὶς,
158 2177 279 2204 ramus,
308 2175 420 2198 termes
449 2169 542 2199 olivae
568 2178 633 2198 esse

684 1483 786 1512 videri
817 1490 935 1523 potest,
967 1494 1031 1524 quo
1060 1494 1144 1514 aram
1174 1494 1252 1524 aqua

685 1529 840 1569 adspergit
859 1539 866 1558 :
884 1540 956 1559 nam
972 1532 1041 1560 AEn.
1060 1532 1124 1566 VI,
1141 1531 1205 1559 230
1219 1531 1253 1558 iu

685 1575 872 1604 lustratione
889 1585 896 1605 :
923 1576 1085 1616 δραι-38ης
1100 1586 1170 1605 rore
1194 1575 1255 1605 levi

683 1628 715 1650 ec
732 1631 823 1650 ramo
829 1620 940 1661 felicis
955 1621 1056 1651 olivae.
1074 1623 1182 1661 Itaque
1199 1621 1254 1650 oli-

682 1677 794 1695 varum
821 1674 1012 1706 proventum
1040 1668 1073 1696 in
1100 1668 1252 1697 Laconica

683 1711 777 1741 fuisse
794 1723 834 1741 ex
854 1713 885 1742 h.
910 1713 932 1742 1.
955 1719 1059 1752 patet3
1076 1712 1162 1751 quod
1182 1715 1253 1741 Sca-

682 1757 760 1797 liger
776 1758 890 1797 partim
907 1768 947 1785 ex
962 1757 1069 1786 studio
1084 1757 1252 1796 palaestrae,

683 1803 797 1843 partim
822 1813 862 1831 ex
885 1803 1002 1838 Statio,
1023 1803 1079 1842 qui
1095 1804 1253 1831 Eurotam.

684 1847 858 1888 olivg'fiertun
897 1848 1066 1888 appellavit
1081 1870 1090 1885 ,
1134 1847 1253 1878 firmari

684 1904 776 1934 posse
792 1893 935 1933 putabat.

733 1940 925 1969 383—385.
943 1940 1102 1969 Sententia
1115 1949 1180 1969 esse
1199 1939 1252 1969 de-

684 1985 738 2014 bet
761 1995 769 2016 :
793 1987 908 2025 partim
935 1992 971 2014 ut
996 1985 1130 2014 alumuae
1154 1987 1254 2016 amori

686 2038 866 2067 succurrat,
891 2032 1005 2071 partim
1031 2030 1118 2070 quod
1142 2031 1176 2060 in
1200 2041 1252 2071 pa-

686 2078 776 2106 triam
790 2077 834 2106 sic
848 2087 880 2106 se
896 2076 1083 2113 redituram,
1101 2082 1132 2106 et
1143 2077 1252 2106 saltem

686 2123 845 2151 tumulum
861 2123 895 2151 in
910 2122 979 2152 solo
1002 2123 1105 2163 patrio
1127 2122 1252 2153 habitu-

686 2178 752 2198 ram
773 2179 837 2198 esse
857 2167 952 2198 videt.
