<?xml version="1.0" encoding="UTF-8"?>
<!DOCTYPE html PUBLIC "-//W3C//DTD XHTML 1.0 Transitional//EN"
    "http://www.w3.org/TR/xhtml1/DTD/xhtml1-transitional.dtd">
<html xmlns="http://www.w3.org/1999/xhtml" xml:lang="en" lang="en">
 <head>
  <title>
</title>
<meta http-equiv="Content-Type" content="text/html;charset=utf-8" />
  <meta name='ocr-system' content='tesseract 3.04.00' />
  <meta name='ocr-capabilities' content='ocr_page ocr_carea ocr_par ocr_line ocrx_word'/>
</head>
<body>
  <div class='ocr_page' id='page_1' title='image "./operahey04virguoft_0341.png"; bbox 0 0 1414 2435; ppageno 0'>
   <div class='ocr_carea' id='block_1_1' title="bbox 436 84 1208 114">
    <p class='ocr_par' dir='ltr' id='par_1_1' title="bbox 436 84 1208 114">
     <span class='ocr_line' id='line_1_1' title="bbox 436 84 1208 114; baseline -0.003 0"><span class='ocrx_word' id='word_1_1' title='bbox 436 84 496 114; x_wconf 80' lang='lat' dir='ltr'>AD</span> <span class='ocrx_word' id='word_1_2' title='bbox 521 84 686 114; x_wconf 79' lang='lat' dir='ltr'><strong>LIBRUM</strong></span> <span class='ocrx_word' id='word_1_3' title='bbox 709 84 782 114; x_wconf 82' lang='lat' dir='ltr'><strong>XII.</strong></span> <span class='ocrx_word' id='word_1_4' title='bbox 1148 84 1208 113; x_wconf 75' lang='lat'>331</span> 
     </span>
    </p>
   </div>
   <div class='ocr_carea' id='block_1_2' title="bbox 13 142 1212 1530">
    <p class='ocr_par' dir='ltr' id='par_1_2' title="bbox 13 142 1212 986">
     <span class='ocr_line' id='line_1_2' title="bbox 63 142 1212 186; baseline -0.004 -11"><span class='ocrx_word' id='word_1_5' title='bbox 63 145 166 175; x_wconf 78' lang='lat' dir='ltr'><strong>Aliter</strong></span> <span class='ocrx_word' id='word_1_6' title='bbox 188 144 338 186; x_wconf 76' lang='lat' dir='ltr'><strong>Virgilius</strong></span> <span class='ocrx_word' id='word_1_7' title='bbox 359 149 466 173; x_wconf 87' lang='lat' dir='ltr'>noster</span> <span class='ocrx_word' id='word_1_8' title='bbox 489 154 538 173; x_wconf 88' lang='lat' dir='ltr'>res</span> <span class='ocrx_word' id='word_1_9' title='bbox 557 145 663 173; x_wconf 84' lang='lat' dir='ltr'>AEneae</span> <span class='ocrx_word' id='word_1_10' title='bbox 684 142 857 183; x_wconf 83' lang='lat' dir='ltr'><strong>disposuit,</strong></span> <span class='ocrx_word' id='word_1_11' title='bbox 886 148 1038 183; x_wconf 85' lang='lat' dir='ltr'>sequutus</span> <span class='ocrx_word' id='word_1_12' title='bbox 1062 152 1131 179; x_wconf 89' lang='lat' dir='ltr'>eos,</span> <span class='ocrx_word' id='word_1_13' title='bbox 1155 143 1212 182; x_wconf 86' lang='lat' dir='ltr'>qui</span> 
     </span>
     <span class='ocr_line' id='line_1_3' title="bbox 18 197 1212 238; baseline -0.003 -10"><span class='ocrx_word' id='word_1_14' title='bbox 18 201 145 228; x_wconf 79' lang='lat' dir='ltr'>AEneam</span> <span class='ocrx_word' id='word_1_15' title='bbox 160 200 252 229; x_wconf 87' lang='lat' dir='ltr'>tertio</span> <span class='ocrx_word' id='word_1_16' title='bbox 264 199 367 228; x_wconf 85' lang='lat' dir='ltr'>statim</span> <span class='ocrx_word' id='word_1_17' title='bbox 381 208 464 228; x_wconf 88' lang='lat' dir='ltr'>anno</span> <span class='ocrx_word' id='word_1_18' title='bbox 479 198 575 227; x_wconf 81' lang='lat' dir='ltr'>rebus</span> <span class='ocrx_word' id='word_1_19' title='bbox 587 197 734 226; x_wconf 87' lang='lat' dir='ltr'>humanis</span> <span class='ocrx_word' id='word_1_20' title='bbox 749 204 891 238; x_wconf 87' lang='lat' dir='ltr'>ereptum</span> <span class='ocrx_word' id='word_1_21' title='bbox 905 204 1118 227; x_wconf 86' lang='lat' dir='ltr'>narraverant.</span> <span class='ocrx_word' id='word_1_22' title='bbox 1131 197 1212 228; x_wconf 81' lang='lat' dir='ltr'>Nam</span> 
     </span>
     <span class='ocr_line' id='line_1_4' title="bbox 17 249 1208 291; baseline -0.002 -11"><span class='ocrx_word' id='word_1_23' title='bbox 17 251 73 281; x_wconf 88' lang='lat' dir='ltr'>lib.</span> <span class='ocrx_word' id='word_1_24' title='bbox 99 254 132 289; x_wconf 92' lang='lat'>1,</span> <span class='ocrx_word' id='word_1_25' title='bbox 157 251 337 281; x_wconf 85' lang='lat'><strong>263—-266</strong></span> <span class='ocrx_word' id='word_1_26' title='bbox 356 252 484 291; x_wconf 83' lang='lat' dir='ltr'>Jupiter</span> <span class='ocrx_word' id='word_1_27' title='bbox 500 252 617 281; x_wconf 90' lang='lat' dir='ltr'>Veneri</span> <span class='ocrx_word' id='word_1_28' title='bbox 642 253 748 280; x_wconf 84' lang='lat' dir='ltr'>AEneae</span> <span class='ocrx_word' id='word_1_29' title='bbox 766 251 826 280; x_wconf 83' lang='lat' dir='ltr'>fata</span> <span class='ocrx_word' id='word_1_30' title='bbox 845 262 1008 291; x_wconf 77' lang='lat' dir='ltr'><strong>exponens</strong></span> <span class='ocrx_word' id='word_1_31' title='bbox 1032 260 1039 280; x_wconf 87' lang='lat'>:</span> <span class='ocrx_word' id='word_1_32' title='bbox 1063 249 1208 285; x_wconf 84' lang='lat' dir='ltr'>Bellum,</span> 
     </span>
     <span class='ocr_line' id='line_1_5' title="bbox 18 304 1211 346; baseline -0.002 -13"><span class='ocrx_word' id='word_1_33' title='bbox 18 305 76 341; x_wconf 84' lang='lat' dir='ltr'>ait,</span> <span class='ocrx_word' id='word_1_34' title='bbox 96 304 209 346; x_wconf 79' lang='lat' dir='ltr'>ingens</span> <span class='ocrx_word' id='word_1_35' title='bbox 220 312 312 346; x_wconf 78' lang='lat' dir='ltr'>geret</span> <span class='ocrx_word' id='word_1_36' title='bbox 331 304 446 341; x_wconf 80' lang='lat' dir='ltr'>Italia,</span> <span class='ocrx_word' id='word_1_37' title='bbox 467 304 669 345; x_wconf 77' lang='lat' dir='ltr'>populosque</span> <span class='ocrx_word' id='word_1_38' title='bbox 677 304 806 345; x_wconf 73' lang='lat' dir='ltr'>feroces</span> <span class='ocrx_word' id='word_1_39' title='bbox 831 304 1026 339; x_wconf 69' lang='lat' dir='ltr'>Confundet,</span> <span class='ocrx_word' id='word_1_40' title='bbox 1047 313 1211 343; x_wconf 81' lang='lat' dir='ltr'>moresque</span> 
     </span>
     <span class='ocr_line' id='line_1_6' title="bbox 16 358 1208 400; baseline 0 -13"><span class='ocrx_word' id='word_1_41' title='bbox 16 358 95 388; x_wconf 77' lang='lat' dir='ltr'>viris</span> <span class='ocrx_word' id='word_1_42' title='bbox 113 366 144 388; x_wconf 83' lang='lat' dir='ltr'>ec</span> <span class='ocrx_word' id='word_1_43' title='bbox 162 359 281 388; x_wconf 84' lang='lat' dir='ltr'>moenia</span> <span class='ocrx_word' id='word_1_44' title='bbox 289 367 412 400; x_wconf 81' lang='lat' dir='ltr'>ponet,·</span> <span class='ocrx_word' id='word_1_45' title='bbox 429 361 456 389; x_wconf 93' lang='lat' dir='ltr'><em>T</em></span> <span class='ocrx_word' id='word_1_46' title='bbox 455 359 535 388; x_wconf 80' lang='lat' dir='ltr'>ertia</span> <span class='ocrx_word' id='word_1_47' title='bbox 550 359 623 388; x_wconf 79' lang='lat' dir='ltr'>dum</span> <span class='ocrx_word' id='word_1_48' title='bbox 645 358 738 388; x_wconf 78' lang='lat' dir='ltr'>Latio</span> <span class='ocrx_word' id='word_1_49' title='bbox 753 367 943 400; x_wconf 80' lang='lat' dir='ltr'><em>regnantem</em></span> <span class='ocrx_word' id='word_1_50' title='bbox 958 358 1077 389; x_wconf 68' lang='lat' dir='ltr'>&#39;viderit</span> <span class='ocrx_word' id='word_1_51' title='bbox 1096 365 1208 392; x_wconf 81' lang='lat' dir='ltr'>aesras,</span> 
     </span>
     <span class='ocr_line' id='line_1_7' title="bbox 19 411 1210 452; baseline -0.001 -12"><span class='ocrx_word' id='word_1_52' title='bbox 19 412 186 452; x_wconf 79' lang='lat' dir='ltr'>Ternaque</span> <span class='ocrx_word' id='word_1_53' title='bbox 204 412 390 442; x_wconf 77' lang='lat' dir='ltr'>transierint</span> <span class='ocrx_word' id='word_1_54' title='bbox 403 413 526 442; x_wconf 80' lang='lat' dir='ltr'><em>Rutulis</em></span> <span class='ocrx_word' id='word_1_55' title='bbox 543 412 676 442; x_wconf 77' lang='lat' dir='ltr'>hiberna</span> <span class='ocrx_word' id='word_1_56' title='bbox 693 412 846 448; x_wconf 77' lang='lat' dir='ltr'>subactis,</span> <span class='ocrx_word' id='word_1_57' title='bbox 868 412 955 452; x_wconf 89' lang='lat' dir='ltr'>quod</span> <span class='ocrx_word' id='word_1_58' title='bbox 970 411 1090 441; x_wconf 81' lang='lat' dir='ltr'>scilicet</span> <span class='ocrx_word' id='word_1_59' title='bbox 1106 411 1210 451; x_wconf 91' lang='lat' dir='ltr'>primo</span> 
     </span>
     <span class='ocr_line' id='line_1_8' title="bbox 14 465 1209 508; baseline -0.003 -13"><span class='ocrx_word' id='word_1_60' title='bbox 14 467 119 495; x_wconf 81' lang='lat' dir='ltr'>statim</span> <span class='ocrx_word' id='word_1_61' title='bbox 136 477 220 497; x_wconf 87' lang='lat' dir='ltr'>anno</span> <span class='ocrx_word' id='word_1_62' title='bbox 239 474 306 497; x_wconf 87' lang='lat' dir='ltr'>erat</span> <span class='ocrx_word' id='word_1_63' title='bbox 323 467 451 497; x_wconf 85' lang='lat' dir='ltr'>factum.</span> <span class='ocrx_word' id='word_1_64' title='bbox 470 469 509 497; x_wconf 88' lang='lat' dir='ltr'>Et</span> <span class='ocrx_word' id='word_1_65' title='bbox 525 477 563 496; x_wconf 90' lang='lat' dir='ltr'>eo</span> <span class='ocrx_word' id='word_1_66' title='bbox 578 474 722 508; x_wconf 83' lang='lat' dir='ltr'>spectant</span> <span class='ocrx_word' id='word_1_67' title='bbox 744 467 820 496; x_wconf 79' lang='lat' dir='ltr'>dirae</span> <span class='ocrx_word' id='word_1_68' title='bbox 844 466 980 496; x_wconf 86' lang='lat' dir='ltr'>Didonis</span> <span class='ocrx_word' id='word_1_69' title='bbox 994 466 1050 496; x_wconf 91' lang='lat' dir='ltr'>lib.</span> <span class='ocrx_word' id='word_1_70' title='bbox 1069 467 1126 501; x_wconf 86' lang='lat' dir='ltr'>IV,</span> <span class='ocrx_word' id='word_1_71' title='bbox 1145 465 1209 493; x_wconf 74' lang='lat'>618</span> 
     </span>
     <span class='ocr_line' id='line_1_9' title="bbox 15 520 1212 562; baseline -0.002 -12"><span class='ocrx_word' id='word_1_72' title='bbox 15 537 60 542; x_wconf 91' lang='lat'>—</span> <span class='ocrx_word' id='word_1_73' title='bbox 71 521 154 558; x_wconf 84' lang='lat'><strong>620,</strong></span> <span class='ocrx_word' id='word_1_74' title='bbox 169 532 228 550; x_wconf 84' lang='lat' dir='ltr'>nec</span> <span class='ocrx_word' id='word_1_75' title='bbox 241 532 337 562; x_wconf 84' lang='lat' dir='ltr'>quum</span> <span class='ocrx_word' id='word_1_76' title='bbox 356 532 389 551; x_wconf 78' lang='lat' dir='ltr'>se</span> <span class='ocrx_word' id='word_1_77' title='bbox 404 521 459 550; x_wconf 84' lang='lat' dir='ltr'>sub</span> <span class='ocrx_word' id='word_1_78' title='bbox 475 521 561 562; x_wconf 82' lang='lat' dir='ltr'>leges</span> <span class='ocrx_word' id='word_1_79' title='bbox 578 521 670 561; x_wconf 76' lang='lat' dir='ltr'>pacis</span> <span class='ocrx_word' id='word_1_80' title='bbox 684 520 803 561; x_wconf 67' lang='lat' dir='ltr'>iniquae</span> <span class='ocrx_word' id='word_1_81' title='bbox 821 520 1018 556; x_wconf 71' lang='lat' dir='ltr'>Tradideric‚</span> <span class='ocrx_word' id='word_1_82' title='bbox 1040 530 1137 561; x_wconf 81' lang='lat' dir='ltr'>regno</span> <span class='ocrx_word' id='word_1_83' title='bbox 1156 527 1212 548; x_wconf 82' lang='lat' dir='ltr'>auc</span> 
     </span>
     <span class='ocr_line' id='line_1_10' title="bbox 15 573 1211 617; baseline -0.002 -13"><span class='ocrx_word' id='word_1_84' title='bbox 15 582 125 615; x_wconf 81' lang='lat' dir='ltr'>optata</span> <span class='ocrx_word' id='word_1_85' title='bbox 143 575 212 605; x_wconf 80' lang='lat' dir='ltr'>luce</span> <span class='ocrx_word' id='word_1_86' title='bbox 227 574 380 617; x_wconf 83' lang='lat' dir='ltr'>fruatur;</span> <span class='ocrx_word' id='word_1_87' title='bbox 405 576 470 605; x_wconf 86' lang='lat' dir='ltr'>Sed</span> <span class='ocrx_word' id='word_1_88' title='bbox 491 576 590 604; x_wconf 78' lang='lat' dir='ltr'>cadat</span> <span class='ocrx_word' id='word_1_89' title='bbox 613 583 689 605; x_wconf 79' lang='lat' dir='ltr'>ante</span> <span class='ocrx_word' id='word_1_90' title='bbox 708 575 810 611; x_wconf 82' lang='lat' dir='ltr'>diem,</span> <span class='ocrx_word' id='word_1_91' title='bbox 838 575 1007 615; x_wconf 81' lang='lat' dir='ltr'>mediaque</span> <span class='ocrx_word' id='word_1_92' title='bbox 1030 573 1211 604; x_wconf 78' lang='lat' dir='ltr'>inhumatus</span> 
     </span>
     <span class='ocr_line' id='line_1_11' title="bbox 14 628 1211 660; baseline 0 -2"><span class='ocrx_word' id='word_1_93' title='bbox 14 640 127 660; x_wconf 83' lang='lat' dir='ltr'>arena.</span> <span class='ocrx_word' id='word_1_94' title='bbox 145 632 222 660; x_wconf 86' lang='lat' dir='ltr'>Haec</span> <span class='ocrx_word' id='word_1_95' title='bbox 239 630 278 660; x_wconf 89' lang='lat' dir='ltr'>de</span> <span class='ocrx_word' id='word_1_96' title='bbox 293 631 431 660; x_wconf 86' lang='lat' dir='ltr'>triennio</span> <span class='ocrx_word' id='word_1_97' title='bbox 447 633 554 660; x_wconf 81' lang='lat' dir='ltr'>AEneae</span> <span class='ocrx_word' id='word_1_98' title='bbox 569 631 603 660; x_wconf 90' lang='lat' dir='ltr'>in</span> <span class='ocrx_word' id='word_1_99' title='bbox 617 631 704 659; x_wconf 89' lang='lat' dir='ltr'>Italia</span> <span class='ocrx_word' id='word_1_100' title='bbox 718 637 829 660; x_wconf 86' lang='lat' dir='ltr'>exacto</span> <span class='ocrx_word' id='word_1_101' title='bbox 845 631 982 659; x_wconf 83' lang='lat' dir='ltr'>narratio</span> <span class='ocrx_word' id='word_1_102' title='bbox 995 629 1121 658; x_wconf 77' lang='lat' dir='ltr'>videtur</span> <span class='ocrx_word' id='word_1_103' title='bbox 1135 628 1211 658; x_wconf 89' lang='lat' dir='ltr'>hinc</span> 
     </span>
     <span class='ocr_line' id='line_1_12' title="bbox 14 684 1212 725; baseline -0.001 -12"><span class='ocrx_word' id='word_1_104' title='bbox 14 684 226 725; x_wconf 71' lang='lat' dir='ltr'>vulgatissima</span> <span class='ocrx_word' id='word_1_105' title='bbox 242 685 326 714; x_wconf 86' lang='lat' dir='ltr'>inter</span> <span class='ocrx_word' id='word_1_106' title='bbox 341 691 458 714; x_wconf 90' lang='lat' dir='ltr'>ceteras</span> <span class='ocrx_word' id='word_1_107' title='bbox 473 684 562 714; x_wconf 84' lang='lat' dir='ltr'>facta.</span> <span class='ocrx_word' id='word_1_108' title='bbox 580 685 712 715; x_wconf 85' lang='lat' dir='ltr'>Orosius</span> <span class='ocrx_word' id='word_1_109' title='bbox 731 695 859 725; x_wconf 85' lang='lat' dir='ltr'>quoque</span> <span class='ocrx_word' id='word_1_110' title='bbox 874 686 905 720; x_wconf 90' lang='grc' dir='ltr'>Ι,</span> <span class='ocrx_word' id='word_1_111' title='bbox 924 684 962 721; x_wconf 69' lang='lat'>18</span> <span class='ocrx_word' id='word_1_112' title='bbox 973 706 981 721; x_wconf 92' lang='lat'>‚</span> <span class='ocrx_word' id='word_1_113' title='bbox 996 686 1118 719; x_wconf 82' lang='lat' dir='ltr'>AEneae,</span> <span class='ocrx_word' id='word_1_114' title='bbox 1135 693 1212 723; x_wconf 79' lang='lat' dir='ltr'>qua-</span> 
     </span>
     <span class='ocr_line' id='line_1_13' title="bbox 16 737 1207 778; baseline 0 -11"><span class='ocrx_word' id='word_1_115' title='bbox 16 737 60 767; x_wconf 82' lang='lat' dir='ltr'>lia</span> <span class='ocrx_word' id='word_1_116' title='bbox 78 749 140 778; x_wconf 79' lang='lat' dir='ltr'>per</span> <span class='ocrx_word' id='word_1_117' title='bbox 160 738 330 768; x_wconf 82' lang='lat' dir='ltr'>triennium</span> <span class='ocrx_word' id='word_1_118' title='bbox 352 739 438 768; x_wconf 85' lang='lat' dir='ltr'>bella</span> <span class='ocrx_word' id='word_1_119' title='bbox 464 738 664 774; x_wconf 72' lang='lat' dir='ltr'>excitaverit,</span> <span class='ocrx_word' id='word_1_120' title='bbox 687 746 824 778; x_wconf 83' lang='lat' dir='ltr'>quantos</span> <span class='ocrx_word' id='word_1_121' title='bbox 841 738 979 778; x_wconf 81' lang='lat' dir='ltr'>populos</span> <span class='ocrx_word' id='word_1_122' title='bbox 999 737 1207 777; x_wconf 75' lang='lat' dir='ltr'>implicuerit,</span> 
     </span>
     <span class='ocr_line' id='line_1_14' title="bbox 15 790 1209 835; baseline -0.001 -15"><span class='ocrx_word' id='word_1_123' title='bbox 15 791 88 821; x_wconf 88' lang='lat' dir='ltr'>odio</span> <span class='ocrx_word' id='word_1_124' title='bbox 107 792 296 833; x_wconf 74' lang='lat' dir='ltr'>excidioque</span> <span class='ocrx_word' id='word_1_125' title='bbox 319 791 495 835; x_wconf 52' lang='lat' dir='ltr'>afflixerit,</span> <span class='ocrx_word' id='word_1_126' title='bbox 522 791 590 820; x_wconf 74' lang='lat' dir='ltr'>ludi</span> <span class='ocrx_word' id='word_1_127' title='bbox 607 791 742 820; x_wconf 77' lang='lat' dir='ltr'>literarii</span> <span class='ocrx_word' id='word_1_128' title='bbox 756 790 928 831; x_wconf 79' lang='lat' dir='ltr'>disciplina</span> <span class='ocrx_word' id='word_1_129' title='bbox 952 799 1068 820; x_wconf 61' lang='lat' dir='ltr'>nostre&amp;</span> <span class='ocrx_word' id='word_1_130' title='bbox 1086 801 1209 831; x_wconf 79' lang='lat' dir='ltr'>quoque</span> 
     </span>
     <span class='ocr_line' id='line_1_15' title="bbox 15 845 1208 887; baseline 0 -13"><span class='ocrx_word' id='word_1_131' title='bbox 15 846 175 876; x_wconf 79' lang='lat' dir='ltr'>memoriae</span> <span class='ocrx_word' id='word_1_132' title='bbox 190 846 324 876; x_wconf 80' lang='lat' dir='ltr'>inustum</span> <span class='ocrx_word' id='word_1_133' title='bbox 342 853 402 882; x_wconf 84' lang='lat' dir='ltr'>est,</span> <span class='ocrx_word' id='word_1_134' title='bbox 420 846 477 883; x_wconf 90' lang='lat' dir='ltr'>ait,</span> <span class='ocrx_word' id='word_1_135' title='bbox 492 845 620 887; x_wconf 83' lang='lat' dir='ltr'>Virgilii</span> <span class='ocrx_word' id='word_1_136' title='bbox 632 846 667 875; x_wconf 95' lang='lat' dir='ltr'>in</span> <span class='ocrx_word' id='word_1_137' title='bbox 682 846 797 876; x_wconf 86' lang='lat' dir='ltr'>scholis</span> <span class='ocrx_word' id='word_1_138' title='bbox 809 845 1046 886; x_wconf 74' lang='lat' dir='ltr'>praelectionem</span> <span class='ocrx_word' id='word_1_139' title='bbox 1063 851 1093 874; x_wconf 90' lang='lat' dir='ltr'>et</span> <span class='ocrx_word' id='word_1_140' title='bbox 1112 846 1208 875; x_wconf 88' lang='lat' dir='ltr'>inter-</span> 
     </span>
     <span class='ocr_line' id='line_1_16' title="bbox 13 899 1210 941; baseline -0.002 -10"><span class='ocrx_word' id='word_1_141' title='bbox 13 901 222 941; x_wconf 81' lang='lat' dir='ltr'>pretationem</span> <span class='ocrx_word' id='word_1_142' title='bbox 239 901 407 941; x_wconf 86' lang='lat' dir='ltr'>respiciens</span> <span class='ocrx_word' id='word_1_143' title='bbox 428 901 484 930; x_wconf 70' lang='lat' dir='ltr'>iilo</span> <span class='ocrx_word' id='word_1_144' title='bbox 508 900 611 930; x_wconf 88' lang='lat' dir='ltr'>adhuc</span> <span class='ocrx_word' id='word_1_145' title='bbox 636 910 722 938; x_wconf 84' lang='lat' dir='ltr'>aevo,</span> <span class='ocrx_word' id='word_1_146' title='bbox 746 900 834 940; x_wconf 87' lang='lat' dir='ltr'>quod</span> <span class='ocrx_word' id='word_1_147' title='bbox 856 900 932 930; x_wconf 89' lang='lat' dir='ltr'>hinc</span> <span class='ocrx_word' id='word_1_148' title='bbox 954 899 1120 937; x_wconf 83' lang='lat' dir='ltr'>discimus,</span> <span class='ocrx_word' id='word_1_149' title='bbox 1140 899 1210 930; x_wconf 87' lang='lat' dir='ltr'>fieri</span> 
     </span>
     <span class='ocr_line' id='line_1_17' title="bbox 13 953 145 986; baseline 0.023 -3"><span class='ocrx_word' id='word_1_150' title='bbox 13 953 145 986; x_wconf 85' lang='lat' dir='ltr'>solitam.</span> 
     </span>
    </p>

    <p class='ocr_par' dir='ltr' id='par_1_3' title="bbox 14 1006 1208 1530">
     <span class='ocr_line' id='line_1_18' title="bbox 60 1006 1206 1049; baseline -0.001 -11"><span class='ocrx_word' id='word_1_151' title='bbox 60 1008 157 1049; x_wconf 88' lang='lat' dir='ltr'>Apud</span> <span class='ocrx_word' id='word_1_152' title='bbox 175 1008 368 1049; x_wconf 82' lang='lat' dir='ltr'>antiquiores</span> <span class='ocrx_word' id='word_1_153' title='bbox 392 1015 497 1038; x_wconf 89' lang='lat' dir='ltr'>tamen</span> <span class='ocrx_word' id='word_1_154' title='bbox 522 1009 691 1047; x_wconf 76' lang='lat' dir='ltr'>scriptores</span> <span class='ocrx_word' id='word_1_155' title='bbox 716 1013 747 1036; x_wconf 89' lang='lat' dir='ltr'>et</span> <span class='ocrx_word' id='word_1_156' title='bbox 771 1006 1030 1048; x_wconf 75' lang='lat' dir='ltr'>chronographos</span> <span class='ocrx_word' id='word_1_157' title='bbox 1049 1006 1087 1035; x_wconf 81' lang='lat' dir='ltr'>de</span> <span class='ocrx_word' id='word_1_158' title='bbox 1107 1017 1206 1043; x_wconf 82' lang='lat' dir='ltr'>anno,</span> 
     </span>
     <span class='ocr_line' id='line_1_19' title="bbox 15 1061 1208 1103; baseline -0.001 -12"><span class='ocrx_word' id='word_1_159' title='bbox 15 1072 79 1103; x_wconf 87' lang='lat' dir='ltr'>quo</span> <span class='ocrx_word' id='word_1_160' title='bbox 92 1065 203 1092; x_wconf 84' lang='lat' dir='ltr'>AEneas</span> <span class='ocrx_word' id='word_1_161' title='bbox 219 1062 367 1099; x_wconf 82' lang='lat' dir='ltr'>decessit,</span> <span class='ocrx_word' id='word_1_162' title='bbox 389 1062 511 1092; x_wconf 81' lang='lat' dir='ltr'>diverse</span> <span class='ocrx_word' id='word_1_163' title='bbox 530 1061 702 1092; x_wconf 87' lang='lat' dir='ltr'>admodum</span> <span class='ocrx_word' id='word_1_164' title='bbox 726 1061 876 1091; x_wconf 88' lang='lat' dir='ltr'>traditum</span> <span class='ocrx_word' id='word_1_165' title='bbox 895 1061 966 1092; x_wconf 82' lang='lat' dir='ltr'>fuit.</span> <span class='ocrx_word' id='word_1_166' title='bbox 986 1061 1067 1091; x_wconf 82' lang='lat' dir='ltr'>Nam</span> <span class='ocrx_word' id='word_1_167' title='bbox 1089 1068 1120 1090; x_wconf 87' lang='lat' dir='ltr'>et</span> <span class='ocrx_word' id='word_1_168' title='bbox 1141 1061 1208 1102; x_wconf 83' lang='lat' dir='ltr'>ipse</span> 
     </span>
     <span class='ocr_line' id='line_1_20' title="bbox 14 1104 1207 1157; baseline -0.002 -12"><span class='ocrx_word' id='word_1_169' title='bbox 14 1116 188 1156; x_wconf 85' lang='lat' dir='ltr'>Dionysius</span> <span class='ocrx_word' id='word_1_170' title='bbox 211 1122 273 1145; x_wconf 84' lang='lat' dir='ltr'>tres</span> <span class='ocrx_word' id='word_1_171' title='bbox 294 1126 368 1146; x_wconf 85' lang='lat' dir='ltr'>eum</span> <span class='ocrx_word' id='word_1_172' title='bbox 391 1126 491 1145; x_wconf 87' lang='lat' dir='ltr'>annos</span> <span class='ocrx_word' id='word_1_173' title='bbox 516 1125 588 1145; x_wconf 89' lang='lat' dir='ltr'>cum</span> <span class='ocrx_word' id='word_1_174' title='bbox 612 1116 723 1145; x_wconf 86' lang='lat' dir='ltr'>Latino</span> <span class='ocrx_word' id='word_1_175' title='bbox 756 1104 916 1157; x_wconf 81' lang='lat' dir='ltr'>regnasse,</span> <span class='ocrx_word' id='word_1_176' title='bbox 941 1121 1055 1155; x_wconf 84' lang='lat' dir='ltr'>quarto</span> <span class='ocrx_word' id='word_1_177' title='bbox 1080 1114 1118 1144; x_wconf 87' lang='lat' dir='ltr'>ab</span> <span class='ocrx_word' id='word_1_178' title='bbox 1141 1115 1207 1152; x_wconf 88' lang='lat' dir='ltr'>ejus</span> 
     </span>
     <span class='ocr_line' id='line_1_21' title="bbox 14 1168 1207 1210; baseline -0.002 -12"><span class='ocrx_word' id='word_1_179' title='bbox 14 1174 115 1198; x_wconf 89' lang='lat' dir='ltr'>morte</span> <span class='ocrx_word' id='word_1_180' title='bbox 133 1178 216 1198; x_wconf 90' lang='lat' dir='ltr'>anno</span> <span class='ocrx_word' id='word_1_181' title='bbox 238 1169 272 1198; x_wconf 90' lang='lat' dir='ltr'>in</span> <span class='ocrx_word' id='word_1_182' title='bbox 287 1179 395 1210; x_wconf 87' lang='lat' dir='ltr'>pugna</span> <span class='ocrx_word' id='word_1_183' title='bbox 410 1179 481 1198; x_wconf 89' lang='lat' dir='ltr'>cum</span> <span class='ocrx_word' id='word_1_184' title='bbox 497 1168 657 1198; x_wconf 85' lang='lat' dir='ltr'>Mezentio</span> <span class='ocrx_word' id='word_1_185' title='bbox 673 1179 740 1198; x_wconf 90' lang='lat' dir='ltr'>non</span> <span class='ocrx_word' id='word_1_186' title='bbox 759 1168 892 1208; x_wconf 84' lang='lat' dir='ltr'>amplius</span> <span class='ocrx_word' id='word_1_187' title='bbox 909 1168 1087 1208; x_wconf 87' lang='lat' dir='ltr'>apparuisse</span> <span class='ocrx_word' id='word_1_188' title='bbox 1102 1173 1207 1196; x_wconf 89' lang='lat' dir='ltr'>narrat</span> 
     </span>
     <span class='ocr_line' id='line_1_22' title="bbox 14 1220 1204 1263; baseline -0.001 -12"><span class='ocrx_word' id='word_1_189' title='bbox 14 1221 70 1252; x_wconf 90' lang='lat' dir='ltr'>lib.</span> <span class='ocrx_word' id='word_1_190' title='bbox 94 1224 124 1259; x_wconf 90' lang='grc' dir='ltr'>Ι,</span> <span class='ocrx_word' id='word_1_191' title='bbox 149 1223 204 1258; x_wconf 78' lang='grc'>64.</span> <span class='ocrx_word' id='word_1_192' title='bbox 226 1222 325 1262; x_wconf 90' lang='lat' dir='ltr'>Apud</span> <span class='ocrx_word' id='word_1_193' title='bbox 347 1223 530 1263; x_wconf 79' lang='lat' dir='ltr'>Syncellum</span> <span class='ocrx_word' id='word_1_194' title='bbox 549 1233 675 1262; x_wconf 87' lang='lat' dir='ltr'>quoque</span> <span class='ocrx_word' id='word_1_195' title='bbox 693 1233 726 1262; x_wconf 90' lang='lat' dir='ltr'>p.</span> <span class='ocrx_word' id='word_1_196' title='bbox 755 1233 814 1260; x_wconf 87' lang='lat'>171</span> <span class='ocrx_word' id='word_1_197' title='bbox 839 1222 873 1252; x_wconf 93' lang='lat' dir='ltr'>C.</span> <span class='ocrx_word' id='word_1_198' title='bbox 899 1224 940 1251; x_wconf 92' lang='lat' dir='ltr'>D.</span> <span class='ocrx_word' id='word_1_199' title='bbox 959 1220 1065 1261; x_wconf 89' lang='lat' dir='ltr'>(unde</span> <span class='ocrx_word' id='word_1_200' title='bbox 1088 1221 1204 1251; x_wconf 87' lang='lat' dir='ltr'>Euseb.</span> 
     </span>
     <span class='ocr_line' id='line_1_23' title="bbox 14 1275 1204 1317; baseline -0.001 -11"><span class='ocrx_word' id='word_1_201' title='bbox 14 1277 145 1306; x_wconf 84' lang='lat' dir='ltr'>Hieron.</span> <span class='ocrx_word' id='word_1_202' title='bbox 159 1275 243 1306; x_wconf 87' lang='lat' dir='ltr'>idem</span> <span class='ocrx_word' id='word_1_203' title='bbox 255 1275 350 1305; x_wconf 88' lang='lat' dir='ltr'>habet</span> <span class='ocrx_word' id='word_1_204' title='bbox 361 1276 374 1317; x_wconf 90' lang='lat'><em>)</em></span> <span class='ocrx_word' id='word_1_205' title='bbox 387 1282 450 1305; x_wconf 88' lang='lat' dir='ltr'>tres</span> <span class='ocrx_word' id='word_1_206' title='bbox 461 1283 533 1316; x_wconf 87' lang='lat' dir='ltr'>post</span> <span class='ocrx_word' id='word_1_207' title='bbox 547 1277 694 1306; x_wconf 89' lang='lat' dir='ltr'>Latinum</span> <span class='ocrx_word' id='word_1_208' title='bbox 707 1287 821 1313; x_wconf 87' lang='lat' dir='ltr'>annos,</span> <span class='ocrx_word' id='word_1_209' title='bbox 837 1275 1008 1305; x_wconf 89' lang='lat' dir='ltr'>secundum</span> <span class='ocrx_word' id='word_1_210' title='bbox 1024 1275 1100 1304; x_wconf 86' lang='lat' dir='ltr'>alios</span> <span class='ocrx_word' id='word_1_211' title='bbox 1113 1282 1187 1305; x_wconf 88' lang='lat' dir='ltr'>octo</span> <span class='ocrx_word' id='word_1_212' title='bbox 1197 1299 1204 1312; x_wconf 91' lang='lat'>,</span> 
     </span>
     <span class='ocr_line' id='line_1_24' title="bbox 15 1328 1205 1371; baseline -0.003 -11"><span class='ocrx_word' id='word_1_213' title='bbox 15 1340 175 1371; x_wconf 80' lang='lat' dir='ltr'>regnasse,</span> <span class='ocrx_word' id='word_1_214' title='bbox 198 1337 266 1359; x_wconf 88' lang='lat' dir='ltr'>tum</span> <span class='ocrx_word' id='word_1_215' title='bbox 277 1353 285 1367; x_wconf 92' lang='lat'>,</span> <span class='ocrx_word' id='word_1_216' title='bbox 304 1337 341 1359; x_wconf 91' lang='lat' dir='ltr'>ut</span> <span class='ocrx_word' id='word_1_217' title='bbox 356 1330 407 1359; x_wconf 80' lang='lat' dir='ltr'>alii</span> <span class='ocrx_word' id='word_1_218' title='bbox 422 1329 569 1366; x_wconf 86' lang='lat' dir='ltr'>tradunt,</span> <span class='ocrx_word' id='word_1_219' title='bbox 584 1336 698 1369; x_wconf 88' lang='lat' dir='ltr'>quarto</span> <span class='ocrx_word' id='word_1_220' title='bbox 708 1352 716 1367; x_wconf 86' lang='lat'><strong>,</strong></span> <span class='ocrx_word' id='word_1_221' title='bbox 732 1336 769 1358; x_wconf 91' lang='lat' dir='ltr'>ut</span> <span class='ocrx_word' id='word_1_222' title='bbox 791 1330 859 1366; x_wconf 89' lang='lat' dir='ltr'>alii,</span> <span class='ocrx_word' id='word_1_223' title='bbox 875 1328 1064 1358; x_wconf 83' lang='lat' dir='ltr'>duodecimo</span> <span class='ocrx_word' id='word_1_224' title='bbox 1079 1339 1094 1357; x_wconf 94' lang='lat' dir='ltr'>a</span> <span class='ocrx_word' id='word_1_225' title='bbox 1111 1329 1205 1367; x_wconf 81' lang='lat' dir='ltr'>Troja</span> 
     </span>
     <span class='ocr_line' id='line_1_25' title="bbox 14 1381 1206 1423; baseline -0.001 -12"><span class='ocrx_word' id='word_1_226' title='bbox 14 1389 103 1422; x_wconf 89' lang='lat' dir='ltr'>capta</span> <span class='ocrx_word' id='word_1_227' title='bbox 116 1393 200 1412; x_wconf 86' lang='lat' dir='ltr'>anno</span> <span class='ocrx_word' id='word_1_228' title='bbox 217 1382 330 1412; x_wconf 86' lang='lat' dir='ltr'>obiisse</span> <span class='ocrx_word' id='word_1_229' title='bbox 344 1383 470 1413; x_wconf 88' lang='lat' dir='ltr'>dicitur.</span> <span class='ocrx_word' id='word_1_230' title='bbox 486 1382 562 1412; x_wconf 85' lang='lat' dir='ltr'>Alio</span> <span class='ocrx_word' id='word_1_231' title='bbox 574 1381 647 1412; x_wconf 89' lang='lat' dir='ltr'>loco</span> <span class='ocrx_word' id='word_1_232' title='bbox 662 1394 693 1422; x_wconf 89' lang='lat' dir='ltr'>p.</span> <span class='ocrx_word' id='word_1_233' title='bbox 713 1388 775 1422; x_wconf 78' lang='lat'>194</span> <span class='ocrx_word' id='word_1_234' title='bbox 791 1382 1002 1423; x_wconf 82' lang='lat' dir='ltr'>fragmentum</span> <span class='ocrx_word' id='word_1_235' title='bbox 1017 1392 1058 1411; x_wconf 80' lang='lat' dir='ltr'>ex</span> <span class='ocrx_word' id='word_1_236' title='bbox 1070 1381 1206 1411; x_wconf 89' lang='lat' dir='ltr'>Diodori</span> 
     </span>
     <span class='ocr_line' id='line_1_26' title="bbox 14 1436 1205 1476; baseline -0.002 -11"><span class='ocrx_word' id='word_1_237' title='bbox 14 1436 70 1466; x_wconf 89' lang='lat' dir='ltr'>lib.</span> <span class='ocrx_word' id='word_1_238' title='bbox 86 1437 150 1466; x_wconf 87' lang='lat' dir='ltr'>VII</span> <span class='ocrx_word' id='word_1_239' title='bbox 166 1437 317 1474; x_wconf 80' lang='lat' dir='ltr'>servavit,</span> <span class='ocrx_word' id='word_1_240' title='bbox 339 1447 404 1476; x_wconf 92' lang='lat' dir='ltr'>quo</span> <span class='ocrx_word' id='word_1_241' title='bbox 419 1442 628 1466; x_wconf 88' lang='lat' dir='ltr'>memoratum</span> <span class='ocrx_word' id='word_1_242' title='bbox 645 1443 726 1472; x_wconf 85' lang='lat' dir='ltr'>erat,</span> <span class='ocrx_word' id='word_1_243' title='bbox 747 1436 840 1465; x_wconf 87' lang='lat' dir='ltr'>tertio</span> <span class='ocrx_word' id='word_1_244' title='bbox 858 1446 874 1465; x_wconf 85' lang='lat' dir='ltr'>a</span> <span class='ocrx_word' id='word_1_245' title='bbox 894 1442 983 1476; x_wconf 84' lang='lat' dir='ltr'>capta</span> <span class='ocrx_word' id='word_1_246' title='bbox 1004 1436 1097 1474; x_wconf 79' lang='lat' dir='ltr'>Troja</span> <span class='ocrx_word' id='word_1_247' title='bbox 1121 1446 1205 1466; x_wconf 85' lang='lat' dir='ltr'>anno</span> 
     </span>
     <span class='ocr_line' id='line_1_27' title="bbox 15 1489 952 1530; baseline 0.001 -11"><span class='ocrx_word' id='word_1_248' title='bbox 15 1490 144 1520; x_wconf 83' lang='lat' dir='ltr'>AEneam</span> <span class='ocrx_word' id='word_1_249' title='bbox 160 1499 292 1530; x_wconf 84' lang='lat' dir='ltr'>regnum</span> <span class='ocrx_word' id='word_1_250' title='bbox 307 1491 490 1519; x_wconf 86' lang='lat' dir='ltr'>Latinorum</span> <span class='ocrx_word' id='word_1_251' title='bbox 507 1489 681 1519; x_wconf 84' lang='lat' dir='ltr'>obtinuisse</span> <span class='ocrx_word' id='word_1_252' title='bbox 694 1499 750 1529; x_wconf 90' lang='lat' dir='ltr'>per</span> <span class='ocrx_word' id='word_1_253' title='bbox 768 1490 952 1520; x_wconf 86' lang='lat' dir='ltr'>triennium.</span> 
     </span>
    </p>
   </div>
   <div class='ocr_carea' id='block_1_3' title="bbox 259 1544 962 1595">
    <p class='ocr_par' dir='ltr' id='par_1_4' title="bbox 259 1544 962 1595">
     <span class='ocr_line' id='line_1_28' title="bbox 259 1544 962 1595; baseline -0.003 -7"><span class='ocrx_word' id='word_1_254' title='bbox 259 1568 285 1588; x_wconf 82' lang='lat' dir='ltr'>a.</span> <span class='ocrx_word' id='word_1_255' title='bbox 303 1558 337 1588; x_wconf 93' lang='lat' dir='ltr'>C.</span> <span class='ocrx_word' id='word_1_256' title='bbox 352 1559 392 1588; x_wconf 92' lang='lat' dir='ltr'>N.</span> <span class='ocrx_word' id='word_1_257' title='bbox 412 1559 509 1595; x_wconf 78' lang='lat'>1173.</span> <span class='ocrx_word' id='word_1_258' title='bbox 527 1544 554 1588; x_wconf 69' lang='lat' dir='ltr'>zi.</span> <span class='ocrx_word' id='word_1_259' title='bbox 571 1557 725 1587; x_wconf 82' lang='lat' dir='ltr'>adventus</span> <span class='ocrx_word' id='word_1_260' title='bbox 740 1558 774 1587; x_wconf 91' lang='lat' dir='ltr'>iu</span> <span class='ocrx_word' id='word_1_261' title='bbox 788 1557 911 1586; x_wconf 84' lang='lat' dir='ltr'>Italiam</span> <span class='ocrx_word' id='word_1_262' title='bbox 931 1558 962 1587; x_wconf 92' lang='lat'>6.</span> 
     </span>
    </p>
   </div>
   <div class='ocr_carea' id='block_1_4' title="bbox 13 1624 1203 1875">
    <p class='ocr_par' dir='ltr' id='par_1_5' title="bbox 13 1624 1203 1875">
     <span class='ocr_line' id='line_1_29' title="bbox 13 1624 1203 1666; baseline 0 -12"><span class='ocrx_word' id='word_1_263' title='bbox 13 1624 125 1655; x_wconf 77' lang='lat' dir='ltr'>Ratun</span> <span class='ocrx_word' id='word_1_264' title='bbox 146 1624 318 1662; x_wconf 81' lang='lat' dir='ltr'>rebellant3</span> <span class='ocrx_word' id='word_1_265' title='bbox 335 1625 440 1666; x_wconf 85' lang='lat' dir='ltr'>jungit</span> <span class='ocrx_word' id='word_1_266' title='bbox 463 1634 546 1654; x_wconf 87' lang='lat' dir='ltr'>arma</span> <span class='ocrx_word' id='word_1_267' title='bbox 565 1625 759 1661; x_wconf 78' lang='lat' dir='ltr'>Mezentius,</span> <span class='ocrx_word' id='word_1_268' title='bbox 785 1625 994 1654; x_wconf 81' lang='lat' dir='ltr'>Etruscorum</span> <span class='ocrx_word' id='word_1_269' title='bbox 1015 1633 1082 1653; x_wconf 75' lang='lat' dir='ltr'>rex·</span> <span class='ocrx_word' id='word_1_270' title='bbox 1110 1624 1203 1654; x_wconf 89' lang='lat' dir='ltr'>Facto</span> 
     </span>
     <span class='ocr_line' id='line_1_30' title="bbox 13 1676 1203 1717; baseline -0.001 -11"><span class='ocrx_word' id='word_1_271' title='bbox 13 1676 123 1717; x_wconf 76' lang='lat' dir='ltr'>praelio</span> <span class='ocrx_word' id='word_1_272' title='bbox 144 1678 257 1706; x_wconf 80' lang='lat' dir='ltr'>AEneas</span> <span class='ocrx_word' id='word_1_273' title='bbox 274 1678 464 1717; x_wconf 83' lang='lat' dir='ltr'>interceptus</span> <span class='ocrx_word' id='word_1_274' title='bbox 479 1687 636 1717; x_wconf 88' lang='lat' dir='ltr'>nusquam</span> <span class='ocrx_word' id='word_1_275' title='bbox 660 1677 775 1707; x_wconf 88' lang='lat' dir='ltr'>deinde</span> <span class='ocrx_word' id='word_1_276' title='bbox 794 1677 982 1716; x_wconf 86' lang='lat' dir='ltr'>comparuit.</span> <span class='ocrx_word' id='word_1_277' title='bbox 1005 1676 1152 1706; x_wconf 78' lang='lat' dir='ltr'>Succedit</span> <span class='ocrx_word' id='word_1_278' title='bbox 1169 1678 1203 1705; x_wconf 84' lang='lat' dir='ltr'>in</span> 
     </span>
     <span class='ocr_line' id='line_1_31' title="bbox 14 1727 1203 1771; baseline -0.002 -13"><span class='ocrx_word' id='word_1_279' title='bbox 14 1740 110 1771; x_wconf 78' lang='lat' dir='ltr'>regno</span> <span class='ocrx_word' id='word_1_280' title='bbox 126 1729 310 1759; x_wconf 85' lang='lat' dir='ltr'>Latinorum</span> <span class='ocrx_word' id='word_1_281' title='bbox 327 1731 482 1759; x_wconf 78' lang='lat' dir='ltr'>Ascanius</span> <span class='ocrx_word' id='word_1_282' title='bbox 497 1739 504 1759; x_wconf 89' lang='lat'>:</span> <span class='ocrx_word' id='word_1_283' title='bbox 522 1729 684 1759; x_wconf 82' lang='lat' dir='ltr'>obsidetur</span> <span class='ocrx_word' id='word_1_284' title='bbox 697 1730 862 1759; x_wconf 84' lang='lat' dir='ltr'>Lavinium</span> <span class='ocrx_word' id='word_1_285' title='bbox 879 1738 887 1757; x_wconf 69' lang='grc' dir='ltr'><em>τ</em></span> <span class='ocrx_word' id='word_1_286' title='bbox 906 1738 982 1758; x_wconf 85' lang='lat' dir='ltr'>mox</span> <span class='ocrx_word' id='word_1_287' title='bbox 998 1738 1102 1769; x_wconf 80' lang='lat' dir='ltr'>pugna</span> <span class='ocrx_word' id='word_1_288' title='bbox 1125 1727 1203 1757; x_wconf 81' lang='lat' dir='ltr'>facta</span> 
     </span>
     <span class='ocr_line' id='line_1_32' title="bbox 13 1781 1202 1823; baseline -0.003 -9"><span class='ocrx_word' id='word_1_289' title='bbox 13 1785 190 1814; x_wconf 86' lang='lat' dir='ltr'>Mezentius</span> <span class='ocrx_word' id='word_1_290' title='bbox 210 1783 411 1814; x_wconf 86' lang='lat' dir='ltr'>obsidionem</span> <span class='ocrx_word' id='word_1_291' title='bbox 426 1783 531 1813; x_wconf 89' lang='lat' dir='ltr'>solvit.</span> <span class='ocrx_word' id='word_1_292' title='bbox 546 1784 594 1812; x_wconf 92' lang='lat' dir='ltr'>Ita</span> <span class='ocrx_word' id='word_1_293' title='bbox 611 1784 748 1823; x_wconf 72' lang='lat' dir='ltr'>Dionys.</span> <span class='ocrx_word' id='word_1_294' title='bbox 767 1784 799 1819; x_wconf 86' lang='grc' dir='ltr'>Ι,</span> <span class='ocrx_word' id='word_1_295' title='bbox 817 1782 860 1817; x_wconf 76' lang='lat'>64</span> <span class='ocrx_word' id='word_1_296' title='bbox 871 1803 880 1818; x_wconf 92' lang='lat'>‚</span> <span class='ocrx_word' id='word_1_297' title='bbox 899 1781 953 1811; x_wconf 85' lang='lat'>65.</span> <span class='ocrx_word' id='word_1_298' title='bbox 977 1781 1062 1811; x_wconf 89' lang='lat' dir='ltr'>conf.</span> <span class='ocrx_word' id='word_1_299' title='bbox 1085 1782 1151 1811; x_wconf 80' lang='lat' dir='ltr'>Liv.</span> <span class='ocrx_word' id='word_1_300' title='bbox 1167 1782 1183 1810; x_wconf 92' lang='lat'>1</span> <span class='ocrx_word' id='word_1_301' title='bbox 1194 1804 1202 1817; x_wconf 88' lang='lat'><strong><em>‚</em></strong></span> 
     </span>
     <span class='ocr_line' id='line_1_33' title="bbox 17 1838 417 1875; baseline 0 -8"><span class='ocrx_word' id='word_1_302' title='bbox 17 1839 178 1875; x_wconf 80' lang='lat' dir='ltr'>2;Victor</span> <span class='ocrx_word' id='word_1_303' title='bbox 196 1840 235 1869; x_wconf 93' lang='grc' dir='ltr'>Ο.</span> <span class='ocrx_word' id='word_1_304' title='bbox 253 1838 292 1868; x_wconf 90' lang='lat' dir='ltr'>G.</span> <span class='ocrx_word' id='word_1_305' title='bbox 308 1839 348 1868; x_wconf 83' lang='lat' dir='ltr'>R.</span> <span class='ocrx_word' id='word_1_306' title='bbox 367 1843 417 1872; x_wconf 72' lang='lat'>14.</span> 
     </span>
    </p>
   </div>
   <div class='ocr_carea' id='block_1_5' title="bbox 244 1900 970 1938">
    <p class='ocr_par' dir='ltr' id='par_1_6' title="bbox 244 1900 970 1938">
     <span class='ocr_line' id='line_1_34' title="bbox 244 1900 970 1938; baseline -0.003 -6"><span class='ocrx_word' id='word_1_307' title='bbox 244 1913 271 1933; x_wconf 89' lang='lat' dir='ltr'>a.</span> <span class='ocrx_word' id='word_1_308' title='bbox 288 1903 322 1933; x_wconf 87' lang='lat' dir='ltr'>C.</span> <span class='ocrx_word' id='word_1_309' title='bbox 338 1904 378 1933; x_wconf 84' lang='lat' dir='ltr'>N.</span> <span class='ocrx_word' id='word_1_310' title='bbox 397 1902 495 1938; x_wconf 77' lang='lat'>1148.</span> <span class='ocrx_word' id='word_1_311' title='bbox 519 1912 545 1932; x_wconf 86' lang='lat' dir='ltr'>a.</span> <span class='ocrx_word' id='word_1_312' title='bbox 561 1901 712 1932; x_wconf 88' lang='lat' dir='ltr'>adventus</span> <span class='ocrx_word' id='word_1_313' title='bbox 728 1902 761 1931; x_wconf 91' lang='lat' dir='ltr'>in</span> <span class='ocrx_word' id='word_1_314' title='bbox 778 1900 900 1930; x_wconf 84' lang='lat' dir='ltr'>Italiam</span> <span class='ocrx_word' id='word_1_315' title='bbox 918 1901 970 1931; x_wconf 85' lang='lat'>30.</span> 
     </span>
    </p>
   </div>
   <div class='ocr_carea' id='block_1_6' title="bbox 14 1965 1202 2224">
    <p class='ocr_par' dir='ltr' id='par_1_7' title="bbox 14 1965 1202 2224">
     <span class='ocr_line' id='line_1_35' title="bbox 15 1965 1202 2008; baseline -0.001 -10"><span class='ocrx_word' id='word_1_316' title='bbox 15 1969 84 1998; x_wconf 85' lang='lat' dir='ltr'>Hoc</span> <span class='ocrx_word' id='word_1_317' title='bbox 103 1978 186 1998; x_wconf 88' lang='lat' dir='ltr'>anno</span> <span class='ocrx_word' id='word_1_318' title='bbox 202 1979 242 1998; x_wconf 82' lang='lat' dir='ltr'>ex</span> <span class='ocrx_word' id='word_1_319' title='bbox 253 1968 426 2008; x_wconf 82' lang='lat' dir='ltr'>Virgiliana</span> <span class='ocrx_word' id='word_1_320' title='bbox 449 1968 673 2008; x_wconf 83' lang='lat' dir='ltr'>supputatione</span> <span class='ocrx_word' id='word_1_321' title='bbox 689 1966 770 1997; x_wconf 81' lang='lat' dir='ltr'>Alba</span> <span class='ocrx_word' id='word_1_322' title='bbox 784 1969 890 2007; x_wconf 82' lang='lat' dir='ltr'>Longa</span> <span class='ocrx_word' id='word_1_323' title='bbox 909 1965 1057 1996; x_wconf 81' lang='lat' dir='ltr'>conditur</span> <span class='ocrx_word' id='word_1_324' title='bbox 1073 1975 1081 1997; x_wconf 76' lang='grc' dir='ltr'><strong><em>ε</em></strong></span> <span class='ocrx_word' id='word_1_325' title='bbox 1099 1965 1138 1996; x_wconf 90' lang='lat' dir='ltr'>ad</span> <span class='ocrx_word' id='word_1_326' title='bbox 1152 1978 1202 1997; x_wconf 79' lang='lat' dir='ltr'>vc-</span> 
     </span>
     <span class='ocr_line' id='line_1_36' title="bbox 15 2022 1200 2062; baseline 0.001 -12"><span class='ocrx_word' id='word_1_327' title='bbox 15 2022 130 2051; x_wconf 87' lang='lat' dir='ltr'>riorem</span> <span class='ocrx_word' id='word_1_328' title='bbox 146 2029 251 2052; x_wconf 86' lang='lat' dir='ltr'>tamen</span> <span class='ocrx_word' id='word_1_329' title='bbox 264 2023 417 2052; x_wconf 81' lang='lat' dir='ltr'>rationem</span> <span class='ocrx_word' id='word_1_330' title='bbox 432 2022 478 2062; x_wconf 89' lang='lat' dir='ltr'>(si</span> <span class='ocrx_word' id='word_1_331' title='bbox 494 2022 586 2051; x_wconf 83' lang='lat' dir='ltr'>tertio</span> <span class='ocrx_word' id='word_1_332' title='bbox 600 2031 618 2050; x_wconf 84' lang='lat' dir='ltr'>a</span> <span class='ocrx_word' id='word_1_333' title='bbox 635 2022 729 2059; x_wconf 90' lang='lat' dir='ltr'>Troja</span> <span class='ocrx_word' id='word_1_334' title='bbox 743 2022 844 2051; x_wconf 79' lang='lat' dir='ltr'>excisa</span> <span class='ocrx_word' id='word_1_335' title='bbox 857 2031 941 2050; x_wconf 85' lang='lat' dir='ltr'>anno</span> <span class='ocrx_word' id='word_1_336' title='bbox 955 2023 1065 2050; x_wconf 79' lang='lat' dir='ltr'>AEneas</span> <span class='ocrx_word' id='word_1_337' title='bbox 1078 2022 1200 2051; x_wconf 83' lang='lat' dir='ltr'>Latium</span> 
     </span>
     <span class='ocr_line' id='line_1_37' title="bbox 15 2073 1199 2116; baseline 0.001 -12"><span class='ocrx_word' id='word_1_338' title='bbox 15 2074 141 2115; x_wconf 85' lang='lat' dir='ltr'>tenuit)</span> <span class='ocrx_word' id='word_1_339' title='bbox 161 2082 273 2115; x_wconf 90' lang='lat' dir='ltr'>quarto</span> <span class='ocrx_word' id='word_1_340' title='bbox 292 2082 363 2105; x_wconf 87' lang='lat' dir='ltr'>ante</span> <span class='ocrx_word' id='word_1_341' title='bbox 377 2076 464 2106; x_wconf 88' lang='lat' dir='ltr'>hunc</span> <span class='ocrx_word' id='word_1_342' title='bbox 486 2086 569 2105; x_wconf 87' lang='lat' dir='ltr'>anno</span> <span class='ocrx_word' id='word_1_343' title='bbox 584 2085 612 2104; x_wconf 89' lang='lat' dir='ltr'>a.</span> <span class='ocrx_word' id='word_1_344' title='bbox 628 2074 664 2105; x_wconf 91' lang='lat' dir='ltr'>C.</span> <span class='ocrx_word' id='word_1_345' title='bbox 680 2075 720 2105; x_wconf 84' lang='lat' dir='ltr'>N.</span> <span class='ocrx_word' id='word_1_346' title='bbox 748 2085 760 2103; x_wconf 94' lang='lat'>1</span> <span class='ocrx_word' id='word_1_347' title='bbox 771 2075 831 2104; x_wconf 88' lang='lat'>152</span> <span class='ocrx_word' id='word_1_348' title='bbox 849 2073 1008 2115; x_wconf 74' lang='lat' dir='ltr'>trigesimo</span> <span class='ocrx_word' id='word_1_349' title='bbox 1021 2081 1093 2116; x_wconf 87' lang='lat' dir='ltr'>post</span> <span class='ocrx_word' id='word_1_350' title='bbox 1109 2076 1199 2105; x_wconf 72' lang='lat' dir='ltr'>Lavi-</span> 
     </span>
     <span class='ocr_line' id='line_1_38' title="bbox 15 2128 1199 2170; baseline 0 -12"><span class='ocrx_word' id='word_1_351' title='bbox 15 2130 104 2159; x_wconf 87' lang='lat' dir='ltr'>nium</span> <span class='ocrx_word' id='word_1_352' title='bbox 124 2129 304 2167; x_wconf 86' lang='lat' dir='ltr'>conditum,</span> <span class='ocrx_word' id='word_1_353' title='bbox 320 2137 372 2167; x_wconf 91' lang='lat' dir='ltr'>ut,</span> <span class='ocrx_word' id='word_1_354' title='bbox 395 2130 516 2160; x_wconf 87' lang='lat' dir='ltr'>sibene</span> <span class='ocrx_word' id='word_1_355' title='bbox 538 2129 687 2166; x_wconf 87' lang='lat' dir='ltr'>memini,</span> <span class='ocrx_word' id='word_1_356' title='bbox 705 2139 813 2158; x_wconf 87' lang='lat' dir='ltr'>omnes</span> <span class='ocrx_word' id='word_1_357' title='bbox 830 2129 997 2169; x_wconf 88' lang='lat' dir='ltr'>scriptores</span> <span class='ocrx_word' id='word_1_358' title='bbox 1018 2135 1139 2170; x_wconf 88' lang='lat' dir='ltr'>tempus</span> <span class='ocrx_word' id='word_1_359' title='bbox 1161 2128 1199 2158; x_wconf 85' lang='lat' dir='ltr'>fl-</span> 
     </span>
     <span class='ocr_line' id='line_1_39' title="bbox 14 2182 1199 2224; baseline -0.002 -12"><span class='ocrx_word' id='word_1_360' title='bbox 14 2183 116 2213; x_wconf 81' lang='lat' dir='ltr'>niuut.</span> <span class='ocrx_word' id='word_1_361' title='bbox 132 2182 172 2213; x_wconf 84' lang='lat' dir='ltr'>cf.</span> <span class='ocrx_word' id='word_1_362' title='bbox 191 2182 321 2214; x_wconf 88' lang='lat' dir='ltr'>Cerdam</span> <span class='ocrx_word' id='word_1_363' title='bbox 337 2182 377 2214; x_wconf 89' lang='lat' dir='ltr'>ad</span> <span class='ocrx_word' id='word_1_364' title='bbox 390 2185 461 2215; x_wconf 85' lang='lat' dir='ltr'>AEn.</span> <span class='ocrx_word' id='word_1_365' title='bbox 476 2185 510 2222; x_wconf 89' lang='lat'>1,</span> <span class='ocrx_word' id='word_1_366' title='bbox 527 2183 591 2224; x_wconf 86' lang='lat'>269</span> <span class='ocrx_word' id='word_1_367' title='bbox 601 2193 610 2221; x_wconf 90' lang='lat'>;</span> <span class='ocrx_word' id='word_1_368' title='bbox 623 2183 747 2212; x_wconf 78' lang='lat' dir='ltr'>Victor.</span> <span class='ocrx_word' id='word_1_369' title='bbox 762 2184 801 2213; x_wconf 88' lang='lat' dir='ltr'>O.</span> <span class='ocrx_word' id='word_1_370' title='bbox 822 2182 862 2214; x_wconf 89' lang='lat' dir='ltr'>G.</span> <span class='ocrx_word' id='word_1_371' title='bbox 880 2185 918 2214; x_wconf 89' lang='lat' dir='ltr'>R.</span> <span class='ocrx_word' id='word_1_372' title='bbox 940 2192 991 2221; x_wconf 82' lang='lat'>17.</span> <span class='ocrx_word' id='word_1_373' title='bbox 1006 2182 1056 2214; x_wconf 90' lang='lat' dir='ltr'>Sic</span> <span class='ocrx_word' id='word_1_374' title='bbox 1071 2192 1199 2223; x_wconf 85' lang='lat' dir='ltr'>quoqne</span> 
     </span>
    </p>
   </div>
  </div>
 </body>
</html>
