1414 2435
576 73 696 104 LIBER
721 75 780 104 lx.
1234 73 1275 102 55

87 127 318 173 Succedunt,
339 126 556 178 animasque
576 129 616 166 in
634 139 764 179 aperta
784 130 950 179 pericula
969 131 1131 168 mittunt.

87 189 123 223 It
140 188 281 224 clamor
300 187 387 224 totis
407 201 476 237 per
492 191 778 240 propugnacula
797 190 930 236 muri53

85 247 289 284 Intendunt
307 248 402 285 acris
419 261 546 295 arcus,
566 259 788 299 amentaque
808 258 996 299 torquent.

1226 257 1274 282 665

85 306 275 342 Sternitur
292 318 402 343 omne
419 309 542 345 solum
559 309 658 355 telis;
682 318 762 346 tum
781 317 886 346 scuta
904 322 1080 358 cavaeque

83 366 184 402 Dant
202 367 366 403 sonitum
384 367 489 405 flictu
506 369 638 418 galeae;
657 383 783 419 pugna
800 382 933 418 aspera
951 369 1069 418 surgit
1086 383 1095 404 ε

83 424 256 469 Quantus
276 425 324 462 ab
345 439 480 464 occasu
498 428 670 473 veniens,
687 427 916 478 pluvialibus
935 427 1083 472 Haedis,

81 481 268 521 Verberat
287 484 409 521 imber
426 485 602 533 humum3
623 500 736 536 quam
754 487 871 523 multa
890 486 1070 536 grandine
1088 485 1208 522 nimbi

80 543 126 578 In
142 542 239 580 vada
258 545 514 594 praecipitant,
533 559 651 595 quum
669 549 691 583 J
694 546 845 595 uppiter
863 546 1041 583 horridus
1059 546 1195 582 austris
1219 554 1268 586 670

80 602 248 650 Torquet
265 612 446 653 aquosam
463 605 643 652 hiemem,
664 615 700 642 et
720 605 813 641 coelo
830 617 922 641 cava
940 605 1072 641 nubila
1090 604 1242 654 rumpit.

134 661 326 701 Pandarus
345 673 382 701 et
396 665 529 712 Bitias,
550 665 653 702 Idaeo
672 665 857 701 Alcanore
876 664 986 710 creti,

78 791 165 823 dicta
180 794 285 831 :jussa
296 818 305 832 ‚
319 797 501 827 auctoritas,
511 814 557 820 —
566 797 644 833 664.

80 838 166 868 Totis
184 850 248 879 per
260 843 508 884 propagnacula
529 843 642 880 muris,

74 895 131 924 per
145 885 216 915 loca
235 898 400 918 murorum
416 899 432 918 e
445 888 561 929 quibus
574 901 646 930 pro-

74 938 254 972 pugnatur,
289 934 430 974 adeoque
461 936 645 975 simpliciter

73 986 131 1016 per
154 988 273 1009 muros.
297 981 346 1009 De
367 990 444 1009 voce
468 991 498 1010 v.
516 991 586 1021 sup.
605 981 645 1010 ad

80 1032 154 1060 170.
169 1041 216 1046 ——
231 1025 309 1055 665.
331 1026 454 1061 Acres;
471 1026 532 1065 ipsi
553 1037 643 1056 arcus

74 1068 246 1099 intendunt
263 1071 390 1108 acriter,
407 1078 438 1100 et
449 1071 570 1108 jaciunt
584 1072 644 1101 tela

75 1117 207 1144 amentis
231 1116 368 1156 religata.
384 1134 430 1139 -—
451 1117 538 1154 666,
563 1118 640 1155 667.

74 1161 220 1191 Macrob.
239 1163 304 1199 VI,
322 1168 341 1198 4
357 1173 398 1192 ex
412 1164 507 1192 Ennii
525 1164 643 1203 Scipio-

74 1216 114 1236 ne
129 1206 236 1236 laudat
252 1217 260 1238 :
278 1208 420 1248 Sparseis
439 1208 555 1238 haslet's
570 1209 640 1239 lon-

69 1251 139 1292 geis
160 1263 289 1293 campus
310 1254 455 1294 splendet
473 1262 505 1284 ec
525 1254 639 1286 horret.

73 1300 155 1328 Tum
168 1299 220 1328 alii
237 1310 277 1329 ex
290 1300 405 1330 Annal.
419 1301 466 1330 XI
485 1302 561 1330 Tum
577 1301 640 1330 clu-

67 1345 128 1384 pei
151 1352 320 1382 resonant,
351 1353 384 1375 et
401 1345 506 1387 ferrei
531 1346 642 1376 stridet

72 1401 217 1422 acumen.
239 1392 279 1422 cf.
291 1391 349 1422 inf.
366 1403 396 1422 v.
416 1393 478 1430 807
498 1399 530 1422 et
542 1393 579 1423 ll.
595 1403 636 1435 μ,

76 1438 137 1467 160
161 1448 207 1478 sq.
226 1455 273 1461 --
293 1438 369 1476 667.
398 1438 558 1468 Habemus
586 1438 638 1469 hic

69 1485 184 1514 iterum
202 1485 381 1525 exemplum
402 1485 531 1514 rationis
553 1486 636 1514 criti·

67 1540 112 1560 cae
136 1529 281 1560 codicum
294 1537 447 1560 vetustate
459 1537 490 1560 et
505 1532 637 1560 auctori-

68 1583 130 1605 tate
154 1577 297 1616 potioris.
326 1575 467 1619 Adfliceu
494 1578 585 1607 Rom.
605 1584 636 1606 et

68 1622 121 1651 alii
140 1623 220 1652 Pier.
245 1621 368 1664 aesliccu
383 1623 500 1652 Medic.
514 1621 636 1665 afflictu

67 1667 245 1705 Montalb.,
271 1667 359 1708 quod
379 1678 396 1697 a
417 1670 576 1709 Naugerio
601 1670 636 1698 in

68 1713 142 1744 Ald.
185 1719 256 1743 tert.
298 1712 467 1742 admissum
478 1736 486 1750 ,
525 1725 636 1754 perpe-

68 1770 145 1790 ram,
175 1759 276 1789 Fllctu
301 1758 388 1788 haud
415 1758 512 1788 dubie
543 1767 636 1799 poeta

67 1805 195 1843 maluit,
219 1806 336 1845 quippe
355 1804 479 1834 doctius
503 1804 635 1837 dictum.

67 1854 149 1882 Sunt
167 1852 259 1882 etiam
282 1851 375 1881 codd.
389 1874 397 1888 ‚
414 1852 470 1890 qui
487 1851 575 1888 flictu
590 1858 634 1880 te-

68 1905 146 1928 uent
157 1897 243 1938 apud
261 1898 443 1933 Heinsium3
451 1896 557 1938 fluctu
574 1903 634 1926 tres

68 1944 239 1974 Burmann.
275 1954 347 1973 cum
385 1942 481 1972 Goth.
516 1954 564 1983 pr.
604 1950 635 1972 et

70 1995 140 2020 tert.
163 1989 272 2031 galeoe
289 1989 384 2032 flictu
422 1988 542 2028 aliquot
568 1989 634 2019 Pie-

68 2035 168 2074 riani;
183 2034 267 2065 idem
284 2035 364 2066 ordo
377 2036 412 2066 in
427 2034 523 2065 Goth.
538 2045 586 2076 pr.
604 2042 634 2065 et

69 2087 140 2112 tert.

35 2161 37 2163 ¹
113 2126 179 2157 668
207 2138 253 2168 sq.
282 2129 417 2159 Omavit
447 2128 633 2158 Homericos

69 2183 174 2203 versus
188 2173 278 2204 Iliad.
296 2185 337 2217 μ,
358 2174 546 2205 156—161.
558 2175 633 2204 Hec-

698 796 748 827 dis
766 796 977 836 pluvialibus;
998 801 1129 836 propter
1151 794 1266 825 haedos.

698 845 781 873 Bene
802 850 832 872 et
857 843 939 872 clare
961 843 1112 873 Servius:
1129 855 1145 866 «ι
1166 843 1267 881 Supra

697 890 796 919 Tauri
823 899 942 918 cornua
968 894 1015 918 est
1040 888 1167 928 signum
1178 908 1186 923 ,
1214 888 1267 915 cui

697 936 816 976 Auriga
828 945 947 964 nomen
959 940 1014 963 est.
1023 934 1150 963 Retinet
1162 939 1266 961 autem

696 980 799 1010 stellas
815 980 892 1009 duas
904 981 938 1009 in
953 989 1066 1015 manu,
1084 988 1156 1018 quoe
1170 978 1267 1007 Haedi

696 1032 853 1055 vocantur
864 1048 872 1062 ‚
890 1032 984 1064 atque
1002 1034 1127 1064 capram
1137 1034 1264 1063 —qua-

696 1081 767 1100 rum
783 1077 814 1100 et
831 1077 920 1100 ortus
933 1077 964 1099 et
979 1080 1108 1099 occasus
1122 1071 1264 1110 gravissi-

695 1127 761 1146 mas
778 1123 973 1156 tempestates
993 1116 1124 1145 faciunt.
1148 1116 1264 1146 Oriun-

695 1169 748 1191 tur
761 1169 865 1192 autem
879 1172 953 1191 cum
969 1162 1141 1201 Scorpione
1158 1171 1264 1191 mense

693 1208 839 1238 Octobri.
853 1223 869 1233 2»
886 1209 932 1236 Ita
944 1209 1081 1237 Servius.
1097 1207 1263 1247 Compara-

693 1255 732 1283 tis
744 1254 840 1289 locis,
855 1263 926 1293 quoe
948 1253 986 1282 nb
1006 1254 1112 1292 Intpp.
1132 1254 1262 1282 excitari

692 1299 811 1336 solent,
827 1299 866 1328 de
882 1308 995 1328 occasu
1011 1298 1184 1328 Haedorum
1200 1298 1261 1328 sub

692 1345 831 1375 medium
877 1344 1084 1374 Decembrem
1126 1345 1261 1373 maxime

691 1399 785 1431 poeta
798 1392 947 1432 cogitasse
961 1389 1087 1419 videtur
1102 1399 1110 1420 :
1124 1401 1154 1420 v.
1169 1392 1258 1420 Arat.

691 1439 851 1467 Phaenom.
869 1437 934 1475 678
951 1453 998 1459 —
1015 1437 1079 1465 681
1094 1446 1102 1472 ;
1122 1436 1256 1466 Theocr.

689 1483 737 1513 Id.
755 1485 837 1519 VII,
856 1483 916 1519 53,
936 1483 995 1519 543
1014 1480 1123 1524 ἐρίφων
1149 1478 1259 1524 δυομέ-

688 1539 746 1558 νων
767 1529 946 1560 Callimaeb.
966 1528 1073 1568 Epigr.
1096 1538 1156 1567 193
1182 1530 1256 1559 Stat.

689 1575 789 1606 Theb.
815 1577 914 1612 VIII,
936 1580 998 1612 407
1029 1584 1096 1614 sqq.
1113 1591 1159 1597 —-
1178 1574 1256 1611 670.

689 1621 786 1660 Quod
796 1621 870 1651 alias
885 1622 995 1651 austris
1009 1619 1257 1661 insurgentibus,

689 1666 721 1695 id
742 1678 830 1697 nunc
843 1669 918 1698 Jovi
935 1666 1047 1696 tribuit
1063 1675 1071 1695 :
1091 1673 1216 1705 torquet
1231 1667 1256 1695 is

688 1723 844 1752 aquosam
864 1712 997 1742 hiemem
1007 1735 1017 1748 ,
1035 1711 1067 1740 h.
1088 1722 1114 1741 e.
1134 1717 1254 1747 versat,

689 1759 802 1798 agitat,
827 1759 928 1788 nubes
950 1757 1092 1797 pluvias,
1117 1757 1256 1786 tandem-

687 1814 749 1842 que
759 1826 767 1840 ,
790 1811 826 1833 ut
840 1805 901 1833 illis
916 1803 1017 1832 imber
1035 1802 1233 1842 exprimatur
1244 1825 1252 1838 ,

687 1848 760 1878 facit
777 1859 784 1879 :
799 1850 878 1879 coslo
897 1859 976 1878 cava
998 1847 1107 1877 nubila
1129 1848 1252 1888 rumpit.

734 1895 799 1932 672
828 1906 895 1935 sqq.
919 1894 1083 1935 Ingeniose
1108 1901 1153 1924 est
1180 1904 1255 1923 usus

687 1941 758 1971 loco
776 1941 811 1971 Il.
828 1952 867 1983 μ,
892 1950 952 1978 127
979 1950 1046 1979 sqq.
1065 1946 1095 1969 et
1118 1941 1256 1980 respexit

687 1986 752 2017 duo
797 1986 959 2027 Lapitham,
1001 1985 1189 2026 Polypoeten
1224 1992 1255 2015 et

686 2035 858 2063 Leontenm
869 2056 878 2070 ,
894 2043 953 2073 pro
968 2031 1068 2072 portis
1082 2039 1255 2062 castrorum

686 2079 884 2110 Achivorum
917 2084 1043 2108 stantes.
1075 2079 1120 2108 Ut
1146 2077 1254 2107 silves-

687 2132 766 2155 trem
792 2125 880 2155 daret
905 2124 1059 2165 originem
1082 2122 1252 2158 fratribus,

686 2172 719 2201 iu
748 2178 855 2202 monte
881 2170 938 2200 Ida
962 2169 1110 2200 educatos
1138 2168 1250 2205 tradit,
