1414 2435
113 55 178 89 246

623 55 818 86 AENEIDOS

112 117 258 151 Cuncta
276 123 342 151 tuo
365 113 432 163 qui
449 112 569 160 bella,
586 121 715 163 pater,
737 114 809 151 sub
827 113 983 151 numine
1004 123 1177 164 torques;

1270 124 1320 148 180

114 175 338 223 Fonfisque,
360 172 574 222 fluviosque
591 185 705 220 voc0,
727 186 890 223 quaeque
911 173 1062 211 aetheris
1083 175 1148 212 alti

114 233 296 283 Remigio,
318 241 356 269 et
372 245 457 282 quae
477 232 640 270 caeruleo
659 240 748 270 sunt
765 233 922 270 numina
941 244 1059 284 ponto
1078 250 1086 271 :

117 293 282 330 Cesserit
301 291 474 328 Ausonio
494 292 525 328 si
546 292 624 329 fors
643 292 805 329 victoria
822 295 976 340 Turno,

118 352 304 389 Convenit
323 351 492 389 Evandri
511 352 632 388 victos
651 351 846 389 discedere
867 353 915 390 ad
932 352 1092 399 urbem,

117 411 235 448 Cedet
255 411 359 448 Iulus
378 411 497 462 agris;
516 425 586 449 nec
606 421 693 461 post
711 425 817 449 arma
834 413 910 449 ulla
930 412 1089 450 rebelles
1278 421 1325 445 ¹85

117 471 295 509 AEneadae
314 472 499 518 referent,
521 472 673 509 ferrove
692 473 774 510 haec
794 486 911 523 regna
929 474 1123 511 lacessent.

119 533 186 570 Sin
205 540 379 569 nostrum
397 532 574 570 adnuerit
591 532 703 570 nobis
722 534 885 571 victoria
904 536 1089 580 Martem,

119 594 172 629 Ut
192 592 319 641 potius
339 605 445 639 reor,
467 600 504 629 et
524 592 652 643 potius
672 592 712 630 di
731 593 887 630 numine
907 593 1080 639 firment,

118 654 208 689 Non
228 666 298 702 ego
318 666 388 689 nec
407 653 564 690 Teucris
583 640 699 690 It'alos
717 666 854 704 parere
867 653 1033 704 jubeb0‚

119 714 200 749 Nec
220 712 314 748 mihi
332 726 449 763 regna
467 723 576 763 pet0;
597 714 754 764 paribus
774 728 813 752 se
831 714 979 765 legibus
997 714 1119 752 ambae

1281 730 1330 756 190

121 772 279 809 Invictae
299 783 427 822 gentes
447 782 588 810 aeterna
606 775 645 810 in
663 775 807 812 foedera
825 776 987 812 mittant.

123 834 240 869 Sacra
259 832 428 883 deosque
446 832 564 881 dab03
585 846 694 871 socer
712 847 818 872 arma
836 835 993 872 Latinus
1011 835 1172 881 habet03

121 980 200 1016 lior,
226 981 385 1021 propitia,
404 980 548 1020 placata:
573 981 612 1010 ad
631 983 694 1011 He-

120 1027 187 1056 leni
212 1028 372 1057 monitum
389 1027 544 1066 respicere
563 1033 695 1067 putatur

120 1083 192 1113 sup.
222 1073 279 1103 lib.
303 1073 351 1102 111
363 1095 371 1109 ,
396 1073 461 1108 435
477 1083 603 1112 sqq.-
619 1073 692 1103 180.

123 1120 264 1159 Torques
285 1118 347 1148 hoc
374 1118 447 1149 loco
466 1120 566 1160 regis,
587 1118 695 1149 mode-

119 1165 216 1202 raris,
244 1166 394 1205 proprie,
418 1165 538 1202 flectis,
558 1172 595 1195 ut
618 1176 692 1195 cur-

120 1221 204 1241 rum.
225 1228 272 1234 ——
297 1212 371 1242 181.
401 1213 543 1252 Quaeque
566 1211 693 1241 oetheris

118 1256 483 1298 alciRelligio.Va1-iavit
492 1259 670 1288 orationem
683 1269 692 1296 ;

117 1302 149 1333 h.
166 1314 193 1334 e.
213 1303 362 1334 aetherem
378 1305 507 1334 invoco.
527 1306 560 1335 Si
572 1315 693 1335 numen

119 1350 147 1379 ei
164 1356 227 1386 est,
247 1351 274 1379 si
289 1350 433 1391 religiose
448 1351 567 1381 colitur
579 1373 587 1387 ,
599 1353 694 1381 etiam

118 1395 305 1437 religionem
321 1397 445 1427 aetheris
464 1407 530 1427 esse
544 1419 552 1434 ,
567 1407 693 1428 necesse

118 1448 181 1472 est:
193 1442 269 1472 hinc
278 1453 371 1472 suum
381 1455 516 1484 quaeque
523 1449 580 1474 etc.
590 1445 692 1484 petiit.

119 1506 164 1510 —
172 1499 183 1517 1
192 1489 245 1524 84.
253 1489 420 1525 Convenit;
429 1489 605 1533 σύγκειτπις
615 1501 692 1520 con-

120 1541 254 1564 ventum
271 1542 337 1565 esto
353 1536 387 1565 in
405 1536 484 1573 hoc,
501 1544 605 1566 ut.—
618 1537 691 1574 187.

121 1579 177 1608 Sin
194 1587 333 1610 nostrum
350 1581 501 1611 adnuerit
518 1582 607 1611 nobis
622 1582 693 1612 vic-

120 1625 202 1654 toria
232 1627 367 1655 Martem
381 1639 393 1662 ;
417 1639 473 1667 per
501 1627 692 1669 hypallagen

117 1671 240 1702 dictum
252 1694 260 1707 ‚
290 1683 349 1713 pro
361 1695 368 1709 ‚
397 1674 447 1703 sin
474 1681 582 1703 noster
607 1676 693 1704 Mars

118 1717 267 1748 adnuerit
286 1719 380 1749 nobis
397 1720 562 1749 victoriam
574 1743 582 1756 ‚
608 1722 691 1750 acci·

119 1765 167 1805 pit
193 1765 340 1802 Servius,
364 1765 415 1795 alii
443 1773 557 1797 tacent.
582 1768 691 1797 Enim-

119 1820 195 1840 vero
213 1817 261 1840 est
281 1810 409 1842 doctior
424 1813 505 1842 ratio
519 1813 690 1853 loquendi,

119 1867 178 1896 pro
191 1856 250 1886 hac
264 1857 388 1899 vulgari
403 1868 411 1889 :
424 1859 449 1887 si
463 1861 612 1890 annuerit
630 1861 693 1891 vic-

120 1904 198 1932 toria
209 1925 217 1939 ‚
248 1903 377 1941 faverit,
407 1913 523 1936 nostrae
555 1917 691 1947 pugnae;

119 1948 206 1989 quod
222 1948 259 1979 fit
276 1950 380 1981 fausto
396 1951 464 1989 ejus
478 1953 587 1989 exitu3
604 1964 691 1984 nunc

117 2005 217 2034 quum
233 2007 292 2037 pro
305 2007 413 2039 pugna
421 1999 507 2028 Mars
523 2001 691 2030 memorari

117 2040 214 2071 solent
225 2064 233 2078 ‚
262 2054 321 2082 pro
353 2055 469 2085 pugnae
498 2052 616 2075 eventu
640 2057 688 2076 se—

117 2086 223 2116 cundo
249 2097 389 2119 nostrum
414 2092 553 2121 Martem
581 2092 685 2130 dixit,

117 2131 149 2162 h.
181 2135 300 2166 exitum
333 2137 527 2173 secundum,
564 2139 688 2179 qualem

118 2187 175 2213 uos
194 2187 352 2223 optamus.
377 2185 423 2214 Ita
438 2185 522 2217 Mars
538 2195 604 2216 nou
623 2196 688 2217 tuo-

748 982 790 1012 do
810 993 951 1021 pugnam
963 1005 971 1017 ‚
988 981 1043 1012 sed
1063 989 1095 1012 et
1118 981 1280 1011 fortunam
1297 988 1329 1011 et

747 1037 931 1057 successum
955 1038 1093 1068 pugnae,
1111 1029 1148 1058 in
1169 1034 1248 1058 noto
1270 1027 1327 1057 illo

748 1073 879 1103 denotat
899 1083 907 1104 ε
927 1085 1021 1114 cequo
1039 1075 1165 1109 Marce,
1191 1081 1228 1103 ut
1251 1084 1323 1114 sup.

748 1121 829 1157 VII,
847 1120 912 1155 540
932 1127 964 1150 et
982 1120 1023 1150 al.
1038 1119 1177 1149 secundo
1197 1121 1323 1155 Marte,

748 1168 780 1196 X
793 1189 802 1202 ‚
822 1176 876 1196 21.
889 1184 934 1189 —
949 1166 1024 1196 188.
1047 1168 1089 1196 Ut
1098 1165 1206 1207 pocius
1230 1167 1326 1196 etiam

746 1212 845 1243 altero
858 1213 931 1243 loco
946 1224 962 1243 e
978 1212 1097 1244 Medic.
1114 1220 1146 1243 et
1161 1212 1252 1244 Huls.
1270 1212 1326 1242 de-

747 1258 793 1289 dit
804 1259 966 1300 Cuningh.
977 1259 1123 1290 Numina
1132 1263 1227 1291 Rom.
1238 1260 1325 1290 Gud.

747 1313 778 1335 et
797 1308 902 1346 Sprot.
915 1330 924 1343 ,
941 1306 1030 1347 quod
1055 1305 1186 1337 defendi
1210 1312 1326 1347 potest.

748 1352 858 1382 Potius
880 1353 1012 1383 numine
1038 1352 1164 1384 Zulich.
1177 1352 1328 1393 'Propius

748 1398 784 1428 di
807 1400 944 1429 munina
966 1399 1100 1441 firment
1124 1406 1217 1430 vetus
1244 1399 1329 1429 liber

748 1455 797 1486 ap.
819 1447 899 1476 Pier.
911 1469 919 1483 ‚
938 1448 996 1486 qui
1008 1447 1075 1486 ipse
1089 1446 1143 1476 ille
1159 1448 1326 1477 Romanus

748 1502 814 1521 esse
842 1492 982 1522 videtur.
994 1510 1043 1515 ——-
1058 1494 1143 1522 Reor
1163 1492 1196 1522 h.
1213 1492 1234 1522 l.
1265 1502 1325 1532 pro

747 1548 910 1578 spero.—-
923 1539 986 1577 189
1010 1549 1079 1578 sqq.
1104 1540 1181 1568 Haec
1201 1538 1326 1579 egregie

749 1594 789 1613 ex
805 1594 861 1619 eo,
878 1584 967 1624 quod
983 1595 1055 1613 vere
1071 1583 1188 1613 sactum
1202 1594 1269 1614 esse
1285 1594 1326 1614 ex

747 1629 886 1659 historiis
896 1637 1029 1667 constat,
1042 1629 1228 1660 adumbrata
1238 1637 1325 1660 sunt.

746 1693 792 1698 —-
801 1686 810 1705 t
819 1687 873 1715 90.
887 1676 1022 1706 Parilms
1037 1677 1168 1717 legibus.
1181 1677 1251 1707 Hoc
1259 1677 1325 1716 jam

746 1723 973 1763 praemunierat
996 1730 1089 1763 poeta
1115 1723 1324 1754 oraculorum

747 1775 892 1798 veterum
913 1771 1101 1800 auctoritate
1120 1779 1129 1801 :
1150 1780 1221 1811 sup.
1239 1770 1323 1806 vn,

750 1815 815 1844 256
834 1817 878 1845 Ec
892 1815 1011 1846 veteris
1026 1816 1135 1846 Fauni
1150 1815 1255 1846 volvit
1268 1814 1323 1845 sub

741 1869 873 1901 pectore
890 1869 1056 1893 sortem....
1077 1862 1272 1903 paribusque
1287 1860 1321 1891 in

746 1918 851 1949 regna
865 1909 983 1939 vocari
998 1909 1169 1948 Auspiciis,
1180 1924 1226 1931 —
1244 1918 1321 1948 ¹9¹-

747 1954 907 1994 Iusunctoe
917 1957 1043 1996 Hagen.
1058 1955 1190 1984 Miscent
1198 1960 1259 1984 tres
1270 1965 1321 1995 ap.

745 2001 854 2032 Burin.
870 2008 902 2032 et
914 2001 1053 2042 Oblong.
1070 2001 1175 2030 Pierii.
1191 2002 1321 2031 Mutant

744 2047 842 2078 Goth.
858 2057 921 2077 sec.
937 2048 978 2076 Se
991 2046 1129 2082 mittere.
1146 2053 1194 2077 est
1212 2049 1299 2078 coire
1309 2072 1318 2086 ‚

743 2094 983 2123 convenire.—
997 2103 1071 2133 ¹9²·
1103 2095 1203 2123 Sacra
1229 2094 1319 2125 deos-

741 2149 804 2179 que
822 2139 962 2180 intellige
979 2142 1108 2170 Penates
1122 2151 1157 2170 :tc
1177 2142 1318 2172 Vestam.

741 2185 869 2217 [vitinus
889 2185 1018 2217 habebit
1037 2197 1200 2218 summum
1216 2189 1315 2229 impe-
