1414 2435
70 72 111 103 68
568 70 761 102 AENEIDOS

72 132 148 162 dum
169 132 202 161 in
227 131 334 161 navim
356 128 513 170 quandam
541 129 714 171 fugientem
736 129 934 169 insequitur,
950 127 1086 159 vinculis
1102 138 1119 158 a
1135 129 1264 159 Junone

72 187 191 227 ruptis,
210 186 243 215 vi
262 186 452 225 tempestatis
477 183 516 214 ad
541 183 768 214 litora'Ardeae
791 185 936 224 proxima
954 182 1264 228 devehitur—688.

73 240 203 270 Interim
219 238 396 268 Mezentius
407 260 415 275 ,
434 238 524 268 Jovis
547 236 671 266 monitu
689 246 806 276 pugnae
824 235 1015 274 succedens,
1035 246 1187 277 magnum
1203 243 1266 265 tam

75 293 287 330 Trojanorum
300 301 393 330 quam
412 292 620 321 Etruscorum
638 299 808 319 numerum
823 291 1048 331 prosternit—
1059 290 1120 328 761
1140 299 1147 319 :
1165 289 1267 320 donec

75 346 114 375 ab
132 348 229 375 AEnea
243 345 339 374 hastae
356 347 423 375 ictu
437 345 621 375 vulneratus
632 367 640 382 ‚
660 351 691 374 et
708 354 725 373 a
740 346 841 374 Lauso
854 343 921 375 filio
936 352 1100 386 protectus
1111 368 1118 382 ‚
1139 355 1220 386 aegre
1236 355 1268 374 se

75 400 114 431 ad
133 399 339 441 obligandum
355 400 474 429 vulnus
492 410 533 429 ex
549 400 615 428 acie
634 399 800 439 recipit—
813 400 888 439 795.
911 400 962 429 Ibi
983 402 1102 430 Lausus
1121 410 1248 440 quoque
1260 422 1267 435 ‚

77 455 154 484 dum
172 461 293 495 patrem
311 454 423 484 ulcisci
439 460 588 488 conatur,
607 452 646 482 ab
663 454 760 482 AEnea
777 452 1023 483 interficitur—
1038 454 1101 484 832
1119 463 1126 484 :
1143 455 1209 492 ejus
1225 455 1269 483 rei

77 509 192 538 nuntio
208 515 338 548 accepto
349 530 357 545 ,
376 508 555 538 Mezentius
571 516 744 536 conscenso
757 516 857 546 equo,
873 508 907 536 in
919 507 1063 547 praelium
1076 507 1175 537 redit:
1191 506 1248 536 uhi
1260 530 1268 544 ‚

78 561 154 591 dnm
173 560 231 590 fflii
261 568 398 591 mortem
420 560 581 592 vindicare
605 566 712 600 parat,
741 559 849 590 eadem
870 570 933 601 qua
956 559 1042 590 filius
1066 560 1176 591 dextra
1194 570 1271 590 con-

80 614 158 644 cidit
169 632 215 638 —
230 614 270 644 ad
285 613 393 646 finem.

135 894 337 927 Pmnrrtm
352 891 496 928 interea
514 891 648 930 domus
668 891 936 941 omnipotentis
955 889 1130 940 Olympi,

135 1044 162 1063 1.
182 1035 302 1063 Vexata
321 1033 424 1062 statim
438 1033 471 1061 in
485 1034 552 1073 ipsa
568 1033 653 1063 ston-

85 1087 115 1110 te
142 1080 280 1110 occurrit
302 1079 397 1109 lectio
431 1079 655 1119 omnipotentis

89 1125 229 1165 Olympi.
254 1125 421 1154 Librorum
447 1135 482 1153 ea
500 1124 563 1154 fere
587 1136 654 1154 om-

85 1173 176 1202 nium
186 1172 372 1201 auctoritate
383 1194 391 1208 ,
403 1172 495 1200 etiam
509 1172 656 1211 Quincti-

84 1218 161 1248 liani
178 1219 203 1247 Ι.
221 1220 261 1248 Ο.
277 1219 322 1248 lx
333 1240 343 1254 ‚
361 1223 379 1253 4
390 1240 398 1254 ,
416 1223 457 1256 49
474 1217 582 1257 (Leid.
593 1227 657 1246 om-

86 1264 283 1304 nipudentl's,
305 1270 341 1293 ut
363 1264 426 1293 fere
450 1273 588 1303 semper,
604 1262 657 1293 ad-

87 1310 134 1340 dit
160 1308 352 1350 Burmann.)
371 1308 493 1339 firmata
511 1317 578 1340 est:
597 1320 656 1340 nec

87 1364 192 1398 tamen
217 1357 290 1386 satis
313 1356 587 1387 accommodatum
611 1358 657 1386 vi-

87 1403 180 1433 detur
208 1403 349 1444 Olympo
381 1402 443 1433 hoc
474 1403 636 1443 epitheton
648 1425 656 1440 ‚

88 1449 175 1490 quod
204 1450 332 1489 proprie
360 1450 450 1479 Jovis
480 1457 535 1480 est.
558 1451 659 1480 Fuere

87 1497 194 1536 itaque
218 1495 293 1525 olim
305 1517 313 1532 ,
329 1496 384 1535 qui
402 1496 578 1536 Olympum
599 1506 658 1536 pro

88 1543 170 1572 Jove
186 1541 307 1571 dictum
323 1543 515 1581 accipet-enm
535 1541 588 1570 alii
603 1542 660 1581 qui

91 1586 242 1626 Olympia
273 1587 494 1625 emendarent,
518 1587 570 1616 alii
603 1588 660 1627 qui

91 1629 228 1673 Olympt'
254 1643 312 1673 pro
341 1633 485 1674 Olympii
507 1635 660 1674 scriptum

89 1679 225 1715 vellent,
248 1679 313 1709 hoc
334 1681 445 1720 utique
465 1691 531 1710 non
554 1680 634 1709 male
651 1689 658 1709 ε

90 1726 151 1755 nisi
177 1725 255 1755 alter
276 1726 365 1756 locus
388 1733 467 1756 essct
487 1728 571 1764 ΧΠ,
593 1736 655 1766 79¹

91 1782 150 1801 rex
175 1771 401 1812 omnipotentis
422 1773 561 1813 Olympi.
582 1773 660 1803 Inde

92 1818 252 1848 emendari
267 1826 407 1859 coeptum
423 1826 469 1849 est
488 1829 495 1850 :
520 1820 662 1860 omnipa-

92 1864 194 1895 rentis.
210 1866 332 1906 Egnatii
352 1877 385 1895 ra
403 1873 450 1895 cst
464 1866 662 1903 emendati03

92 1911 190 1951 idque
201 1911 239 1941 ab
251 1913 388 1942 Ascanio
398 1919 542 1943 notatum
555 1913 660 1949 video,

93 1958 149 1997 qui
169 1968 236 1987 eam
260 1959 424 1999 amplexus
447 1966 494 1989 est
516 1969 523 1990 z
548 1959 662 2001 legitur

93 2014 222 2044 quoque.
243 2006 285 2034 ita
303 2006 336 2048 iu
353 2005 434 2036 Edd.
451 2007 661 2036 Ascensiauis.

94 2051 234 2080 —Dum
260 2050 328 2080 haec
354 2059 528 2093 geruntur,
556 2052 600 2082 dii
625 2051 663 2082 ad

94 2096 266 2126 concilium
284 2097 465 2129 habendum
486 2109 664 2129 convocan-

97 2148 158 2171 tur.
176 2144 227 2172 Est
246 2145 346 2183 poetis
357 2167 364 2179 ,
377 2145 438 2182 jam
455 2145 528 2175 iude
541 2145 580 2175 ab
599 2147 664 2176 Ho-

95 2197 201 2226 mero,
232 2189 389 2230 Olympus
411 2191 665 2222 accommodatus

707 1034 745 1065 ad
760 1035 892 1064 formam
915 1032 1031 1062 aedium
1052 1031 1162 1072 priscae
1184 1032 1274 1061 vitae:

707 1081 790 1111 conf.
813 1080 852 1109 ad
869 1080 984 1119 Georg.
1001 1079 1069 1114 111,
1091 1077 1153 1106 261
1169 1087 1177 1113 3
1193 1077 1278 1108 ideo-

708 1137 769 1167 que
796 1127 831 1155 in
860 1136 897 1155 eo
926 1130 1000 1154 sunt
1025 1129 1142 1163 portae,
1166 1124 1279 1164 ingens

708 1174 822 1203 atrium
834 1195 842 1209 ,
856 1181 922 1212 quo
937 1171 1062 1210 negotia
1075 1170 1148 1199 vitae
1159 1176 1190 1198 et
1205 1180 1279 1201 con-

708 1225 823 1249 ventus
848 1217 1031 1247 adeuntium
1063 1222 1220 1256 aguntur3
1239 1216 1278 1246 ab

709 1272 843 1305 utraque
857 1270 943 1304 parte
964 1262 1091 1293 thalami
1107 1272 1163 1292 seu
1179 1263 1282 1293 mino-

711 1323 742 1342 ra
755 1311 900 1342 cubicula
915 1309 1045 1351 siugulis
1055 1331 1063 1346 ,
1079 1309 1136 1350 qui
1148 1307 1280 1339 domum

710 1358 908 1395 inhabitant,
936 1363 1043 1397 parata
1069 1361 1154 1386 suut.
1187 1356 1280 1386 Conf.

711 1405 748 1435 de
777 1405 893 1436 Priami
924 1404 1008 1445 regia
1039 1401 1128 1432 Iliad.
1155 1400 1190 1439 ζ,
1214 1407 1279 1438 242

709 1463 796 1492 seqq.
818 1449 938 1481 Eodem
962 1448 1058 1479 modo
1080 1449 1115 1477 in
1139 1449 1280 1488 Olympo

711 1498 750 1527 ab
768 1504 901 1536 utraque
915 1502 1004 1536 parte
1023 1493 1190 1524 duodecim
1213 1504 1279 1523 ma—

710 1545 817 1581 jorum
847 1541 980 1571 deorum
1010 1546 1084 1569 sunt
1113 1539 1280 1576 cubicula,

713 1591 745 1619 in
770 1588 872 1618 media
902 1594 1007 1616 antem
1035 1586 1148 1616 domus
1173 1592 1282 1626 parte,

713 1646 808 1677 quam
836 1633 989 1677 μέγαρον,
1021 1628 1133 1674 δῶμα,
1165 1628 1261 1675 δόμον
1274 1655 1283 1667 ,

715 1682 869 1723 appellare
895 1680 975 1709 solet
1007 1681 1185 1716 Homerus,
1205 1689 1282 1709 con-

714 1736 828 1758 ventus
844 1738 877 1758 ac
894 1736 1057 1756 consessus
1079 1725 1214 1756 deorum
1228 1723 1282 1761 fit,

713 1777 778 1805 sive
803 1774 842 1804 ad
864 1771 1103 1803 deliberandum
1125 1771 1164 1801 de
1178 1770 1284 1802 'rebus

714 1820 956 1856 communibus,
983 1821 1049 1849 sive
1081 1817 1121 1848 ad
1150 1817 1282 1858 epulan—

716 1868 803 1898 dum.
814 1865 951 1897 Eandem
962 1865 1026 1895 fere
1033 1874 1138 1895 rerum
1148 1864 1283 1904 speeiem

716 1914 870 1955 Virgilius
901 1913 1012 1942 animis
1043 1909 1192 1946 exhibet,
1224 1911 1284 1939 nisi

715 1960 803 2001 quod
829 1959 867 1989 de
895 1957 1052 1988 cubiculis
1071 1956 1152 1987 silet.
1177 1956 1285 1987 Potuit

716 2013 818 2036 autem
846 2005 908 2035 hoc
936 2010 1023 2034 tanto
1052 2003 1149 2043 magis
1174 2003 1284 2043 sequi,

717 2051 843 2093 quando
860 2053 1016 2082 Homerus
1033 2049 1141 2080 multis
1154 2049 1187 2078 in
1204 2048 1284 2079 locis

716 2099 824 2129 faciem
842 2109 876 2128 ac
891 2098 986 2127 situm
996 2096 1126 2137 Olympi
1143 2095 1284 2125 variavit.

717 2147 764 2175 Ita
779 2146 870 2176 Jovis
883 2143 971 2174 sedes
981 2142 1085 2183 aliqua
1100 2143 1131 2172 iu
1146 2148 1234 2183 parte
1247 2143 1288 2172 Ο·

717 2192 818 2233 lympi
827 2191 936 2222 altiore
946 2189 996 2220 vel
1006 2189 1154 2220 interiore
1169 2197 1274 2218 memo
