1414 2435
84 53 146 83 132

580 49 776 82 AENEIDOS

81 107 278 152 Defendit,
297 105 482 142 multosve
501 106 608 156 palus
627 105 850 151 Laurentia,
869 105 963 143 silva

82 171 213 205 Pastus
231 164 457 212 arundinea,
475 175 676 216 postquam
693 166 792 202 inter
807 166 903 202 retia
922 173 1078 202 ventum
1096 173 1170 213 est,

1225 182 1275 206 7¹0

84 226 280 272 Substitit,
300 225 571 276 infremuitque
591 226 718 272 ferox,
737 234 775 263 et
791 225 982 263 inhorruit
1000 238 1142 273 armos;

82 289 161 324 Nec
181 285 357 334 cuiquam
375 285 486 323 irasci
505 285 713 336 propiusve
736 285 916 323 accedere
933 286 1074 332 virtus3

83 344 159 382 Sed
170 344 304 394 jaculis
320 344 487 394 tutisque
505 345 640 395 procul
656 345 884 382 clamoribus
902 345 1041 382 instant
1058 358 1066 380 :

81 403 149 440 Ille
167 410 292 440 autem
308 403 510 452 inpavidus
530 412 656 454 partes
676 412 875 440 cunctatur
893 403 932 440 in
951 402 1091 449 omnis,

83 462 270 500 Dentibus
290 462 526 510 infrendens,
543 472 582 501 et
600 472 709 513 tergo
728 463 872 500 decutit
887 463 1034 507 hastas;
1232 471 1280 505 71⁵

84 521 198 559 Haud
219 521 345 569 aliter,
359 521 472 572 justae
489 521 629 572 quibus
646 531 701 559 est
721 521 932 559 Mezentius
950 521 1036 565 irae,

88 686 148 716 bus
161 696 253 716 mons
274 693 340 715 erat
352 709 360 723 ,
381 687 555 715 etiamnum
571 685 597 715 il
610 687 642 714 V
640 684 662 715 i-

88 741 123 760 so
133 754 142 767 ,
161 732 196 761 in
217 731 415 762 Pedemonu'i
430 732 581 761 extremis
593 742 661 760 ver-

89 787 141 807 sus
161 777 392 817 Delpinatum,
413 787 453 806 ex
475 787 539 816 quo
559 776 662 806 Padus

89 821 192 853 fontes
204 822 312 859 habet3
327 829 395 851 tum
405 823 440 851 iu
444 821 567 862 palude
581 824 662 851 Lau-

90 868 214 906 rentia,
232 874 279 897 est
297 869 381 898 enim
396 875 482 898 totus
506 867 559 897 ille
584 874 662 897 trac-

92 920 144 943 tus
175 914 387 944 Laurentiuus
420 913 594 954 paludosus
631 921 663 943 et

91 959 225 989 silvosus
236 981 245 997 ,
257 959 296 989 de
314 970 379 999 quo
399 970 429 989 v.
448 959 575 990 Cluver.
592 959 662 990 Ital.

93 1012 158 1036 ant.
181 1015 253 1046 pag.
276 1005 362 1042 886,
382 1006 444 1043 887
467 1012 497 1034 et
515 1005 615 1045 Vulp.
629 1006 665 1035 in

92 1052 182 1081 Latio
200 1058 277 1082 tom.
296 1052 363 1089 VI,
385 1062 417 1092 p.
442 1052 504 1089 373
522 1051 599 1080 hinc
614 1051 664 1081 sil-

93 1108 131 1126 να
156 1099 270 1127 Pastus
291 1097 482 1127 ancndinea.
499 1099 611 1128 Horat.
632 1099 664 1127 II

93 1144 191 1173 Serm.
216 1148 234 1178 4
247 1165 256 1180 ,
274 1149 314 1179 42
341 1154 421 1183 aper
442 1145 604 1180 Laurens,
621 1143 666 1173 ul-

93 1187 136 1217 vis
165 1196 198 1218 et
223 1188 380 1218 arundine
410 1188 541 1229 pinguis
551 1201 565 1225 ;
592 1188 664 1220 add.

93 1233 164 1264 loca
180 1234 265 1275 apud
284 1235 416 1265 Bentlei.
440 1235 478 1264 ad
497 1236 608 1265 Horat.
629 1237 668 1265 E-

95 1279 171 1320 pod.
196 1282 247 1316 V,
278 1281 333 1311 28.
354 1283 454 1311 Porro
478 1281 633 1310 nonnulla
651 1291 667 1310 a

94 1327 229 1356 Marone
253 1327 375 1368 egregie
395 1326 544 1357 adornata
566 1333 666 1357 sunt:

95 1382 126 1402 v.
150 1382 215 1410 710
237 1371 322 1403 inter
342 1372 426 1402 retia
444 1379 577 1402 ventum
600 1380 667 1408 est;

97 1424 128 1447 et
151 1417 294 1448 Substitit
320 1417 546 1459 irfiernteitque
564 1417 668 1460 ferox

96 1471 128 1493 et
139 1463 295 1494 inhorruit
310 1475 438 1501 artnos;
451 1464 540 1505 quod
558 1466 669 1495 Hesio-

96 1508 178 1539 dus'
169 1520 204 1539 in
218 1510 314 1540 simili
331 1510 404 1540 loco
418 1521 486 1540 non
505 1511 668 1550 neglexit:

97 1547 196 1596 Ορθὰς
210 1551 240 1584 δ’
255 1555 283 1586 ἐν
297 1558 389 1597 λοφιῇ
404 1553 522 1598 φρίσσει
538 1553 648 1597 τρίχας
661 1577 669 1592 ,

97 1597 178 1642 ἀμφί
202 1611 237 1630 τε
262 1597 385 1644 δειρὴν,
412 1604 447 1632 in
465 1603 561 1633 Scuto
575 1603 669 1632 Herc.

99 1646 184 1684 386,
215 1648 300 1687 391·
293 1670 302 1684 ‚
334 1658 391 1678 nec
420 1649 488 1688 ipse
511 1648 670 1677 Homerus

103 1692 163 1722 alio
186 1692 222 1722 in
244 1692 335 1731 loco,
359 1694 416 1733 qui
440 1693 671 1733 comparandus

97 1744 144 1768 est
166 1738 316 1769 studiosis
329 1762 337 1777 ‚
362 1740 400 1770 ll.
419 1750 454 1777 ν,
476 1739 668 1777 471—476.

97 1785 267 1814 ornatiora
294 1795 423 1826 quoque
456 1792 530 1814 sunt
541 1808 549 1822 ‚
576 1796 670 1826 quam

97 1829 182 1869 apud
206 1832 401 1867 Homerum,
424 1842 470 1862 vs.
489 1841 552 1869 7¹2
566 1853 574 1868 ‚
593 1833 670 1868 713.

99 1875 202 1905 Irasci
216 1876 255 1907 de
269 1878 387 1907 virtute
403 1884 434 1907 et
450 1876 579 1907 audacia
592 1888 672 1918 pug-

98 1923 239 1951 nantium
251 1945 260 1959 ‚
279 1933 350 1963 quae
369 1923 460 1960 facit,
476 1930 513 1953 ut
526 1925 672 1953 cominus

96 1968 358 2008 congrediantur,
373 1970 423 1999 vel
438 1980 510 2000 cum
526 1970 597 1999 vitae
620 1979 673 2009 pe-

98 2013 215 2051 riculo;
228 2021 294 2043 tum
308 2014 360 2044 illa
373 2026 417 2045 vs.
438 2026 453 2054 7
464 2027 475 2045 1
484 2021 514 2052 1,,
528 2026 543 2053 7
554 2016 673 2055 15pctr-

97 2064 142 2087 tes
158 2067 325 2089 cunctatur
342 2060 375 2090 in
395 2072 552 2092 omnes....
571 2069 603 2091 et
617 2068 674 2090 ter-

94 2114 139 2144 go
150 2103 268 2134 decutit
280 2104 398 2136 hastas.
410 2106 554 2137 Eundem
568 2107 672 2137 locum

99 2156 273 2181 tractarunt
299 2152 390 2182 multi
414 2153 466 2183 alii
495 2159 525 2184 et
555 2159 674 2184 veteres

714 692 746 716 et
767 685 958 716 recentiores
982 693 990 715 τ
1009 683 1138 714 illorum
1162 689 1284 725 partem

714 731 800 772 apud
826 731 960 762 Cerdam
974 730 1083 760 videre
1100 730 1175 760 licet
1191 740 1199 761 ι
1218 731 1284 770 pri-

714 787 768 807 mo
784 784 888 807 tamen
902 777 976 806 Ioco
990 775 1205 806 nominandus
1219 782 1286 805 erat

714 823 808 854 Silius
830 822 888 852 lib.
908 824 942 857 Ι,
966 828 1028 857 421
1054 833 1123 862 sqq.
1141 838 1188 846 -—·
1206 822 1283 859 713.

718 871 746 899 T
745 868 864 909 otisque
887 868 1006 908 aliquot
1026 869 1133 898 Burm.
1150 868 1214 907 Qui
1237 877 1285 896 se-

716 921 860 955 quuntur
888 924 1017 950 versus,
1040 915 1075 943 in
1101 912 1192 943 editis
1223 912 1285 942 alio

716 960 828 991 ordine
861 970 893 989 se
922 959 1123 999 excipiebant
1150 967 1159 989 :
1191 958 1289 988 Haud

718 1006 822 1036 aliter.
842 1007 916 1036 Non
937 1005 1005 1035 ulli.
1027 1004 1209 1036 flIissilibus.
1225 1004 1287 1033 Ille

717 1060 834 1082 autem.
872 1051 1038 1081 Dentibus.
1074 1052 1148 1081 Non
1184 1049 1288 1079 multo

718 1099 863 1128 acumine
872 1107 952 1137 opus
967 1103 1032 1133 est,
1046 1102 1083 1125 ut
1098 1096 1268 1136 perspicias
1279 1116 1288 1131 ‚

718 1143 806 1184 quod
834 1143 950 1183 puerili
974 1152 1101 1182 quoque
1127 1140 1291 1181 diligentia

720 1188 956 1230 deprehendere
977 1198 1027 1217 me
1045 1188 1196 1224 memini,
1219 1197 1291 1217 ver·—

721 1246 773 1266 sus
794 1235 839 1265 sic
855 1235 1045 1265 constitutos
1067 1233 1140 1263 sede
1154 1242 1210 1263 sua
1225 1243 1292 1262 esse

720 1288 845 1319 motos,
869 1287 901 1311 et
921 1290 1008 1310 nunc
1035 1280 1124 1320 sequi
1150 1278 1264 1309 debere
1282 1288 1291 1309 τ

721 1328 781 1357 Ille
804 1333 922 1357 autem.
950 1325 1108 1356 Dentibus
1136 1323 1212 1366 inft.
1224 1347 1233 1360 ‚
1261 1330 1293 1354 et

721 1379 793 1414 post
816 1372 876 1403 hos
894 1372 1022 1402 demum
1037 1384 1044 1402 :
1062 1371 1163 1401 Haud
1185 1370 1292 1400 aliter.

721 1421 797 1450 Non
815 1418 884 1449 ulli.
899 1418 1080 1449 Missilibus.
1097 1416 1186 1449 Nihil
1197 1416 1291 1457 liqui-

722 1465 795 1495 dius
815 1475 879 1495 esse
895 1471 1019 1506 potest,
1037 1473 1133 1503 quam
1148 1462 1189 1492 ad
1206 1471 1292 1491 com·

721 1512 918 1550 parationem
938 1516 969 1539 et
990 1509 1028 1538 ad
1045 1518 1157 1549 aprum
1182 1517 1293 1536 versus

724 1556 786 1586 Ille
801 1563 919 1586 autem.
940 1553 1093 1584 Dentibus
1112 1552 1186 1595 infr.
1200 1574 1209 1590 ,
1227 1562 1293 1582 esse

723 1601 938 1631 retrahendos.
963 1617 1010 1624 ·—-
1046 1611 1062 1638 7
1073 1600 1126 1630 15.
1159 1598 1296 1628 Discutit

724 1647 790 1678 duo
804 1654 834 1678 et
851 1647 900 1678 ed.
916 1657 965 1687 pr.
981 1648 1087 1676 Burm.
1104 1655 1179 1675 cum
1194 1644 1294 1675 Goth.
1318 1669 1323 1673 .

725 1700 795 1724 tert.
816 1695 881 1724 h‘ec
897 1693 986 1722 aliter
998 1692 1114 1733 legitur
1131 1690 1218 1731 apud
1231 1692 1294 1720 Lu-

724 1749 839 1769 canum
869 1741 904 1769 in
933 1738 1007 1769 loco
1031 1748 1072 1768 ex
1099 1743 1210 1767 nostro
1241 1746 1295 1766 ex-

723 1795 831 1826 presso
843 1787 889 1814 VI
901 1807 910 1822 ,
925 1795 943 1814 α
953 1794 991 1814 to
1007 1783 1059 1814 Sic
1072 1782 1206 1822 Liby-cus
1218 1781 1295 1811 den-

724 1831 765 1861 sis
789 1830 921 1871 elephas
943 1839 1107 1871 oppressus
1127 1827 1169 1858 ab
1194 1826 1294 1856 armis

728 1878 829 1907 Omne
877 1885 1087 1917 repercussum
1132 1873 1296 1914 squalenti

726 1922 843 1953 missile
859 1930 946 1964 tergo
964 1920 1100 1962 Frangit
1122 1927 1154 1950 et
1172 1919 1294 1949 haeren-

726 1975 771 1998 tes
801 1975 886 1999 mota
919 1974 991 1997 cute
1017 1965 1145 1996 discutit
1172 1965 1293 1995 hastas.

729 2015 758 2044 T
756 2025 830 2056 ergo
862 2014 900 2043 de
931 2019 1021 2043 scuto
1049 2011 1170 2042 dictum
1212 2012 1294 2041 acci—

725 2061 819 2100 piunt
831 2082 838 2095 .
853 2066 889 2089 ut
902 2058 1049 2089 nonnulli
1064 2067 1135 2098 sup.
1148 2059 1211 2093 lx,
1228 2063 1244 2093 4
1255 2067 1293 2087 12

725 2113 846 2147 tergum
863 2104 1021 2135 Sulmonis
1032 2116 1043 2141 ;
1060 2104 1149 2134 male.
1159 2120 1206 2126 ——
1215 2114 1231 2141 7
1243 2103 1294 2134 16.

726 2153 785 2182 Est
806 2151 862 2183 im·
888 2158 979 2193 poeta
1007 2151 1128 2192 primus
1152 2151 1293 2186 notavit,
