1414 2435
583 80 706 110 LIBER
729 81 772 110 X.
806 105 811 109 .

1235 80 1276 110 83

80 140 296 178 Dardanius
315 146 429 189 caput
449 151 536 176 ecce
555 150 652 188 puer
673 136 841 174 detectus
860 136 1080 183 honestum,

83 201 215 246 Qualis
235 211 399 250 gemma,
417 199 549 245 micat,
569 197 715 234 fulvum
734 210 819 246 quae
840 196 975 234 dividit
994 209 1148 243 aurum,

83 264 161 297 Aut
177 260 273 297 collo
293 260 428 305 decus,
446 268 511 296 aut
530 258 662 308 capiti3
685 258 744 294 vel
762 257 872 307 quale
892 271 960 307 per
979 266 1098 295 artem

1232 265 1279 290 135

85 320 277 357 Inclusum
292 319 418 365 bium,
439 328 504 356 aut
523 319 655 355 Oricia
672 317 907 363 terebintho,

83 382 204 417 Lucet
223 379 337 425 ebur3
356 379 458 417 fusos
478 379 606 416 cervix
627 377 689 414 cui
708 378 828 414 lactea
847 377 960 414 crinis

85 439 255 490 Adcipit,
276 449 314 476 et
331 439 436 476 molli
454 438 679 476 subnectens
696 438 858 474 circulus
875 450 980 474 auro.

137 503 190 537 Te
209 513 361 550 quoque
380 499 627 549 magnanimae
647 498 843 544 viderunt,
863 501 1023 543 Ismare,
1043 507 1170 548 gentes

84 560 250 597 Volnera
267 559 451 609 dirigere,
471 568 508 596 et
527 558 689 596 calamos
707 570 855 595 armare
873 569 1038 603 veneno,

87 735 178 766 puer.
197 727 227 755 Is
238 748 246 763 ‚
263 726 322 755 etsi
344 726 449 764 jussus
471 725 627 755 abstinere
644 735 661 754 a

88 782 196 812 pugna
214 771 307 812 (sup.
323 774 371 802 lx
381 794 389 809 ‚
407 771 470 801 661
484 794 492 808 ‚
506 769 593 812 662)
609 770 663 800 ad-

89 828 191 858 eoque
205 818 281 847 hinc
297 819 365 847 sine
378 819 488 855 armis,
506 825 609 858 poetae
623 816 662 846 .ςὶ-

90 874 129 894 ne
149 864 266 905 galea,
283 871 390 894 tamen
407 865 442 893 in
463 863 569 894 medio
583 875 663 905 pug-

89 911 235 940 nantium
250 921 267 940 e
284 911 384 940 muris
399 917 529 951 repente
546 911 662 940 iterum

90 957 299 997 conspicitur.
337 957 442 996 Caput
476 956 640 986 honestum
649 979 659 993 ‚

91 1000 284 1042 pulchrum,
308 1008 345 1032 ut
373 1003 490 1044 Georg.
513 1004 564 1039 11,
584 1003 660 1042 892.

95 1048 208 1088 Qualis
233 1059 382 1090 gemma,
410 1048 517 1078 micat.
541 1050 664 1078 Emicat

91 1095 176 1125 inter
188 1101 308 1125 ceteros
325 1094 481 1125 adstantes
497 1095 584 1124 Iulus
599 1095 663 1124 for-

91 1150 199 1171 mosus
209 1163 218 1178 ‚
233 1147 272 1171 ut
285 1151 407 1182 gemma
427 1151 506 1171 auro
520 1141 643 1170 inclusa
653 1163 662 1178 ,

89 1193 144 1216 aut
161 1196 243 1227 opus
256 1187 415 1217 eburnam
431 1187 540 1217 buxeo
555 1187 607 1217 vel
619 1194 663 1217 te-

89 1232 275 1264 rebinthino
311 1235 453 1275 margine
480 1233 638 1263 ambiente
652 1243 660 1264 :

89 1276 245 1322 κειμήλιον
256 1279 384 1320 aliquod
394 1281 599 1310 Homericum
607 1289 663 1309 seu

92 1324 245 1369 ἄγαλμα,
268 1333 511 1363 ornamentum,
544 1326 663 1366 cogitat

88 1380 193 1413 poeta.
219 1373 288 1402 Aac
305 1372 387 1401 collo
410 1378 467 1401 auc
488 1371 588 1412 capiti
607 1371 662 1400 de-

90 1429 161 1455 cus,
181 1420 246 1448 sive
259 1425 297 1448 ut
314 1418 443 1455 monili,
461 1419 527 1447 sive
549 1423 586 1447 ut
601 1417 665 1447 dia-

91 1465 207 1495 demati
232 1466 391 1494 inseratur
406 1474 537 1506 gemma.
556 1463 665 1493 Oricia

91 1510 293 1541 terebinthus.
304 1511 420 1541 Oricus
428 1533 437 1547 ‚
448 1511 538 1550 Epiri
550 1511 666 1539 cavitas

92 1557 132 1587 ad
155 1558 262 1587 sinum
289 1557 436 1594 Ionium,
459 1557 551 1594 juxta
573 1566 668 1596 quam

93 1604 235 1634 nascitur
253 1602 452 1633 terebinthus
465 1603 594 1643 nigrum
609 1602 668 1643 lig—

94 1660 174 1679 num
191 1649 330 1686 habens,
355 1655 392 1678 ut
413 1650 540 1680 Servius
560 1648 667 1678 tradit.

96 1697 144 1725 De
172 1695 281 1724 eadem
305 1695 387 1725 Plin.
414 1696 512 1732 XIII,
533 1695 552 1724 6
579 1705 604 1725 s.
628 1705 666 1724 12

101 1741 194 1771 Circa
223 1740 319 1770 Idam
347 1740 480 1770 Troadis
496 1747 528 1770 ec
546 1740 579 1770 in
595 1742 668 1770 Ma-

98 1787 233 1818 cedonia
246 1786 307 1828 (ad
314 1786 397 1816 hanc
411 1793 481 1816 tum
495 1787 585 1826 Epiri
599 1796 670 1826 pars

98 1834 152 1864 illa
177 1834 238 1863 fuit
263 1832 437 1874 attributa)
460 1831 556 1861 brevis
579 1831 673 1860 arbor

101 1879 169 1910 lta-c
183 1886 280 1920 acque
289 1878 447 1921 fruticosa
457 1901 466 1914 ‚
480 1878 513 1908 in
534 1879 672 1907 Damas-

102 1937 139 1956 co
155 1926 255 1966 Syn'oe
277 1936 410 1967 magna.
431 1925 503 1966 Egit
523 1923 563 1953 de
579 1923 675 1955 altera

101 1972 161 2002 hac
179 1973 300 2004 Celsius
318 1973 351 2002 in
376 1971 585 2001 Hierobotan.
608 1979 676 1999 non

103 2019 199 2060 longe
220 2029 237 2049 a
260 2030 311 2060 pr.
337 2018 397 2048 sub
415 2028 486 2048 voc.
509 2017 554 2047 El
576 2015 675 2046 Elim.

106 2064 257 2095 Materies
278 2065 309 2095 ei
330 2064 505 2094 admodum
526 2063 615 2093 lenta
639 2072 679 2091 ac

97 2110 208 2153 fidelis
217 2111 264 2141 ad
269 2117 474 2147 vetustatem,
487 2109 572 2151 nigri
577 2108 680 2150 splen-

111 2156 205 2188 doris.
227 2157 351 2188 Retulit
369 2164 473 2187 autem
485 2179 493 2195 ‚
512 2157 555 2186 ait
572 2158 659 2187 Serv,
671 2177 679 2192 ,

110 2205 377 2246 comparationem
384 2203 431 2234 ad
433 2202 604 2234 candidum
611 2200 682 2232 vul-

1233 568 1282 595 1150

714 730 790 759 tum,
808 722 864 763 qui
881 729 950 752 erat
962 721 1062 764 nigris
1074 721 1209 752 crinibus
1221 722 1285 753 cin-

714 776 790 801 ctus.
807 771 847 798 In
867 769 930 798 hoc
951 775 1056 798 tamen
1076 770 1284 809 comparatio-

714 826 788 845 nem
808 815 1010 845 constitutam
1031 815 1132 845 nolim
1155 822 1286 855 putare3

715 862 760 891 sic
782 862 867 891 enim
890 862 979 891 omni
1006 861 1157 902 dignitate
1181 869 1286 899 caret3

715 907 771 938 sed
780 930 789 945 ‚
802 907 890 949 quod
905 918 999 948 supra
1011 908 1123 948 posui,
1141 908 1225 937 inter
1238 919 1287 938 ce-

717 960 800 983 teros
830 954 997 984 bellatores
1025 954 1180 983 Ascanius
1209 964 1286 984 con-

716 1007 842 1040 spectus
855 999 987 1040 effulget
1004 1001 1108 1029 nitore
1125 1001 1199 1029 oris.
1213 1001 1287 1030 Non

717 1046 796 1075 male
823 1046 956 1075 variavit
986 1057 1052 1075 rem
1082 1045 1175 1076 Silius
1202 1047 1267 1076 XII
1278 1068 1286 1083 ‚

719 1092 784 1121 226
794 1114 803 1129 ,
823 1102 888 1132 229
899 1103 966 1132 sqq.
982 1092 1084 1132 Quale
1100 1091 1198 1120 micat
1208 1102 1286 1121 sem-

711 1149 834 1179 perque
853 1149 966 1168 ηονιιιη
985 1146 1047 1174 esc,
1064 1137 1152 1178 quod
1165 1137 1287 1168 Tiburis

716 1195 798 1214 aura
815 1184 940 1222 Pascit,
962 1185 1037 1214 ebur
1042 1197 1055 1220 ,·
1069 1184 1127 1214 vel
1139 1183 1194 1224 qui
1207 1183 1286 1214 miro

716 1230 864 1260 candoris
882 1230 1002 1260 honore
1028 1232 1126 1260 Lucet
1148 1229 1181 1259 in
1209 1241 1287 1260 aure

716 1277 817 1317 Iapis,
837 1277 936 1306 rubris
953 1277 1099 1306 advectus
1120 1276 1160 1305 ab
1183 1275 1285 1307 undis,

715 1340 762 1346 -—-
777 1324 851 1361 137.
871 1324 921 1353 Sic
940 1323 998 1352 Ge.
1021 1324 1078 1359 IV,
1102 1323 1165 1359 337
1183 1323 1285 1362 Nym-

715 1370 786 1410 phae
790 1392 846 1400 .....
876 1367 1045 1398 Coesariem
1073 1367 1185 1409 effitsoe
1212 1367 1285 1397 nici-

717 1416 866 1455 damper
885 1413 1026 1444 candida
1042 1414 1191 1444 colla.-—
1202 1415 1263 1452 137
1276 1436 1285 1451 ‚

722 1462 797 1492 138.
810 1461 966 1502 Capillum
976 1461 1166 1501 promissum
1181 1459 1288 1490 diade-

719 1519 767 1538 ma
784 1518 914 1538 aureum
926 1530 934 1544 ,
953 1506 1041 1546 quod
1058 1508 1142 1536 inter
1159 1506 1291 1547 Phrygii

720 1555 818 1585 luxus
845 1560 1028 1583 ornamenta
1059 1563 1123 1582 esse
1162 1551 1290 1588 debuit,

721 1601 851 1642 colligit.
872 1599 978 1630 valer.
1006 1599 1109 1630 Flacc.
1145 1599 1194 1634 ΙΙ,
1227 1599 1290 1628 103

721 1654 778 1677 aut
790 1645 881 1676 tereti
903 1645 1023 1674 crinem
1039 1644 1230 1674 subnectitur
1239 1655 1292 1673 au-

721 1704 766 1723 ro.
785 1694 876 1723 Dixit
888 1691 979 1721 molli
989 1702 1086 1727 auro,
1102 1690 1214 1720 ductili
1229 1699 1237 1720 ε
1251 1700 1293 1720 ex

721 1739 846 1769 bractea
877 1748 980 1767 aurea.
1011 1737 1156 1768 Fibulam
1187 1736 1293 1765 minus

722 1785 804 1814 hene
818 1783 973 1824 intelligat
995 1783 1124 1822 aliquis,
1148 1791 1248 1821 quum
1262 1787 1294 1811 et

724 1830 762 1860 de
780 1829 901 1859 circulo
918 1836 948 1858 et
962 1828 1000 1858 de
1013 1827 1154 1858 crinibus
1171 1833 1293 1868 agatur.

775 1877 850 1915 139.
860 1892 907 1897 —
920 1885 931 1904 1
941 1875 993 1910 45.
1015 1872 1121 1905 Ornaf
1135 1883 1233 1913 porro
1247 1873 1295 1903 lo-

729 1932 803 1951 cum
830 1921 913 1950 binis
944 1921 1011 1950 aliis
1033 1919 1192 1960 praeclaris
1218 1919 1295 1948 viris

728 1966 1030 2001 commemorandis,
1047 1976 1106 2002 ne,
1123 1964 1209 2006 quod
1225 1975 1297 2005 poe-

730 2021 769 2045 1ae
784 2021 877 2054 turpe
895 2019 941 2043 est
956 2012 1057 2042 facere
1067 2034 1075 2049 ,
1091 2012 1126 2041 in
1146 2011 1297 2052 generali-

729 2061 791 2091 bus
805 2060 896 2090 dictis
907 2058 1054 2089 subsistat
1066 2057 1183 2095 oratio,
1199 2063 1299 2098 utque

732 2118 749 2138 a
765 2116 897 2136 numero
912 2112 943 2135 et
957 2103 1162 2135 multitudine
1176 2104 1300 2133 animus

733 2152 914 2183 traducatur
924 2151 963 2182 ad
974 2150 1138 2181 individua
1153 2156 1184 2180 et
1196 2151 1299 2189 singu—

733 2200 772 2231 la.
789 2199 878 2233 Nihil
890 2198 1024 2241 amplius
1042 2198 1077 2228 in
1091 2197 1140 2227 his
1158 2201 1299 2237 spectan—
