1414 2435
560 61 690 110 xxmmm
714 63 772 92 1x.
1225 62 1265 91 33

76 134 90 152 α
109 120 231 164 State,
251 117 342 164 viri;
362 128 446 166 quae
466 129 597 154 caussa
615 118 710 154 viae?
729 119 842 167 quive
861 119 949 156 estis
969 119 1007 155 in
1026 118 1162 156 armis?

1218 127 1267 160 376

74 181 211 225 Quove
230 177 362 215 tenetis
382 177 477 214 iter?
496 195 510 211 υ
530 177 635 215 Nihil
651 178 706 214 illi
725 179 878 216 tendere
899 188 1046 227 contra3

75 237 150 275 Sed
169 237 333 274 celerare
353 237 480 286 fugam
498 237 538 274 in
557 238 686 284 silvas,
705 247 742 275 et
760 239 876 276 fidere
893 240 1006 277 nocti.

74 296 270 346 Objiciunt
289 298 434 346 equites
453 310 534 334 sese
555 297 604 334 ad
623 298 787 336 divortia
805 308 895 336 nota

72 355 171 392 Hinc
187 365 299 405 atque
314 355 421 402 hine,
439 369 665 406 omnemque
683 357 826 394 abitum
843 358 999 396 custode
1016 366 1208 395 coronant.
1221 366 1267 391 380

73 415 177 452 Silva
198 416 288 462 fuit,
309 416 383 453 late
404 415 525 453 dumis
547 426 659 466 atque
679 417 763 454 ilice
782 418 890 467 nigra

72 475 257 522 Horrida,
278 490 392 525 quam
410 476 515 513 densi
533 478 753 527 conplerant
773 477 941 527 undique
961 486 1099 524 sentes;

73 538 174 573 Rara
193 550 263 586 per
282 537 449 573 occultos
469 536 620 573 lucebat
640 538 772 574 semita
790 537 903 574 callis.

72 596 281 644 Euryalum
302 595 468 632 tenebrae
488 609 680 633 ramorum
700 609 935 645 onerosaque
953 597 1081 646 praeda

73 656 298 705 Inpediunt,
318 656 486 705 fallitque
507 657 620 693 timor
638 657 793 705 regione
814 657 972 692 viarum.
1222 665 1269 689 38⁵

74 715 187 753 Nisus
207 715 286 754 abit
304 732 312 752 :
328 716 482 766 jamque
501 715 708 765 inprudens
728 725 899 753 evaserat
917 715 1054 761 hostis,

73 880 128 910 lim
153 880 319 920 equidem,
342 891 435 921 qnam
460 889 515 912 aut
541 883 647 913 visum

73 937 133 967 pro
154 926 354 957 substantivo
371 927 504 965 habere,
521 936 576 959 aut
597 940 647 960 ac-

75 973 180 1013 cipere
192 975 282 1013 quasi
299 973 421 1003 dictum
440 984 448 1004 ε
462 976 576 1004 Visum
589 983 646 1012 est,

73 1017 161 1048 haud
186 1025 303 1048 temere
326 1029 412 1056 esse,
445 1020 534 1059 quod
562 1021 647 1060 galea

74 1064 249 1094 refulserat.
272 1066 327 1095 Est
344 1065 429 1094 enim
444 1072 560 1095 temere
574 1077 648 1106 pro-

75 1111 144 1150 prie
163 1117 253 1140 vetus
277 1121 411 1148 nomen,
438 1122 478 1140 ex
502 1114 644 1150 temeris,

76 1162 210 1193 temere,
233 1162 271 1185 ut
293 1167 435 1194 necesse,
459 1157 560 1196 forte,
588 1160 647 1189 rite

77 1209 109 1233 et
139 1202 262 1232 similia.
291 1202 470 1233 Wakefield
500 1215 539 1234 ex
566 1205 645 1235 Cod.

77 1248 158 1279 Coll.
175 1250 252 1279 Jesu
267 1247 398 1278 adscivit
417 1251 648 1280 correctionem

76 1294 179 1324 Haud
194 1302 311 1324 temere
327 1302 374 1324 esc
385 1295 483 1325 v1'sus.
500 1298 583 1326 Tum
605 1297 646 1325 ab

76 1350 195 1381 aggere
206 1341 288 1370 Ven.
303 1347 334 1370 et
349 1351 366 1369 a
380 1351 464 1371 man.
483 1352 532 1381 pr.
548 1342 645 1379 Gud.‚

76 1385 164 1426 quod
186 1385 224 1414 de
244 1387 294 1415 via
322 1387 435 1426 accipit
458 1394 489 1416 et
511 1387 648 1418 illustrat

76 1432 200 1468 Heius„
216 1431 270 1461 sed
286 1432 318 1462 h.
341 1432 362 1462 l.
384 1443 478 1463 nemo
502 1434 648 1473 praeferet

76 1477 182 1515 alteri,
198 1477 286 1518 quod
301 1477 339 1508 de
358 1477 439 1508 duce
456 1480 554 1519 magis
570 1490 646 1510 con-

75 1531 270 1554 sentaneum.
289 1525 468 1554 Exclamat
479 1527 560 1555 Ven.
577 1536 646 1555 cum

78 1569 201 1599 clamat
215 1569 312 1600 Goth.
329 1581 391 1600 sec.
405 1588 450 1594 —
468 1572 545 1609 377.
565 1573 647 1601 Ten-

77 1616 152 1654 dere
178 1622 263 1645 recte
287 1617 394 1657 explet
417 1620 504 1648 Serv.
532 1618 648 1647 Verbis

77 1661 206 1691 tendere
227 1662 376 1692 adversus
400 1663 555 1703 aliquem,
583 1664 646 1694 hoc

78 1714 138 1744 est,
166 1707 369 1747 respondere.
398 1711 518 1739 Tamen
546 1710 646 1740 offen-

77 1753 159 1783 dunt
173 1753 225 1782 alii
242 1755 350 1793 Intpp.
374 1771 420 1775 —
441 1756 517 1794 379.
536 1755 647 1785 Divor-

77 1799 123 1830 eia
141 1799 284 1836 doctius,
304 1810 398 1839 quam
414 1799 610 1831 diverticula.

126 1846 202 1876 383.
220 1845 360 1874 Lucebat
374 1845 462 1875 haud
477 1846 574 1876 dubie
587 1847 647 1877 ele-

78 1886 201 1933 gantius
216 1891 255 1921 de
271 1893 320 1921 via
338 1893 421 1921 inter
437 1892 549 1922 dumos
562 1899 593 1922 et
607 1900 649 1923 te-

78 1938 191 1968 nebras
205 1937 372 1975 silvarum,
387 1949 481 1978 quam
495 1939 648 1976 ducebat;

79 1984 166 2025 quod
183 1984 328 2024 vulgares
346 1985 556 2025 praeferebant
578 1993 649 2016 ante

79 2031 188 2062 Heius.
202 2032 260 2070 qui
271 2032 413 2062 Servium
422 2055 430 2069 ‚
445 2033 562 2063 Medic.
576 2042 592 2061 a
607 2043 649 2063 m.

80 2086 143 2118 pr„
167 2076 306 2117 aliosque
327 2086 480 2117 sequutus
507 2086 572 2117 est3
593 2080 651 2108 etsi

83 2124 168 2152 enim
191 2121 231 2153 ab
256 2133 318 2154 eo:
343 2123 402 2154 sed
415 2124 561 2166 frustra,
589 2125 648 2155 suh

701 888 888 914 contextum
904 889 1010 912 tamen
1024 881 1148 911 lucebat
1162 892 1268 922 recep-

701 937 769 959 tum
797 935 852 958 est.
881 929 1049 958 Praeiverat
1076 934 1179 957 autem
1205 929 1269 966 jam

701 975 778 1006 olim
793 975 969 1014 Naugerius
982 974 1078 1004 Aldd.
1098 984 1110 1002 1
1119 974 1156 1003 51
1165 979 1183 1009 4
1196 997 1204 1011 ‚
1219 974 1271 1003 cui

701 1022 757 1051 vix
771 1030 834 1050 una
858 1026 889 1048 et
904 1020 1000 1049 altera
1025 1020 1122 1049 editio
1146 1020 1269 1050 obtem-

700 1066 832 1107 peravit.
856 1066 901 1095 At
921 1065 1033 1095 semita
1051 1076 1129 1095 rara
1140 1069 1157 1095 «ἃ
1175 1067 1270 1095 Estne

699 1123 771 1153 quae
784 1122 855 1141 raro
868 1111 907 1140 ab
920 1112 1065 1152 ingressis
1078 1112 1160 1141 inter
1169 1118 1271 1140 sentes

700 1158 830 1200 agnosci
851 1164 993 1197 poterat,
1012 1159 1120 1198 paucis
1135 1167 1170 1186 ae
1193 1158 1269 1186 raris

700 1203 873 1233 intervallis
885 1204 969 1232 inter
987 1204 1083 1233 saltus
1105 1203 1269 1243 caliginem

700 1256 811 1290 patens
827 1249 977 1279 lucebat?
989 1249 1141 1279 hactenus
1156 1248 1270 1277 semita

700 1306 774 1324 rara
793 1294 933 1329 lucebat,
963 1295 1043 1324 coelo
1063 1305 1098 1324 ac
1119 1295 1192 1324 luce
1214 1294 1267 1324 de-

700 1351 796 1381 super
818 1341 954 1370 immissa
976 1341 1068 1370 certis
1084 1346 1207 1370 tantum
1222 1340 1268 1369 lo·
1310 1355 1314 1359 ·

702 1387 765 1423 cis3
781 1397 823 1415 an
846 1397 917 1427 quae
934 1387 1001 1426 ipsa
1024 1393 1069 1415 est
1093 1396 1178 1424 rara,
1197 1397 1268 1427 per-

700 1433 765 1469 via3
785 1439 822 1462 ut
843 1433 919 1462 silva
942 1442 1012 1461 rara
1032 1431 1166 1470 dicitur,
1184 1432 1217 1463 h.
1241 1443 1268 1462 e.

701 1488 767 1507 non
793 1477 904 1515 densa,
928 1476 1048 1515 πυκνὴ,
1082 1478 1136 1508 sed
1161 1476 1268 1520 ἀραιαί.

701 1523 759 1555 Sed
778 1525 867 1564 prius
883 1524 1073 1564 expeditius.
1092 1524 1199 1554 Galles
1213 1524 1270 1554 ob-

700 1571 790 1599 vium
805 1576 883 1599 esset
895 1577 1015 1600 mutare
1029 1572 1063 1600 in
1076 1571 1183 1600 valles
1190 1582 1203 1606 ;
1216 1570 1269 1599 sed

702 1617 821 1656 accipio
844 1617 943 1646 calles
966 1616 1004 1647 de
1032 1623 1100 1647 toto
1127 1616 1184 1646 illo
1211 1616 1270 1645 du-

698 1673 789 1692 moso
817 1669 939 1700 tractu,
964 1665 1020 1704 qui
1043 1670 1108 1692 erat
1132 1664 1270 1703 pervius.

699 1725 746 1730 —-
762 1709 839 1738 385.
857 1709 1018 1749 Fallicque
1034 1709 1129 1738 timor
1142 1707 1270 1749 regione

701 1753 831 1782 ‘viarum
848 1754 880 1784 h.
898 1765 925 1785 e.
940 1755 1009 1790 via,
1027 1754 1269 1795 periphrastice;

701 1806 737 1828 ut
759 1799 917 1829 aberraret
935 1810 952 1829 a
975 1802 1036 1831 via.
1060 1800 1160 1842 Regio
1181 1799 1267 1836 νέω,

702 1851 733 1874 et
763 1846 904 1884 poetice,
933 1845 1063 1875 viarum
1074 1868 1083 1881 ‚
1112 1856 1172 1886 pro
1204 1847 1270 1886 ipsa

701 1891 762 1920 via.
782 1891 823 1920 cf.
839 1901 910 1931 sup.
928 1891 965 1920 ad
984 1892 1040 1922 lib.
1058 1893 1107 1930 11,
1124 1893 1200 1930 737.
1217 1893 1270 1922 Ti-

702 1947 772 1966 mor
786 1937 868 1977 ipse,
881 1947 920 1966 ne
939 1939 973 1967 in
988 1938 1093 1968 hostes
1105 1937 1270 1975 incideret,

704 1993 720 2012 a
740 1984 807 2020 via,
833 1993 895 2022 qua
913 1983 995 2014 elabi
1015 1990 1153 2025 poterat,
1171 1983 1271 2014 abdu-

704 2031 757 2060 cit.
773 2048 819 2053 —
836 2030 913 2060 386.
934 2030 1012 2061 Abit
1026 2037 1062 2061 ut
1074 2030 1130 2061 lib.
1147 2032 1188 2068 V,
1204 2031 1268 2060 318

703 2076 829 2106 Primus
842 2076 922 2112 abit,
938 2077 1094 2118 longeque
1107 2083 1179 2107 ante
1194 2076 1272 2107 alios

703 2123 829 2159 emicat,
846 2123 950 2153 evolat
963 2130 1034 2153 ante
1047 2123 1191 2154 alterum.
1206 2125 1271 2152 Im-

82 2166 180 2199 finem
194 2175 278 2200 notae
293 2172 474 2210 subjectum
492 2171 602 2208 video,
616 2172 648 2201 in
696 2169 839 2210 prudens
852 2192 862 2206 ,
902 2170 1079 2211 Euryalum
1111 2179 1270 2199 remanere
