1414 2435
114 46 176 76 106

616 45 808 76 AENEIDOS

110 105 190 139 Hac
206 114 274 139 vos
293 111 330 139 et
346 101 512 139 Pallanta
528 101 662 139 ducem
681 102 806 152 patria
826 101 899 138 alta
917 99 1092 150 reposcit.

78 196 82 198 Α
110 161 274 198 Numina
289 161 392 199 nulla
409 171 587 212 premunt
605 177 613 198 :
635 161 786 199 mortali
805 173 986 212 urgemur
1005 159 1052 196 ab
1072 159 1180 196 hoste
1251 166 1299 199 37⁵

109 222 307 268 Mortale53
328 221 485 259 totidem
500 221 612 260 nobis
630 222 838 272 animaeque
857 233 1077 270 manusque.

110 283 205 318 Ecce
221 283 334 319 maris
353 295 488 332 magna
506 282 648 320 claudit
664 295 733 319 nos
751 282 874 333 objice
893 290 1050 332 pontus;

110 344 224 378 Deest
239 342 317 391 jam
332 351 434 380 terra
450 343 548 392 fugae
566 358 574 379 :
595 344 748 392 pelagus
767 343 967 392 Trojamne
984 341 1178 391 petemus?
1200 357 1213 372 υ

155 404 245 438 Haec
262 402 332 448 ait,
351 410 389 439 et
407 402 554 440 medius
573 402 708 440 densos
725 402 941 453 prorumpit
959 402 998 438 in
1012 400 1142 438 hostis.

110 460 256 499 Obvius
276 461 365 499 huic
385 463 570 513 primum,
590 463 675 500 fatis
695 461 909 499 adductus
898 461 1056 510 iniquis,
1251 469 1298 493 380

108 523 167 558 Fit
184 524 320 572 Lagus.
339 525 470 569 Hunc,
493 535 631 573 magno
652 523 758 559 vellit
779 522 871 559 dum
893 520 1061 571 pondere
1083 532 1232 587 saxum,

107 584 256 619 Intorto
275 582 356 632 figit
373 583 468 629 telo,
484 582 703 620 discrimina
718 582 831 619 costis

107 644 177 678 Per
195 640 361 678 medium
380 655 456 690 qua
473 643 581 691 spina
600 641 733 687 dabat,
753 640 975 689 hastamque
993 631 1163 688 ieceptat

107 700 266 738 Ossibus
281 701 518 738 haerentem:
539 713 651 750 quem
667 713 745 737 non
764 713 879 750 super
895 709 1056 750 occupat
1074 699 1213 747 Hisbo,

106 761 174 797 Ille
192 761 345 810 quidem
362 761 437 798 hoc
454 773 629 811 sperans3
646 774 734 797 nam
752 761 871 797 Pallas
890 768 976 797 ante
995 769 1187 806 ruentem,
1251 768 1299 793 385

106 823 206 857 Dum
226 821 336 867 furit,
354 821 549 858 incautum
567 820 712 857 crudeli
730 827 852 857 morte
869 819 1026 865 sodalis,

107 879 274 930 Excipit,
293 889 406 930 atque
425 893 551 917 ensem
567 879 712 917 tumido
731 880 770 916 in
789 878 966 928 pulmone
986 879 1168 915 recondit.

106 942 206 978 Hinc
220 940 441 979 Sthenelum
457 940 570 992 petit,
589 948 627 979 et
645 939 773 979 Rhoeti
792 939 839 976 de
859 947 969 989 gente
986 947 1136 976 vetusta

108 1099 186 1136 374.
202 1098 273 1127 Hac
287 1107 349 1126 vos
358 1096 470 1137 patria
483 1096 554 1126 alca
573 1106 675 1136 repos-

106 1144 166 1179 cit,
185 1149 239 1173 aut
255 1154 314 1184 pro
324 1165 333 1180 ,
352 1142 474 1183 poscit,
499 1149 535 1172 ut
550 1153 587 1172 eo
603 1143 676 1172 sub-

106 1192 199 1227 eatiS‚
217 1189 372 1219 invadatis
391 1189 535 1225 hostem;
555 1195 609 1217 aut
630 1199 676 1218 re-

104 1235 226 1276 poscit,
241 1235 292 1265 vel
305 1242 342 1264 ut
357 1245 373 1264 e
387 1235 461 1275 fuga
478 1234 623 1264 conversi
637 1244 675 1264 eo

106 1281 264 1318 subeatis,
292 1287 347 1310 ant
372 1287 408 1310 ut
432 1280 507 1310 inde
539 1281 675 1309 victores

107 1327 215 1368 fugato
240 1326 330 1356 hoste
353 1325 497 1357 redeatis.
514 1327 585 1355 Hoc
604 1336 675 1366 pos-

105 1381 243 1403 tremum
267 1372 347 1403 forte
369 1379 506 1413 praestat.
524 1388 572 1394 —-
597 1372 674 1409 375.

106 1420 300 1460 Comparant
314 1418 404 1448 Iliad.
419 1428 440 1459 φ
451 1441 460 1455 ,
482 1418 546 1448 568
560 1440 568 1454 ,
588 1417 653 1457 569
665 1440 674 1454 ,

105 1472 137 1495 et
160 1465 199 1495 ad
222 1476 253 1494 ν.
283 1465 348 1502 376
368 1464 458 1495 Iliad.
480 1476 515 1501 ν,
537 1464 675 1499 814.—

107 1512 186 1550 377.
202 1511 295 1542 Conf.
318 1512 440 1551 egregia
463 1510 546 1540 dicta
568 1510 674 1547 Ajacis

106 1558 144 1589 11.
169 1567 204 1594 0,
233 1557 298 1592 504
321 1567 389 1596 sqq.
418 1563 449 1586 et
468 1557 563 1586 altera
587 1556 672 1594 734,

106 1603 163 1633 nbi
187 1612 311 1633 meeum
332 1603 486 1632 mirabere
510 1612 590 1631 vers.
607 1608 672 1639 740

105 1647 208 1692 πόντῳ
228 1647 401 1691 κεκλιμένοι
415 1659 432 1678 a
449 1655 543 1689 poeta
560 1649 673 1688 accipi,

100 1703 202 1736 ponto
229 1694 342 1725 clausi.
363 1697 443 1726 Nam
472 1695 588 1724 vertit:
607 1704 674 1723 ma-

106 1742 148 1771 ris
163 1741 287 1772 claudie
301 1751 357 1770 nos
373 1741 473 1782 objice
480 1747 609 1781 pomus.
626 1741 674 1771 De

105 1798 170 1828 quo
188 1798 276 1818 nunc
292 1786 363 1817 vide
380 1787 472 1818 Obss.
492 1787 530 1816 ad
547 1797 574 1817 e.
590 1787 612 1817 1.
628 1803 674 1809 —-

108 1834 183 1872 378.
208 1835 293 1865 Num
316 1844 400 1864 mare
419 1833 492 1874 fuga
510 1839 671 1874 petemus,

105 1891 145 1910 an
162 1891 275 1910 novam
296 1880 444 1921 Trojam,
468 1886 568 1910 castra
591 1881 671 1910 Tro-

102 1927 250 1963 janorum
266 1928 279 1956 P
293 1928 382 1967 atqui
396 1927 446 1956 via
469 1926 508 1957 ad
526 1925 608 1955 hauc
622 1926 672 1957 in-

107 1973 239 2003 terclusa
263 1979 328 2010 est,
354 1973 444 2003 hoste
467 1973 613 2011 objecto;
641 1978 673 2002 et

106 2018 294 2048 obsidentur
313 2027 410 2049 castra
427 2030 444 2049 a
459 2025 547 2060 parte
569 2019 673 2058 copia-

106 2075 175 2093 rum
196 2076 211 2094 a
234 2067 346 2095 Turno
366 2066 471 2095 relicta
496 2075 567 2106 sup.
589 2075 670 2095 vers.

107 2111 183 2140 236.
211 2110 294 2141 conf.
320 2113 383 2147 lx,
415 2113 476 2142 130
496 2122 581 2151 seqq.
600 2111 670 2141 Μο-

105 2167 185 2194 neo,
208 2157 282 2198 quia
299 2158 506 2188 Burmannus
535 2157 586 2188 hic
610 2156 672 2187 hae-

728 1101 776 1125 ret
787 1117 796 1132 ,
811 1104 884 1124 cnm
899 1094 1010 1125 Cerda.
1021 1094 1096 1124 Non
1109 1099 1156 1123 est
1171 1093 1210 1123 de
1223 1095 1298 1124 Tro-

725 1142 757 1179 ja
772 1141 901 1180 antiqua
917 1139 1134 1181 cogitandum.
1147 1156 1194 1162 -
1211 1139 1274 1169 382
1288 1162 1296 1175 ,

730 1187 807 1217 383.
842 1185 979 1216 Verbo:
1005 1196 1067 1226 qua
1091 1192 1178 1225 parte
1207 1186 1297 1225 spina

727 1243 784 1272 per
797 1231 936 1261 medium
950 1231 1036 1263 dorsi
1050 1230 1192 1272 procedit
1204 1242 1212 1268 ;
1226 1241 1298 1271 quae

728 1278 909 1308 discrimina
931 1285 1088 1308 costarum
1110 1277 1200 1314 facit,
1229 1276 1296 1306 scil.

727 1330 828 1354 costas
843 1325 1018 1354 intervallis
1041 1324 1192 1354 diremtas
1214 1322 1298 1352 inter

728 1380 771 1400 se.
797 1387 843 1394 —-
867 1370 945 1401 383.
975 1372 1048 1411 Qua
1079 1369 1173 1410 spina
1200 1368 1300 1398 dabat

728 1415 845 1447 Medic.
868 1416 954 1446 Gud.
970 1426 988 1445 a
1004 1427 1047 1446 m.
1067 1427 1116 1456 pr.
1138 1413 1295 1446 Montalb.

728 1472 801 1491 cum
815 1462 919 1493 Colot.
937 1469 968 1492 et
983 1461 1126 1491 Parrhas.
1144 1471 1179 1490 ac
1197 1459 1295 1490 Goth.

726 1518 797 1544 sec,
818 1507 914 1547 idque
939 1513 1023 1536 recte
1044 1507 1157 1546 recipit
1175 1507 1296 1537 euniu-

727 1553 843 1593 gham„
858 1552 952 1593 idque
971 1553 1038 1592 ipse
1051 1562 1138 1582 nunc
1157 1561 1272 1592 sequor
1287 1560 1294 1580 :

727 1599 864 1639 postulat
898 1600 983 1629 enim
1019 1598 1052 1628 id
1087 1597 1296 1638 consequutio

726 1652 921 1686 temporum,
955 1655 1050 1685 qnam
1076 1651 1169 1685 poeta
1203 1651 1295 1675 amat.

727 1692 834 1733 Vulgo
854 1691 944 1721 dedit
964 1691 1079 1722 editur.
1103 1691 1296 1730 Hos-temque

726 1746 897 1779 retemptat
911 1737 1047 1768 Dorvill.
1057 1760 1066 1775 ‚
1080 1736 1296 1777 ineptissimus

727 1784 829 1815 codex
841 1807 849 1822 ,
866 1795 882 1814 a
899 1795 941 1815 m.
964 1795 1014 1824 pr.
1038 1790 1084 1814 est
1103 1779 1295 1813 ἀνεσπάσατ’

727 1830 831 1875 ἔγχος.
850 1848 897 1854 -
920 1831 998 1866 384.
1024 1831 1141 1870 Super,
1169 1835 1221 1857 aut
1249 1834 1295 1857 est

725 1888 821 1918 super
838 1877 899 1907 hoc
911 1900 919 1914 ‚
933 1877 1011 1906 dum
1031 1877 1064 1906 in
1084 1885 1122 1905 eo
1137 1881 1182 1904 est
1195 1883 1294 1904 occu-

725 1932 835 1964 patus,
852 1930 907 1953 aut
922 1923 1075 1963 desuper,
1092 1927 1129 1950 m
1152 1927 1198 1949 est
1228 1925 1293 1960 (090

729 1972 828 2009 Quem
856 1971 977 1999 Turnus
1005 1977 1099 2008 super
1125 1965 1292 1996 adsistens.

725 2016 809 2046 conf.
836 2015 900 2050 540
914 2038 922 2050 ,
951 2015 1027 2050 541.
1047 2013 1179 2044 Pallanti
1204 2013 1293 2042 incli-

725 2064 814 2092 nanti
833 2072 865 2091 se
881 2061 918 2090 ad
943 2058 1155 2101 recipiendam
1174 2058 1294 2089 hastam

725 2109 843 2138 vulnus
868 2107 1004 2147 desuper
1027 2106 1143 2136 inferre
1169 2105 1296 2136 volebat

726 2154 827 2185 Hisbo
842 2164 849 2185 :
865 2154 919 2184 scd
942 2153 973 2184 id
995 2153 1162 2184 antevertit
1186 2151 1295 2183 Pallas.
