1414 2435
141 116 207 157 296

647 112 843 143 AENEIDOS

142 172 288 210 Adnuit
307 170 366 207 his
385 172 505 216 Juno,
524 177 561 206 et
580 178 746 207 mentem
764 169 890 207 laetata
907 168 1061 206 retorsit
1084 182 1090 202 ;

145 236 295 271 Interea
315 230 464 268 excedit
483 229 595 278 coelo,
616 229 836 280 nubemque
856 229 1023 279 reliquit.

199 293 267 330 His
288 291 399 338 actis,
419 289 523 328 aliud
541 290 703 328 Genitor
721 303 852 327 secum
869 290 951 340 ipse
968 288 1139 334 volutat,

146 358 167 392 J
171 363 424 403 uturnamque
442 360 552 402 parat
572 351 700 389 fratris
722 351 914 388 dimittere
934 349 982 388 ab
1003 349 1128 387 armis.

147 416 337 453 Dicuntur
356 414 516 465 geminae
535 422 661 465 pestes
681 413 906 464 cognomine
925 411 1049 459 Dirae,
1305 417 1353 446 84⁵

149 582 226 616 841.
241 581 386 610 Eleatem
405 579 549 617 retorsit,
575 579 702 610 inflexit
713 603 721 617 ‚

148 628 294 657 mutavit.
327 627 522 667 Comparant
552 625 724 670 μεταστρέ-

149 683 214 715 φειν
236 671 302 703 νέον
319 673 409 704 Iliad.
431 683 444 703 ο
457 696 466 711 ,
486 675 527 704 52
541 697 550 712 ,
567 671 723 716 ἐτράπετο

148 722 233 757 νοῦς,
250 718 327 762 φρὴν
356 727 387 750 et
411 721 536 751 similia.
561 722 628 751 Nec
650 731 725 750 sane

149 767 240 797 aliter
256 767 422 797 commode
444 774 474 796 te
499 766 659 808 expedias.
680 769 726 797 A-

149 814 206 844 lias
225 813 333 843 malim
352 814 488 854 jungere
509 820 648 843 mentem
672 813 728 842 loe-

151 868 232 891 tata.
253 861 304 891 Sic
324 866 432 889 tamen
452 859 579 890 retorsit
597 859 726 889 absolu-

150 915 201 945 te,
235 907 358 937 scilicet
389 917 440 944 se,
473 907 584 947 paullo
614 906 728 936 durius

151 954 285 984 dictum.
305 969 354 977 —
370 953 606 996 842.·Excedit
624 953 728 990 σφὼ,-

151 1010 216 1041 quo
233 1001 332 1041 igitur
351 1000 404 1029 illa
419 1000 496 1030 abiit
509 1023 517 1037 ‚
531 1001 556 1029 si
577 1000 659 1030 coelo
673 1010 728 1029 ex-

152 1047 244 1076 cessit
268 1046 347 1076 dea?
368 1047 438 1077 Erit
463 1047 579 1076 coelum
596 1046 628 1076 h.
650 1047 672 1078 l.
690 1046 730 1076 de

151 1096 219 1135 ipsa
249 1093 337 1124 nube
365 1093 608 1135 accipiendum,
642 1093 730 1124 unde

152 1141 204 1170 illa
239 1140 402 1181 spectabat
435 1151 577 1182 pugnam
613 1141 730 1171 aethere

151 1186 305 1228 pendenS.
330 1187 370 1218 cf.
399 1198 469 1228 sup.
490 1198 554 1228 792
573 1204 621 1211 —-
642 1187 725 1228 796,

155 1234 232 1264 310.
249 1233 328 1264 Inde
344 1234 396 1264 illa
417 1234 494 1264 abiit
513 1234 551 1264 ad
567 1245 663 1264 suum
679 1232 730 1265 θαί-

151 1284 273 1324 Μιμον,
310 1281 517 1319 cubiculum,
552 1281 641 1322 quod
670 1284 733 1312 Ho-

153 1338 259 1357 merus
279 1329 469 1358 memoravit
487 1328 578 1359 Iliad.
605 1326 641 1366 ξ,
668 1329 731 1358 166

154 1385 240 1415 seqq.

202 1421 280 1457 843.
296 1422 465 1464 Ingeniose
479 1431 603 1452 novum
618 1422 662 1451 rei
679 1431 732 1452 ex-

153 1467 319 1509 pediendae
361 1468 494 1499 modum
538 1469 733 1510 excogitavit

157 1515 319 1556 Virgilius,
348 1516 430 1547 Nam
459 1526 554 1556 supra
575 1517 642 1552 lx,
664 1515 729 1545 803

153 1572 200 1602 sq.
234 1563 367 1592 Homeri
398 1562 546 1602 exemplo
575 1563 609 1591 in
635 1562 732 1592 simili

153 1607 228 1638 loco
247 1609 315 1637 Irin
336 1609 465 1638 miserat
481 1608 520 1638 ad
536 1607 731 1638 avocandam

154 1654 246 1684 deam
265 1664 272 1685 :
295 1665 383 1684 nunc
407 1665 456 1684 res
480 1662 546 1684 erat
569 1654 731 1686 varianda.

155 1702 199 1731 Ut
224 1702 330 1742 itaque
353 1702 494 1732 Juturna
513 1712 529 1730 a
550 1700 647 1731 fratre
670 1701 731 1732 dis-

154 1747 280 1778 cederet
298 1771 306 1785 ,
340 1747 507 1778 manifesto
537 1750 649 1778 mortis
682 1750 731 1778 in-

155 1796 265 1825 stantis
291 1796 398 1825 omine
421 1795 474 1825 illa
503 1802 651 1826 terretur.
676 1795 732 1826 Di-

157 1841 282 1871 mittere
295 1853 305 1872 .·
323 1841 516 1872 vocabulum
529 1842 659 1882 quidem
674 1843 733 1873 sol-

155 1889 250 1919 lenm·
280 1890 313 1920 in
343 1889 537 1919 dimittendo
567 1891 730 1927 exercitu,

156 1935 210 1965 sed
227 1935 289 1966 hoc
305 1936 376 1966 loco
393 1936 455 1966 alio
471 1935 652 1967 traductum
666 1949 673 1974 ;
689 1943 735 1967 est

157 1983 241 2012 euim
255 1993 261 2014 ε
274 1983 465 2020 abstrahere,
480 1993 630 2021 avocare,
649 1995 735 2014 aver-

160 2036 233 2059 tere.

207 2076 272 2112 845
289 2087 356 2117 sqq.
383 2078 429 2107 Sit
446 2084 476 2107 et
497 2076 551 2107 hic
567 2078 658 2108 locus
674 2088 734 2119 pro

159 2123 307 2163 exemplo
327 2125 420 2154 vnriae
439 2125 513 2154 artis
533 2131 565 2154 et
583 2125 732 2163 rationis,

158 2179 220 2209 qua
237 2176 338 2210 poet-”e
363 2171 484 2201 fabulas
507 2172 672 2212 antiquas,
690 2173 735 2202 in-

161 2222 271 2256 terque
298 2226 348 2245 eas
377 2217 408 2246 id
434 2219 580 2259 inprimis
610 2228 733 2259 genus,

161 2261 248 2303 quod
280 2262 496 2304 symbolicum
524 2271 555 2295 ct
589 2264 732 2305 allegori-

778 590 852 610 cum
881 578 921 608 ab
953 577 1077 619 origine
1103 575 1184 613 fuit,
1209 581 1355 605 tractant.

778 628 827 656 De
842 626 947 656 Furiis
965 631 1093 666 poetam
1107 633 1214 664 agere,
1233 621 1359 652 dubita-

779 674 808 703 ri
821 673 944 714 nequit.
960 671 1022 703 Sed
1034 681 1134 711 quum
1148 680 1256 699 earum
1269 668 1357 699 sedes

780 720 854 750 alias
878 720 943 749 sint
963 719 998 748 in
1013 721 1167 755 Tartaro,
1186 715 1299 747 saltem
1323 716 1358 745 iu

779 767 927 798 Plutonis
947 767 1030 808 regia
1048 765 1098 795 vel
1124 766 1159 795 in
1175 763 1265 793 aditu
1282 762 1360 793 infe·

780 823 911 849 rorum,
942 819 981 842 ut
1005 814 1071 849 VI,
1097 812 1184 849 280,
1210 820 1298 840 nunc
1324 810 1361 839 in

780 861 801 889 J
804 860 873 888 ovis
902 858 966 888 iltae
994 858 1156 888 vestibulo
1184 856 1359 887 excubant.

781 906 883 937 Servii
903 905 935 935 h.
950 905 973 936 l.
987 912 1018 934 et
1034 904 1074 934 ad
1094 905 1161 941 111,
1187 913 1253 943 2⁰9
1275 913 1362 933 com-

782 959 888 982 menta
907 951 946 982 de
968 951 1087 992 triplici
1105 951 1275 982 Furiarum
1301 960 1359 990 po-

782 1006 893 1029 testate
906 999 999 1029 nihili
1011 1005 1086 1028 sunt
1105 1009 1114 1029 ε
1132 999 1180 1027 uti
1202 1007 1260 1027 uec
1279 995 1361 1027 illud

780 1047 857 1076 satis
873 1045 1046 1086 probatum
1064 1045 1154 1075 dedit
1174 1045 1285 1075 Furias
1308 1054 1362 1084 ap·

783 1093 914 1134 pellatas
942 1103 1008 1123 esse
1033 1103 1132 1122 canes
1158 1090 1267 1126 Jovi5‚·
1294 1100 1361 1131 quo

781 1137 916 1170 ‘nomine
930 1140 1079 1180 Harpyiae
1093 1139 1168 1169 alias
1180 1137 1342 1179 insignitae
1352 1159 1361 1174 ,

784 1193 822 1217 ut
849 1186 1004 1228 Apollon.
1028 1187 1060 1216 11
1071 1209 1080 1224 ,
1099 1185 1166 1226 289
1183 1194 1193 1216 ε
1209 1174 1362 1227 Ἁρπυίας.

786 1231 939 1278 μεγάλοιο
960 1231 1026 1268 Διὸς
1055 1231 1168 1270 κύνας,
1187 1238 1219 1262 et
1243 1232 1363 1274 Κῆρες,

784 1281 866 1311 ibid.
893 1282 939 1310 IV
952 1303 960 1317 ‚
985 1279 1084 1311 1666.
1102 1281 1184 1311 Nam
1202 1279 1274 1309 loca
1290 1279 1362 1308 AEn.

785 1329 854 1365 VI,
882 1328 946 1365 257
962 1350 970 1365 ‚
997 1334 1028 1356 et
1050 1326 1256 1362 LucaniVI,
1278 1325 1364 1363 733,

785 1384 954 1415 perperam
969 1373 1099 1404 adducit
1112 1379 1167 1403 aut
1181 1372 1290 1413 potius
1303 1371 1366 1401 adi-

786 1421 832 1461 git
859 1421 899 1451 ad
928 1421 1011 1451 hanc
1038 1421 1206 1450 notionem
1235 1416 1365 1448 firman—

786 1467 868 1498 dam.
881 1467 963 1498 Vide
976 1478 1066 1497 nunc
1079 1466 1162 1497 hanc
1175 1475 1293 1496 canum
1306 1475 1366 1506 pro

786 1515 940 1544 ministris
955 1514 1202 1554 appellationem
1218 1512 1312 1543 docte
1327 1511 1367 1541 il-

785 1560 951 1590 lustratam
982 1561 1017 1590 in
1045 1559 1233 1591 Ruhnkenii
1264 1558 1364 1598 Epist.

787 1608 857 1638 crit.
877 1617 949 1648 pag.
971 1607 1014 1647 93
1028 1629 1036 1642 ‚
1061 1612 1117 1646 94.
1138 1606 1251 1646 Neque
1272 1605 1366 1635 etiam

786 1654 862 1683 alias
886 1654 996 1684 Furias
1022 1652 1174 1690 Plutoni,
1193 1652 1269 1682 alias
1291 1652 1367 1682 Jovi

787 1700 861 1731 dare
873 1723 882 1738 ,
908 1700 964 1730 sed
994 1701 1118 1741 poetica
1149 1698 1367 1740 phantasmata

787 1749 910 1778 variare
925 1747 1064 1777 voluisse
1079 1745 1244 1787 putandus
1261 1746 1366 1776 Maro.

787 1812 833 1817 —
851 1794 929 1831 845.
955 1792 1153 1837 Cognomt'ne
1167 1802 1245 1834 pro,
1264 1792 1366 1823 nomi-

788 1853 840 1873 ne.
856 1841 948 1872 Diroe
966 1849 1012 1872 est
1027 1851 1147 1871 nomeu
1159 1839 1285 1870 illarum
1301 1847 1367 1879 pes-

789 1890 869 1919 tium
881 1912 890 1927 ,
921 1889 953 1919 h.
981 1889 1190 1919 exitiosa-um
1221 1884 1364 1915 dearum.

787 1937 874 1967 Male
903 1934 1110 1966 Grammatici
1144 1934 1270 1963 inverse
1305 1938 1366 1961 tra-

787 1983 893 2014 dunt:
917 1983 958 2014 cf.
985 1981 1043 2012 inf.
1069 1979 1148 2010 865.
1177 1978 1366 2010 Substitutae

788 2031 852 2061 illae
864 2040 881 2059 a
895 2036 988 2071 poeta
1004 2026 1071 2062 ταῖς
1085 2023 1200 2069 Κηρσὶ,
1216 2035 1288 2066 quae
1301 2035 1364 2056 me-

789 2083 956 2108 morantur
985 2084 1115 2116 quoque
1144 2072 1230 2114 apud
1259 2072 1363 2113 Quin-

788 2131 856 2154 tum
886 2124 939 2160 11,
972 2122 1058 2161 5093
1092 2122 1158 2157 111,
1191 2125 1245 2156 44.
1284 2109 1363 2162 Apa(

787 2177 863 2200 suut
887 2179 938 2210 ap.
959 2167 1099 2209 AEschyl.
1124 2169 1258 2198 Eumeu.
1283 2171 1362 2202 Aac.

789 2215 938 2247 Gemina·
954 2232 1000 2238 —-
1018 2222 1050 2245 et
1067 2216 1246 2257 Mega-ram
1261 2223 1273 2243 :
1287 2212 1364 2244 doc-

789 2270 819 2294 te
841 2264 887 2294 sic
913 2263 1046 2294 variavit
1067 2269 1159 2304 poeta
1170 2284 1179 2300 ‚
1193 2259 1282 2303 quod
1297 2259 1366 2290 vul-
