1414 2435
588 63 710 93 LIBER
734 65 776 94 X.

1216 82 1275 102 121

89 117 352 166 Persequitur,
371 117 583 166 fortemque
602 121 785 165 Numam,
810 120 1031 172 fulvumque
1051 126 1280 175 Camertem,

90 177 334 227 Magnanimo
350 176 550 214 Volscente
569 185 710 224 satum,
731 179 934 219 ditissimus
954 184 1035 232 agri

90 237 167 283 Qui
186 238 258 274 suit
276 236 534 283 Ausonidum,
554 245 592 274 et
610 238 733 275 tacitis
750 241 922 289 regnavit
941 243 1117 292 Amyclis.

86 299 245 347 AEgaeon
263 296 402 346 qualis,
422 305 573 333 centum
592 298 654 334 cui
673 297 831 335 brachia
849 299 996 349 dicunt,

1231 315 1280 339 565

87 359 347 407 Centenasque
364 370 516 404 manus,
533 357 805 409 quinquaginta
824 359 955 397 oribus
974 361 1099 411 ignem

85 417 384 467 Pectoribusque
404 417 554 464 arsisse,
572 419 677 455 Jovis
696 431 814 468 quum
832 420 988 458 fulmina
1005 432 1137 460 contra

87 479 161 515 Tot
181 477 338 528 paribus
359 486 544 526 streperet
563 477 724 527 clypeis,
743 487 799 516 tot
817 479 1018 529 stringeret
1035 482 1132 520 ensis
1154 498 1162 519 :

88 537 152 575 Sic
170 547 250 575 toto
269 539 405 573 AEneas
423 536 577 573 desaevit
595 536 635 572 in
653 549 805 585 aequore
822 538 965 584 victor,

87 599 140 636 Ut
158 596 272 633 semel
288 595 453 645 intepuit
467 608 612 632 mucro.
634 595 737 640 Quin
755 609 841 633 ecce
858 597 1011 646 Niphaei

85 656 339 706 Quadrijuges
358 655 398 691 in
419 667 536 704 equos
557 654 790 703 adversaque
807 664 963 704 pectora
982 657 1101 695 tendit
1108 674 1119 706 3

85 718 212 764 Atque
230 714 286 750 illi
307 714 418 762 longe
435 712 669 762 gradientem
689 721 726 749 et
745 713 828 749 dira
845 714 1066 752 frementem

83 775 137 811 Ut
154 773 304 819 videre,
321 781 426 810 metu
444 771 546 809 versi
564 779 744 821 retroque
761 780 932 820 ruentes,

82 933 146 958 tem
162 926 275 957 sternit
288 925 540 957 AEneas.Pr1ma
552 925 652 968 agmi-

80 983 124 1002 na
151 972 269 1008 Turni,
291 972 343 1001 vel
367 970 568 1014 προμάχους,
593 974 651 1013 qui

78 1025 222 1070 pugnant
251 1024 322 1047 ante
349 1018 496 1055 ordines,
521 1018 573 1048 vel
593 1019 650 1058 qui

78 1065 112 1093 in
130 1065 233 1104 prima
248 1065 334 1101 acie,
360 1061 487 1105 ἀριςεῖς.
503 1081 551 1086 —
571 1064 648 1099 564.

77 1108 289 1140 Ausonidum.
322 1109 580 1146 Ausonidarum,
614 1116 651 1138 ut

76 1154 158 1185 bene
168 1155 296 1185 Servius
309 1155 453 1194 exponit.
463 1154 650 1184 Ausonidas

77 1207 181 1230 autem
195 1210 255 1240 pro
268 1199 455 1231 Aueonibus
469 1199 567 1237 dixit,
584 1201 651 1239 qui-

75 1245 153 1283 bus,
169 1256 270 1286 quum
286 1246 363 1275 olim
385 1255 512 1276 omnem
526 1244 650 1275 Italiam

75 1292 261 1322 inferiorem
276 1297 437 1328 tenerent,
451 1290 540 1320 sedes
552 1301 569 1320 a
583 1291 649 1321 Cir-

77 1339 152 1368 ceiis
168 1337 208 1367 ad
222 1338 310 1367 Lirin
323 1346 424 1376 usque
440 1337 533 1365 etiam
549 1337 646 1366 serio-

74 1383 162 1413 ribus
180 1383 324 1413 aetatibus
342 1391 494 1412 mansere.
519 1383 591 1412 Jam
611 1383 646 1412 in

71 1428 122 1458 his
150 1429 233 1459 locis
268 1429 351 1458 inter
381 1428 582 1458 Tarracinam
615 1434 646 1457 et

72 1475 210 1505 Caietam
221 1475 313 1513 juxta
325 1483 412 1502 mare
420 1475 484 1503 Am
481 1473 568 1511 yclae
580 1473 646 1503 fue-

71 1527 163 1558 runt,
182 1530 199 1550 a
221 1518 423 1560 serpentibus
444 1518 574 1555 deletae,
589 1529 644 1549 seu

70 1567 208 1606 viperae,
225 1575 282 1595 seu
295 1564 394 1606 hydri
407 1564 455 1595 illi
470 1565 576 1602 fuere,
595 1565 643 1594 in-

71 1611 251 1641 colentibus
273 1610 354 1640 urbe
376 1611 530 1641 excedere
552 1620 643 1640 coac-

70 1658 120 1687 tis.
136 1656 202 1687 vid.
215 1657 360 1686 Servium
376 1656 416 1685 ad
429 1657 462 1687 h.
474 1656 497 1686 1.
512 1663 544 1686 et
557 1656 639 1687 Plin.

73 1703 172 1739 VIII,
193 1712 235 1741 29
252 1708 283 1731 et
299 1707 436 1737 ceterOS,
458 1702 515 1741 qui
529 1702 642 1742 oppidi

69 1749 257 1784 meminere,
287 1745 373 1786 apud
402 1747 530 1777 Cluver.
568 1747 640 1778 Ital.

68 1801 133 1824 ant.
161 1804 233 1835 pag.
260 1793 359 1832 1093.
381 1793 507 1823 Nomen
530 1791 641 1831 oppidi

67 1841 205 1870 servavit
212 1839 306 1868 >sinus
313 1860 322 1875 ,
340 1848 428 1867 mare
440 1839 503 1867 Am
500 1837 640 1876 ycloenm

67 1885 118 1916 vel
137 1884 354 1915 Amuclanum
366 1906 375 1919 ,
402 1883 490 1924 quod
511 1883 640 1913 Tacitus

66 1932 161 1961 etiam
172 1936 326 1961 memorat
339 1930 386 1958 IV
400 1931 488 1958 Anu.
505 1929 558 1968 59.
573 1929 639 1957 Has

66 1977 220 2019 Amyclas
241 1975 356 2005 tacitas
371 1974 452 2004 dixit
463 1997 471 2011 ‚
497 1972 638 2014 epitheto

67 2022 131 2052 huc
152 2028 289 2053 retracto
312 2020 351 2051 ab
367 2020 472 2050 alteris
493 2019 639 2060 Amyclis

67 2069 229 2098 Laconicae
238 2090 247 2105 ,
264 2076 337 2107 quae
351 2067 392 2097 ab
407 2065 533 2096 Achaeis
547 2064 638 2094 habi-

68 2120 140 2143 tatae
151 2135 160 2151 ,
173 2124 210 2144 ac
223 2113 280 2144 diu
293 2112 417 2143 fortiter
430 2117 640 2153 propugnatae

69 2158 198 2190 tandem
208 2169 226 2189 a
233 2158 442 2190 Doriensihus
451 2163 641 2199 expugnatae

196 2223 261 2258 IV.

704 933 780 957 sunt
796 937 804 958 :
816 926 958 958 hosfium
970 930 1055 958 enim
1069 929 1208 961 adventu
1222 944 1275 963 sae-

702 983 743 1013 pe
767 979 884 1003 temere
905 975 1069 1012 nuntiato,
1086 986 1186 1015 quum
1201 989 1275 1009 vere

702 1017 802 1048 hostis
816 1020 951 1049 venisset
960 1042 968 1056 ‚
984 1022 1111 1050 nemine
1125 1024 1275 1054 nuntian-

703 1070 751 1100 te,
772 1070 803 1093 et
821 1065 996 1095 tacentibus
1014 1066 1176 1103 omnibus,
1195 1070 1273 1100 urbs

703 1115 794 1149 capta
809 1116 865 1140 est.

752 1155 818 1184 565
832 1166 900 1195 sqq.
923 1151 1093 1196 Splendida
1111 1169 1273 1200 compara-

702 1200 760 1230 tio.
781 1201 848 1240 Qui
863 1202 986 1241 primns
1006 1213 1094 1232 nunc
1119 1203 1272 1236 deductus

702 1252 768 1274 erat
783 1246 817 1274 in
835 1246 982 1285 praelium
1004 1250 1118 1278 AEneas
1130 1272 1139 1286 ,
1155 1258 1272 1290 quanta

700 1291 839 1327 virtute,
863 1301 927 1330 quo
950 1292 1057 1322 furore
1083 1292 1122 1322 fit
1147 1297 1272 1335 conspi-

701 1337 796 1365 cuus!
827 1336 931 1366 Aliter
959 1337 998 1367 de
1028 1340 1193 1379 AEgaeone,
1214 1351 1270 1371 seu

699 1382 827 1411 Briareo
851 1382 966 1420 tradit,
991 1393 1086 1423 quam
1111 1386 1270 1416 Homerus

699 1426 791 1458 Iliad.
810 1436 850 1464 α,
876 1429 941 1464 403
954 1452 963 1466 ‚
990 1434 1076 1465 404,
1093 1440 1194 1470 quum
1218 1432 1268 1461 in-

697 1479 746 1502 ter
765 1473 914 1514 Gigantes
932 1484 1005 1504 eum
1029 1475 1145 1505 referre
1167 1476 1270 1507 videa-

697 1524 770 1555 tur,
793 1519 850 1558 qui
873 1519 1049 1560 Olympum
1068 1530 1267 1562 oppugnant.

696 1563 878 1593 Pectoribus
892 1564 979 1595 addit
996 1566 1058 1604 567
1070 1589 1078 1603 ‚
1093 1567 1166 1606 quia
1181 1567 1268 1598 efflat

695 1610 818 1650 ignem,
835 1616 871 1640 ut
895 1611 996 1641 Cacus
1015 1621 1109 1652 supra
1120 1634 1130 1649 ‚
1148 1619 1186 1642 ut
1201 1615 1267 1653 Ty-

693 1654 808 1696 phoeus
819 1677 828 1693 ,
845 1663 876 1686 et
898 1663 946 1687 tot
962 1657 1020 1686 alia
1035 1664 1186 1688 monstra.
1208 1660 1269 1689 Tot

686 1701 838 1740 paribus,
865 1703 934 1741 pari
962 1713 1096 1732 numero
1107 1724 1116 1739 ,
1145 1703 1264 1734 scilicet

693 1747 922 1787 quinquaginta
947 1747 1086 1787 clypeos.
1111 1746 1182 1784 Sic,
1202 1755 1265 1778 «ut

693 1801 761 1820 non
773 1802 871 1820 unam
891 1802 1021 1822 manum
1034 1798 1161 1832 putares
1171 1815 1180 1829 ,
1197 1799 1263 1822 toto

694 1843 779 1865 εἰς.»
803 1838 890 1866 Serv,
913 1839 1033 1867 Locum
1056 1836 1138 1866 bene
1162 1845 1263 1868 trans-

692 1881 767 1910 tulit
789 1881 829 1910 ad
842 1881 988 1922 Tydeum
1010 1884 1086 1913 Stat.
1106 1884 1138 1913 11
1158 1883 1260 1914 Theb.

693 1927 759 1966 595
773 1937 820 1967 sq.

739 1972 758 2001 5
763 1982 778 2010 7
786 1982 816 2002 2.
832 1974 942 2013 Longe
950 1972 1153 2013 gradientem
1163 1985 1176 2009 ;
1191 1973 1260 2004 lou-

691 2018 736 2058 gis
750 2017 899 2058 gradibus
918 2018 1138 2056 incedentem3
1158 2029 1227 2049 non
1243 2031 1261 2050 e

690 2064 868 2104 longinquo
879 2073 887 2093 :
899 2060 1006 2106 μακρὰ
1017 2062 1165 2102 βιβῶντα.
1175 2066 1262 2106 Mag-

693 2108 824 2139 nificum
846 2119 923 2139 vero
941 2116 972 2138 et
986 2109 1048 2139 hoc
1066 2109 1106 2139 de
1120 2112 1217 2140 AEnea
1230 2117 1262 2141 et

693 2165 770 2186 mox
785 2166 815 2185 v.
834 2155 900 2196 579
917 2154 1027 2196 ingens
1043 2155 1202 2196 apparuit.
1218 2173 1265 2180 —-

1056 2231 1097 2255 11
