1414 2435
148 65 163 93 3
172 67 187 94 3
194 64 210 93 3
605 55 827 86 EXCURSUS
851 56 883 84 II

189 125 228 152 In
247 117 370 150 excidio
385 115 475 146 urhis
490 115 595 154 Trojae
609 120 685 144 sunt
700 112 787 143 haud
804 123 906 154 pauca
921 112 960 142 ad
979 119 1126 142 nostrum
1143 123 1271 143 sensum
1286 125 1341 155 pa—

146 185 216 205 rum
231 171 440 214 probabiliter
455 175 599 207 narrata,
622 168 769 209 inprimis
788 176 858 208 quae
876 165 915 196 de
936 177 1019 207 equo
1038 165 1180 205 Trojano
1199 168 1342 208 exposita

143 235 236 265 sunt3
253 234 321 257 tum
335 225 374 255 de
388 224 535 255 simulato
548 223 689 253 discessu
703 228 735 252 et
748 222 844 252 classe
856 227 930 262 post
942 220 1107 252 Tenedum
1121 221 1255 258 latente,
1271 232 1342 262 quae

143 292 248 313 tamen
266 280 370 310 insula
393 278 426 308 in
450 285 620 320 conspectu
635 283 702 307 erat
717 286 725 308 :
744 277 832 318 atqui
849 276 965 306 harum
987 286 1095 306 rerum
1111 275 1208 306 fidem
1222 275 1342 307 nullam

144 342 291 377 praestare
314 333 410 364 debet
433 339 544 374 poeta,
563 342 642 373 quas
665 341 706 361 ex
730 331 867 371 antiquis
886 330 1006 371 mythis
1023 337 1190 371 poetarum
1206 331 1342 371 ingeniis

147 390 265 419 ornatis
293 387 465 418 adsciverat
486 397 494 418 z
515 386 548 417 in
564 386 613 416 his
628 385 738 427 prisca
748 384 837 427 fides
846 384 955 427 facto,
980 384 1040 414 sed
1048 384 1150 425 firma
1163 384 1317 425 perennis
1330 394 1343 414 .·

143 446 191 475 IX
202 466 211 482 ‚
229 454 270 484 79
282 454 291 481 3
308 453 373 483 quo
386 443 454 483 ipse
466 448 560 483 poeta
575 447 763 482 argumento
777 440 992 470 narrationem
1001 438 1040 468 de
1054 439 1190 469 navibus
1202 440 1236 469 in
1244 439 1345 480 Nym-

146 499 222 539 phas
239 498 368 528 mutatis
384 503 501 527 tuetur.

190 555 332 583 Paratam
345 550 519 592 Virgilium
531 549 656 579 laudem
670 559 711 579 ex
724 558 762 578 eo
776 547 893 578 habere
907 547 992 586 dixi,
1008 546 1097 588 quod
1114 547 1235 578 fabulas
1248 547 1345 589 Ulys-

146 607 186 637 sis
201 612 232 636 et
245 616 390 636 errorum
402 604 482 647 (τῶν
500 601 626 634 Νόστων
637 602 716 645 >suo
731 602 864 631 carmini
879 602 1036 639 intexuit,
1053 611 1154 642 eoque
1164 602 1344 631 varietatem

145 671 181 690 ac
204 661 328 700 copiam
351 669 457 688 rerum
480 657 711 687 narrandarum
735 662 847 685 nactus
866 661 922 685 est.
941 656 1067 694 Magnae
1086 655 1121 684 in
1137 654 1186 684 his
1203 654 1345 685 incidere

145 715 283 744 debuere
306 710 528 747 difficultates,
550 720 653 750 quum
674 708 776 738 multa
798 719 816 738 a
839 708 972 739 diversis
996 715 1121 739 narrata
1137 715 1240 739 essent
1260 708 1346 739 haud

146 766 218 796 satis
238 766 322 794 inter
345 773 377 792 se
399 763 624 804 congruentia;
639 761 742 792 multo
764 762 880 803 magis,
901 763 943 800 si,
966 762 1054 803 quod
1075 763 1191 800 docui,
1212 764 1346 804 tragicos

147 818 254 849 multis
272 818 307 847 in
327 816 406 846 locis
430 815 595 855 expressit.
610 816 732 844 Verum
747 815 782 842 in
799 814 848 843 his
864 816 937 844 satis
956 823 1023 845 erat
1035 839 1044 854 ,
1058 818 1084 846 si
1101 816 1181 846 nihil
1197 817 1232 846 in
1245 817 1345 857 ipsam

147 871 359 901 narrationem
380 868 577 906 admitteret,
597 866 684 909 quod
701 866 852 897 dissidere
874 878 891 897 a
916 870 1027 898 ceteris
1051 870 1154 899 videri
1169 877 1295 910 posset;
1312 878 1348 900 ut

146 935 221 954 vero
242 922 323 954 nihil
341 928 534 963 apponeret,
554 921 644 962 quod
660 921 742 951 forte
758 931 865 950 rernm
884 922 923 951 ab
942 922 1009 952 aliis
1023 930 1223 953 narratarum
1241 923 1347 954 ordini

147 983 352 1018 repugnaret,
372 976 407 1006 id
428 986 487 1006 nec
506 975 686 1005 cavendum
701 976 762 1016 ipsi
784 982 869 1014 erat,
883 987 985 1016 quum
1007 984 1096 1007 extra
1112 979 1295 1020 ‘argumenti
1315 985 1347 1009 et

145 1030 269 1061 consilii
284 1028 364 1060 fines
378 1030 516 1070 positum
533 1035 628 1065 esset,
645 1038 704 1058 nec
719 1029 753 1058 in
771 1035 856 1059 tanta
869 1031 1089 1060 narrationum
1101 1031 1282 1062 diversitate
1299 1042 1348 1062 ca-

149 1085 215 1114 veri
229 1084 347 1124 potuit.

194 1140 304 1178 Itaque
328 1138 408 1167 vitio
431 1138 514 1167 verti
537 1137 664 1168 Maroni
689 1148 755 1167 non
778 1144 901 1178 potest,
925 1137 1014 1178 quod
1036 1138 1285 1169 Achemenidem
1309 1140 1348 1170 ab

154 1191 265 1232 Ulysse
286 1197 357 1221 ante
377 1197 438 1221 tres
454 1201 575 1221 menses
594 1192 628 1221 in
648 1191 826 1232 Cyclopum
841 1191 935 1222 litore
954 1192 1102 1222 relictum
1117 1194 1276 1230 narravit,
1293 1195 1350 1223 etsi

149 1256 190 1275 ex
203 1246 372 1276 Homerica
387 1234 569 1276 narratione
588 1246 694 1286 primo
709 1246 814 1275 statim
829 1256 845 1275 a
858 1247 962 1286 Trojae
978 1246 1104 1278 excidio
1122 1257 1206 1277 anno
1222 1247 1352 1289 Ulysses

148 1299 186 1329 ad
210 1299 348 1330 Siciliam
372 1301 547 1341 appulerat.
564 1301 619 1330 Est
632 1300 718 1330 enim
738 1300 800 1330 hoc
819 1306 908 1330 extra
928 1311 1087 1338 caussam,
1113 1308 1149 1331 ut
1169 1302 1212 1331 ita
1229 1301 1350 1337 dicam,

146 1355 285 1394 positum
297 1376 305 1391 ,
323 1354 411 1395 quod
429 1355 509 1384 alius
525 1355 614 1384 aliter
633 1354 766 1385 eandem
785 1355 922 1386 fabulam
936 1356 1098 1398 exposuit,
1116 1344 1237 1386 Eodem
1254 1355 1350 1386 modo

145 1407 329 1437 diluendam
343 1414 422 1447 puto
436 1407 528 1437 aliam
543 1409 792 1446 accusationem,
807 1419 903 1449 quam
920 1410 980 1439 viri
995 1409 1083 1439 docti
1092 1419 1226 1439 acumen
1238 1410 1272 1439 in
1286 1420 1350 1441 me·

145 1459 235 1488 dium
257 1460 358 1490 affert.
376 1461 414 1489 In
428 1460 570 1501 Odyssea
587 1461 648 1490 sub
664 1468 804 1490 extrema
819 1473 966 1491 errorum
984 1463 1107 1503 Ulyssis
1122 1469 1264 1504 tempora
1275 1485 1284 1500 ,
1299 1463 1351 1493 ad-

145 1523 248 1553 eoque
271 1523 358 1543 nono
376 1513 439 1543 fere
459 1513 622 1544 decimove
639 1524 722 1544 anno
738 1520 810 1555 post
831 1515 959 1553 Trojam
982 1522 1124 1555 captam,
1143 1516 1350 1547 Telemachus

150 1566 189 1596 ad
206 1567 389 1596 Menelaum
405 1568 491 1596 venit
502 1590 510 1604 ,
527 1569 583 1607 qui
603 1578 686 1597 anuo
705 1569 886 1608 superiore,
903 1575 1034 1598 octavus
1049 1575 1133 1605 erat,
1149 1568 1281 1600 domum
1301 1582 1349 1601 re-

149 1621 249 1650 dierat
273 1619 400 1660 (OdyS.
425 1631 446 1663 ’γ
459 1643 466 1657 ,
490 1621 573 1658 306;
590 1618 630 1659 ὃ,
652 1622 693 1651 82
705 1621 727 1661 ).
752 1621 868 1651 Incidit
886 1622 1092 1653 Telemachus
1113 1624 1148 1653 in
1164 1632 1348 1665 apparatum

148 1675 333 1714 nuptiarum
349 1675 536 1704 Hermiones
552 1674 591 1704 ad
608 1675 766 1716 Pyrrhum
779 1675 952 1713 mittendae,
963 1676 1064 1717 Odys.
1081 1673 1111 1714 ὃ,
1128 1687 1177 1718 pr.
1191 1679 1264 1709 Jam
1274 1680 1350 1719 Pyr-

149 1726 242 1757 rhum
261 1727 542 1768 occidit—erepta·
562 1739 684 1770 magno
703 1728 923 1771 irssammacus
939 1740 1048 1760 amore
1069 1729 1220 1773 Conjngis
1237 1739 1268 1762 et
1281 1742 1346 1762 sce—

149 1784 245 1811 lerum
254 1781 351 1823 fiat-iis
366 1781 507 1824 agitatus
524 1784 658 1814 Orestes.
674 1786 745 1814 AEn.
762 1785 809 1813 111
821 1807 828 1821 ‚
846 1785 910 1815 330
924 1796 970 1826 sq.
985 1808 993 1823 ,
1008 1795 1073 1826 quo
1090 1785 1174 1816 facto
1190 1786 1258 1825 ejus
1273 1796 1349 1816 con-

146 1839 205 1875 jux
217 1860 225 1874 ‚
242 1837 481 1875 Andromache,
499 1839 590 1868 cessit
604 1839 728 1869 Heleno
741 1850 807 1869 uuo
823 1850 895 1869 cum
909 1851 1007 1881 regno
1020 1841 1118 1880 partis
1133 1840 1221 1880 Epiri
1234 1850 1264 1870 ν.
1282 1847 1348 1880 294

147 1902 192 1931 sq.
217 1894 372 1933 Tempora
393 1894 426 1922 in
448 1892 496 1923 his
518 1903 534 1923 a
557 1893 693 1935 Virgilio
712 1893 909 1934 perturbari,
927 1895 952 1924 si
969 1895 1145 1925 Homerum
1167 1904 1345 1935 compares,

148 1946 349 1976 manifestum
371 1946 427 1983 fit;
447 1947 595 1988 appulsus
621 1949 705 1978 enim
725 1950 832 1979 AEneae
858 1948 896 1978 ad
919 1949 1051 1989 Epirum
1073 1954 1188 1988 quarto
1213 1958 1229 1978 a
1253 1950 1347 1989 Troja

150 2007 241 2041 capta
262 2011 345 2031 anno
363 2001 462 2031 sactus
481 2009 557 2032 erat.
574 2003 746 2032 Enimvero
770 2003 850 2033 ratio
871 2003 905 2032 in
926 2002 987 2033 hoc
1011 2001 1120 2032 eadem
1145 2009 1208 2039 est,
1228 2013 1300 2043 quae
1313 2004 1347 2033 in

145 2056 307 2093 superiore
330 2055 583 2096 reprehensione,
602 2058 684 2086 Tum
708 2057 840 2086 omnino
864 2055 980 2086 fabula:
1004 2056 1124 2086 Orestis
1137 2079 1144 2093 ‚
1163 2056 1299 2098 Pyrrhi,
1315 2063 1347 2087 et

148 2107 260 2137 uoloni
289 2115 350 2137 tam
371 2108 502 2139 diversis
522 2109 623 2140 modis
648 2116 785 2140 tractatae
807 2109 913 2147 fuere,
938 2110 1084 2150 inprimis
1108 2120 1124 2140 a
1148 2111 1289 2153 tragicis,
1308 2117 1344 2140 ut

148 2157 291 2201 fingendi
307 2162 441 2192 liberum
457 2171 535 2193 css-et
552 2163 728 2194 arbitrium.
