1414 2435
110 115 177 154 378

476 118 510 146 P.
541 116 726 148 VIRGILII
749 114 945 147 MARoNIS

110 177 192 211 Jam
209 173 286 223 jam
306 184 375 209 nec
393 172 506 210 nobis
527 187 590 220 ea,
610 187 696 223 quae
716 173 951 220 senioribus,
971 172 1089 210 ullum

114 234 232 284 Copia
252 233 404 270 vivendi
422 233 510 271 vitae
531 247 662 284 genus.
678 236 732 270 Ut
751 234 844 283 quid
863 246 932 283 ego
953 247 1080 271 amens

117 296 168 329 Tc
188 302 334 343 erepta,
352 306 375 329 o
391 293 632 339 Britomarti,
651 307 744 330 meae
762 307 847 343 spes
865 306 941 329 una
959 293 1107 340 salutis,

1273 298 1322 330 ²95

118 355 189 397 Te,
210 352 447 398 Britomarti,
469 352 569 389 diem
588 353 697 402 potui
716 352 930 402 producere
946 353 1057 389 vitae?

118 415 242 461 Atque
262 413 407 449 utinam
428 413 542 449 celeri
560 426 608 449 ne
628 421 776 449 tantum
795 421 903 463 grata
921 413 1053 450 Dianae

117 473 284 508 Venatus
303 484 401 508 esses
419 471 528 521 virgo
546 480 687 509 sectata
703 472 895 518 virorum,

119 531 273 568 Cnossia
293 544 369 567 neu
388 530 529 568 Partho
549 531 780 569 contendens
799 531 943 581 spicula
961 544 1085 568 eor-nu-

118 591 280 627 Dictaeas
298 603 428 640 ageres
447 590 495 626 ad
515 591 685 640 gramina
704 599 795 628 nota
812 590 974 640 capellas
994 604 1002 625 :
1277 595 1325 618 3⁰0

119 653 344 700 Nunquam,
363 659 439 687 tam
460 650 601 688 obnixe
622 651 768 700 fugiens
787 650 928 687 Minois
945 660 1110 694 amoreS‚

122 712 293 759 Praeceps
315 710 434 746 aereis
455 711 608 760 specula
627 709 674 746 de
691 710 885 747 montibus
904 709 996 746 isses
1015 724 1022 745 ε

123 769 234 805 Unde
253 768 316 804 alii
336 769 475 816 fugisse
494 770 639 813 ferunt,
659 777 696 804 et
711 769 868 805 numina
883 767 1038 817 Aphaeae

123 828 291 877 Virginis
312 827 510 875 adsignant
529 841 537 862 :
557 826 639 871 alii,
660 838 736 874 quo
756 828 884 862 notior
904 839 1021 871 esses,

124 888 352 935 Dictynnam
374 885 505 921 dixere
525 894 590 921 tuo
612 884 658 920 de
677 885 830 921 nomine
848 887 1006 921 Lunam.

1278 891 1327 915 305

127 948 211 984 Sint
228 946 309 982 haec
328 958 418 982 vera
438 945 551 981 velim
573 959 581 979 :
604 944 698 980 mihi
721 953 841 989 certe,
863 954 992 993 gnata,
1013 944 1155 994 peristi.

127 1009 331 1054 Nunquam
350 1017 420 1053 ego
440 1013 476 1040 te
494 1015 642 1040 summo
662 1003 884 1039 volitantem
903 1004 943 1039 in
962 1004 1104 1040 vertice
1124 1003 1260 1040 montis

129 1067 327 1113 Hyrcanos
346 1063 446 1099 inter
466 1062 622 1099 comites
643 1075 853 1112 agmenque
874 1063 1040 1099 ferarum

130 1123 386 1173 Conspickun,
405 1136 474 1159 nec
494 1132 531 1159 te
551 1122 771 1159 redeuntem
790 1122 962 1172 amplexa
982 1121 1130 1159 tenebo.

128 1186 270 1220 Verum
289 1182 370 1219 liaec
390 1191 470 1218 tum
489 1181 601 1218 nobis
621 1182 752 1231 gravia
769 1191 883 1231 atque
903 1182 1058 1231 indigna
1077 1181 1199 1227 fuere,
1284 1189 1332 1213 31⁰

129 1248 244 1290 Tum,
265 1257 347 1280 mea
367 1244 534 1288 alumna,
556 1243 611 1279 tui
631 1256 749 1293 quum
769 1256 854 1293 spes
872 1242 1020 1293 integra
1039 1251 1225 1287 maneret,

131 1308 178 1342 Et
196 1317 269 1341 vox
290 1306 361 1341 ista
378 1317 478 1341 meas
498 1303 668 1340 nondum
687 1303 897 1340 violaverat
915 1316 1035 1340 aures.

132 1369 233 1402 Tene
253 1365 364 1401 etiam
383 1367 552 1401 Fortuna
569 1364 662 1400 mihi
681 1363 846 1401 erudelis
865 1363 1028 1400 ademit?

134 1428 254 1470 Tene,
276 1437 297 1459 o
318 1425 396 1461 sola
413 1436 504 1460 meae
523 1423 676 1460 vivendi
696 1436 826 1461 caussa
846 1423 1030 1461 senectae?

135 1486 243 1533 Saepe
263 1491 327 1519 tuo
349 1482 449 1519 dulci
469 1482 725 1532 nequidquam
745 1493 855 1533 capta
874 1495 1030 1533 sopore,

137 1628 220 1657 nisse
251 1626 399 1666 putanda.
431 1627 496 1657 Nec
525 1633 628 1656 tamen
655 1625 708 1656 hic

139 1674 281 1703 Minoem
301 1684 332 1701 se
349 1673 494 1712 effugisse
511 1672 606 1702 videt.

188 1727 264 1757 207.
297 1719 493 1747 Britomartis
522 1719 667 1749 venatrix
693 1730 708 1747 a

139 1765 249 1794 Minoe
268 1771 452 1804 conspecta,
467 1771 497 1793 ct
509 1787 517 1801 ‚
533 1772 567 1794 ut
582 1765 648 1802 ejus
662 1765 708 1794 in-

139 1810 231 1839 sidias
253 1810 391 1851 fugeret,
411 1821 551 1851 praeceps
573 1811 606 1840 in
626 1821 710 1840 mare

142 1856 254 1886 delata.

189 1904 265 1933 305.
290 1903 354 1933 Alii
374 1905 493 1933 Lunam
513 1910 569 1933 tuo
593 1903 632 1933 de
654 1913 711 1933 no-

141 1950 223 1978 mine
241 1950 433 1990 Dictynnam
447 1949 642 1990 appellavere
656 1949 707 1981 :id

139 1994 226 2034 quod
241 1997 331 2035 ponit
345 1997 453 2032 tacite,
472 1997 641 2036 Dictynnae
654 2006 710 2025 no-

140 2052 211 2070 men
222 2042 399 2072 Britomarti
410 2043 502 2072 fuisse
513 2042 709 2072 inditum.At

140 2087 192 2115 illa
209 2088 266 2116 suit
290 2089 448 2129 Dictynna
465 2089 549 2118 dicta
565 2099 580 2117 a
600 2089 708 2118 Dianae

141 2134 286 2166 nomine:
307 2145 377 2173 quae
402 2135 433 2165 h.
453 2135 473 2165 l.
500 2134 607 2164 eadem
634 2145 707 2164 cum

140 2180 225 2207 Luna
246 2190 309 2207 css(-
325 2179 438 2210 «nitur.
456 2182 626 2210 Diversitas
647 2181 709 2209 nti-

139 2234 199 2264 que
235 2227 423 2254 narrationis
457 2227 488 2256 in
523 2227 583 2257 hoc
624 2226 681 2255 fuit
701 2249 708 2262 ‚

1284 1491 1333 1516 3¹5

763 1626 850 1667 qnod
865 1626 914 1656 alii
936 1628 1130 1666 Dictynnam
1146 1626 1333 1666 interpreta-

765 1673 881 1702 bantur
894 1674 1043 1709 Diauam,
1055 1672 1106 1702 alii
1122 1672 1231 1701 Dianae
1245 1681 1335 1712 nym-

764 1718 870 1758 pham.

814 1766 830 1794 3
841 1775 889 1794 10.
916 1763 1058 1804 Indigna
1069 1786 1077 1799 ‚
1104 1762 1315 1794 intolerabilia
1328 1786 1335 1799 ‚

765 1817 802 1840 ut
828 1821 910 1851 saepe
941 1811 1024 1840 alias.
1053 1811 1238 1840 Evenerant
1267 1809 1335 1839 haec

765 1857 876 1887 acerba
897 1855 971 1886 filiae
996 1856 1055 1885 sata
1078 1862 1164 1893 tum,
1189 1865 1287 1896 quum
1305 1862 1335 1885 tc

766 1903 924 1933 alumnam
947 1902 1108 1933 haberem.
1124 1903 1243 1938 Fuere,
1262 1912 1333 1932 eve—

761 1957 891 1980 nerunt.

811 1997 829 2026 3
839 2007 849 2025 1
859 1996 945 2026 5-3
956 2005 966 2024 ι
975 2005 1004 2032 7.
1018 1996 1105 2035 Saepe
1118 1993 1223 2035 Sc5lla
1236 1994 1335 2024 infan-

764 2049 793 2072 te
806 2042 840 2071 iu
854 2043 926 2072 sinu
943 2041 1136 2076 dormiente,
1153 2050 1253 2080 quum
1269 2041 1334 2081 ipsa

764 2088 875 2118 dolore
900 2087 996 2117 animi
1018 2087 1100 2115 victa
1123 2087 1184 2116 vita
1212 2097 1244 2116 se
1269 2087 1333 2127 pri-

764 2145 836 2164 vare
853 2133 961 2169 vellet,
977 2139 1112 2163 mortem
1131 2132 1288 2163 distulisse
1301 2143 1333 2161 se

763 2181 821 2216 ait,
848 2186 883 2209 nt
901 2185 990 2209 antea
1013 2180 1083 2209 viro
1109 2186 1241 2220 nuptam
1265 2189 1333 2209 eam

765 2225 894 2255 videret.
918 2227 1040 2265 Capta,
1069 2225 1221 2255 delectata
1240 2235 1247 2256 Ζ
1275 2235 1331 2261 an,
