<?xml version="1.0" encoding="UTF-8"?>
<!DOCTYPE html PUBLIC "-//W3C//DTD XHTML 1.0 Transitional//EN"
    "http://www.w3.org/TR/xhtml1/DTD/xhtml1-transitional.dtd">
<html xmlns="http://www.w3.org/1999/xhtml" xml:lang="en" lang="en">
 <head>
  <title>
</title>
<meta http-equiv="Content-Type" content="text/html;charset=utf-8" />
  <meta name='ocr-system' content='tesseract 3.04.00' />
  <meta name='ocr-capabilities' content='ocr_page ocr_carea ocr_par ocr_line ocrx_word'/>
</head>
<body>
  <div class='ocr_page' id='page_1' title='image "./operahey04virguoft_0230.png"; bbox 0 0 1414 2435; ppageno 0'>
   <div class='ocr_carea' id='block_1_1' title="bbox 115 88 182 108">
    <p class='ocr_par' dir='ltr' id='par_1_1' title="bbox 115 88 182 108">
     <span class='ocr_line' id='line_1_1' title="bbox 115 88 182 108; baseline 0 0"><span class='ocrx_word' id='word_1_1' title='bbox 115 88 182 108; x_wconf 84' lang='lat'>220</span> 
     </span>
    </p>
   </div>
   <div class='ocr_carea' id='block_1_2' title="bbox 620 73 817 106">
    <p class='ocr_par' dir='ltr' id='par_1_2' title="bbox 620 73 817 106">
     <span class='ocr_line' id='line_1_2' title="bbox 620 73 817 106; baseline 0.01 -2"><span class='ocrx_word' id='word_1_2' title='bbox 620 73 817 106; x_wconf 80' lang='lat' dir='ltr'><strong>AENEIDOS</strong></span> 
     </span>
    </p>
   </div>
   <div class='ocr_carea' id='block_1_3' title="bbox 115 132 1139 186">
    <p class='ocr_par' dir='ltr' id='par_1_3' title="bbox 115 132 1139 186">
     <span class='ocr_line' id='line_1_3' title="bbox 115 132 1139 186; baseline -0.001 -13"><span class='ocrx_word' id='word_1_3' title='bbox 115 133 334 186; x_wconf 84' lang='lat' dir='ltr'>Depromsit</span> <span class='ocrx_word' id='word_1_4' title='bbox 354 133 554 183; x_wconf 83' lang='lat' dir='ltr'>pharetra,</span> <span class='ocrx_word' id='word_1_5' title='bbox 574 144 772 182; x_wconf 85' lang='lat' dir='ltr'>cornuque</span> <span class='ocrx_word' id='word_1_6' title='bbox 792 132 941 170; x_wconf 87' lang='lat' dir='ltr'>infensa</span> <span class='ocrx_word' id='word_1_7' title='bbox 961 135 1139 182; x_wconf 85' lang='lat' dir='ltr'>tetendit,</span> 
     </span>
    </p>
   </div>
   <div class='ocr_carea' id='block_1_4' title="bbox 118 192 925 243">
    <p class='ocr_par' dir='ltr' id='par_1_4' title="bbox 118 192 925 243">
     <span class='ocr_line' id='line_1_4' title="bbox 118 192 925 243; baseline -0.004 -11"><span class='ocrx_word' id='word_1_8' title='bbox 118 198 165 233; x_wconf 88' lang='lat' dir='ltr'>Et</span> <span class='ocrx_word' id='word_1_9' title='bbox 183 194 291 231; x_wconf 80' lang='lat' dir='ltr'>duxit</span> <span class='ocrx_word' id='word_1_10' title='bbox 311 194 438 243; x_wconf 80' lang='lat' dir='ltr'>longe,</span> <span class='ocrx_word' id='word_1_11' title='bbox 458 192 579 229; x_wconf 91' lang='lat' dir='ltr'>donec</span> <span class='ocrx_word' id='word_1_12' title='bbox 598 202 758 230; x_wconf 88' lang='lat' dir='ltr'>curvata</span> <span class='ocrx_word' id='word_1_13' title='bbox 777 193 925 230; x_wconf 85' lang='lat' dir='ltr'>coirent</span> 
     </span>
    </p>
   </div>
   <div class='ocr_carea' id='block_1_5' title="bbox 1277 206 1326 230">
    <p class='ocr_par' dir='ltr' id='par_1_5' title="bbox 1277 206 1326 230">
     <span class='ocr_line' id='line_1_5' title="bbox 1277 206 1326 230; baseline 0 0"><span class='ocrx_word' id='word_1_14' title='bbox 1277 206 1326 230; x_wconf 71' lang='lat'>860</span> 
     </span>
    </p>
   </div>
   <div class='ocr_carea' id='block_1_6' title="bbox 116 252 1330 906">
    <p class='ocr_par' dir='ltr' id='par_1_6' title="bbox 116 252 1330 906">
     <span class='ocr_line' id='line_1_6' title="bbox 118 252 1118 305; baseline 0 -13"><span class='ocrx_word' id='word_1_15' title='bbox 118 258 221 292; x_wconf 83' lang='lat' dir='ltr'><strong>Inter</strong></span> <span class='ocrx_word' id='word_1_16' title='bbox 239 267 277 290; x_wconf 87' lang='lat' dir='ltr'>se</span> <span class='ocrx_word' id='word_1_17' title='bbox 297 252 440 302; x_wconf 86' lang='lat' dir='ltr'>capita,</span> <span class='ocrx_word' id='word_1_18' title='bbox 461 260 499 289; x_wconf 86' lang='lat' dir='ltr'>et</span> <span class='ocrx_word' id='word_1_19' title='bbox 516 252 691 290; x_wconf 81' lang='lat' dir='ltr'>manibus</span> <span class='ocrx_word' id='word_1_20' title='bbox 707 253 788 302; x_wconf 90' lang='lat' dir='ltr'>jam</span> <span class='ocrx_word' id='word_1_21' title='bbox 808 262 981 304; x_wconf 83' lang='lat' dir='ltr'>tangeret</span> <span class='ocrx_word' id='word_1_22' title='bbox 1001 255 1118 305; x_wconf 86' lang='lat' dir='ltr'>aequis</span> 
     </span>
     <span class='ocr_line' id='line_1_7' title="bbox 119 312 1079 364; baseline -0.001 -11"><span class='ocrx_word' id='word_1_23' title='bbox 119 319 231 353; x_wconf 81' lang='lat' dir='ltr'>Laeva</span> <span class='ocrx_word' id='word_1_24' title='bbox 251 314 371 350; x_wconf 85' lang='lat' dir='ltr'>aciem</span> <span class='ocrx_word' id='word_1_25' title='bbox 390 312 500 358; x_wconf 83' lang='lat' dir='ltr'>ferri,</span> <span class='ocrx_word' id='word_1_26' title='bbox 520 313 655 350; x_wconf 82' lang='lat' dir='ltr'>dextra</span> <span class='ocrx_word' id='word_1_27' title='bbox 672 326 869 363; x_wconf 89' lang='lat' dir='ltr'>nervoque</span> <span class='ocrx_word' id='word_1_28' title='bbox 887 315 1079 364; x_wconf 87' lang='lat' dir='ltr'>papillam.</span> 
     </span>
     <span class='ocr_line' id='line_1_8' title="bbox 117 372 1045 425; baseline -0.002 -11"><span class='ocrx_word' id='word_1_29' title='bbox 117 375 316 425; x_wconf 79' lang='lat' dir='ltr'><strong>Extemplo</strong></span> <span class='ocrx_word' id='word_1_30' title='bbox 337 374 402 411; x_wconf 87' lang='lat' dir='ltr'>teli</span> <span class='ocrx_word' id='word_1_31' title='bbox 419 372 623 411; x_wconf 86' lang='lat' dir='ltr'>stridorem</span> <span class='ocrx_word' id='word_1_32' title='bbox 637 401 647 418; x_wconf 92' lang='lat'><strong><em>,</em></strong></span> <span class='ocrx_word' id='word_1_33' title='bbox 667 386 856 423; x_wconf 85' lang='lat' dir='ltr'>aurasque</span> <span class='ocrx_word' id='word_1_34' title='bbox 875 376 1045 413; x_wconf 83' lang='lat' dir='ltr'>sonantis</span> 
     </span>
     <span class='ocr_line' id='line_1_9' title="bbox 117 433 1157 483; baseline -0.002 -8"><span class='ocrx_word' id='word_1_35' title='bbox 117 436 250 475; x_wconf 85' lang='lat' dir='ltr'><strong>Audiit</strong></span> <span class='ocrx_word' id='word_1_36' title='bbox 270 447 346 472; x_wconf 87' lang='lat' dir='ltr'>una</span> <span class='ocrx_word' id='word_1_37' title='bbox 364 436 530 480; x_wconf 85' lang='lat' dir='ltr'>Arruns,</span> <span class='ocrx_word' id='word_1_38' title='bbox 551 433 738 482; x_wconf 76' lang='lat' dir='ltr'><strong>haesitque</strong></span> <span class='ocrx_word' id='word_1_39' title='bbox 758 433 798 469; x_wconf 86' lang='lat' dir='ltr'>in</span> <span class='ocrx_word' id='word_1_40' title='bbox 816 445 980 483; x_wconf 84' lang='lat' dir='ltr'>corpore</span> <span class='ocrx_word' id='word_1_41' title='bbox 1000 435 1157 473; x_wconf 84' lang='lat' dir='ltr'>ferrum.</span> 
     </span>
     <span class='ocr_line' id='line_1_10' title="bbox 117 492 1327 545; baseline -0.002 -12"><span class='ocrx_word' id='word_1_42' title='bbox 117 498 229 534; x_wconf 90' lang='lat' dir='ltr'>Illum</span> <span class='ocrx_word' id='word_1_43' title='bbox 248 495 505 545; x_wconf 81' lang='lat' dir='ltr'>exspirantem</span> <span class='ocrx_word' id='word_1_44' title='bbox 525 492 637 539; x_wconf 88' lang='lat' dir='ltr'>socii,</span> <span class='ocrx_word' id='word_1_45' title='bbox 659 501 773 543; x_wconf 88' lang='lat' dir='ltr'>atque</span> <span class='ocrx_word' id='word_1_46' title='bbox 792 501 964 530; x_wconf 81' lang='lat' dir='ltr'>extrema</span> <span class='ocrx_word' id='word_1_47' title='bbox 983 505 1196 545; x_wconf 81' lang='lat' dir='ltr'>gementem</span> <span class='ocrx_word' id='word_1_48' title='bbox 1278 507 1327 531; x_wconf 64' lang='lat' dir='ltr'>soe</span> 
     </span>
     <span class='ocr_line' id='line_1_11' title="bbox 116 553 1090 607; baseline -0.004 -12"><span class='ocrx_word' id='word_1_49' title='bbox 116 557 238 595; x_wconf 87' lang='lat' dir='ltr'>Obliti</span> <span class='ocrx_word' id='word_1_50' title='bbox 257 557 388 607; x_wconf 78' lang='lat' dir='ltr'>ignoto</span> <span class='ocrx_word' id='word_1_51' title='bbox 409 566 635 604; x_wconf 85' lang='lat' dir='ltr'>camporum</span> <span class='ocrx_word' id='word_1_52' title='bbox 655 553 694 589; x_wconf 88' lang='lat' dir='ltr'>in</span> <span class='ocrx_word' id='word_1_53' title='bbox 714 554 873 604; x_wconf 86' lang='lat' dir='ltr'>pulvere</span> <span class='ocrx_word' id='word_1_54' title='bbox 893 554 1090 604; x_wconf 84' lang='lat' dir='ltr'>linquunt3</span> 
     </span>
     <span class='ocr_line' id='line_1_12' title="bbox 116 613 1088 668; baseline -0.004 -13"><span class='ocrx_word' id='word_1_55' title='bbox 116 618 211 668; x_wconf 88' lang='lat' dir='ltr'>Opis</span> <span class='ocrx_word' id='word_1_56' title='bbox 232 616 280 654; x_wconf 86' lang='lat' dir='ltr'>ad</span> <span class='ocrx_word' id='word_1_57' title='bbox 300 615 499 653; x_wconf 77' lang='lat' dir='ltr'>aetherium</span> <span class='ocrx_word' id='word_1_58' title='bbox 519 613 652 664; x_wconf 85' lang='lat' dir='ltr'>pennis</span> <span class='ocrx_word' id='word_1_59' title='bbox 673 614 848 651; x_wconf 80' lang='lat' dir='ltr'>aufertur</span> <span class='ocrx_word' id='word_1_60' title='bbox 867 614 1088 664; x_wconf 86' lang='lat' dir='ltr'>Olympum.</span> 
     </span>
     <span class='ocr_line' id='line_1_13' title="bbox 170 673 1169 725; baseline 0 -12"><span class='ocrx_word' id='word_1_61' title='bbox 170 676 296 713; x_wconf 83' lang='lat' dir='ltr'>Prima</span> <span class='ocrx_word' id='word_1_62' title='bbox 314 675 428 725; x_wconf 84' lang='lat' dir='ltr'>fugit,</span> <span class='ocrx_word' id='word_1_63' title='bbox 449 674 602 711; x_wconf 83' lang='lat' dir='ltr'>domina</span> <span class='ocrx_word' id='word_1_64' title='bbox 621 673 775 720; x_wconf 80' lang='lat' dir='ltr'>amissa,</span> <span class='ocrx_word' id='word_1_65' title='bbox 793 674 886 712; x_wconf 87' lang='lat' dir='ltr'>levis</span> <span class='ocrx_word' id='word_1_66' title='bbox 908 675 966 712; x_wconf 82' lang='lat' dir='ltr'>ala</span> <span class='ocrx_word' id='word_1_67' title='bbox 985 675 1169 724; x_wconf 83' lang='lat' dir='ltr'>Camillae3</span> 
     </span>
     <span class='ocr_line' id='line_1_14' title="bbox 116 734 1010 785; baseline -0.003 -10"><span class='ocrx_word' id='word_1_68' title='bbox 116 736 279 775; x_wconf 83' lang='lat' dir='ltr'>Turbati</span> <span class='ocrx_word' id='word_1_69' title='bbox 296 735 447 785; x_wconf 83' lang='lat' dir='ltr'>fugiunt</span> <span class='ocrx_word' id='word_1_70' title='bbox 463 734 615 779; x_wconf 84' lang='lat' dir='ltr'>Rutuli3</span> <span class='ocrx_word' id='word_1_71' title='bbox 636 734 732 783; x_wconf 80' lang='lat' dir='ltr'>fugit</span> <span class='ocrx_word' id='word_1_72' title='bbox 749 747 837 771; x_wconf 86' lang='lat' dir='ltr'>acer</span> <span class='ocrx_word' id='word_1_73' title='bbox 856 735 1010 784; x_wconf 84' lang='lat' dir='ltr'>Atinas;</span> 
     </span>
     <span class='ocr_line' id='line_1_15' title="bbox 117 793 1330 847; baseline -0.004 -13"><span class='ocrx_word' id='word_1_74' title='bbox 117 795 352 847; x_wconf 85' lang='lat' dir='ltr'>Disjectique</span> <span class='ocrx_word' id='word_1_75' title='bbox 373 793 509 839; x_wconf 86' lang='lat' dir='ltr'>duces,</span> <span class='ocrx_word' id='word_1_76' title='bbox 531 793 768 842; x_wconf 85' lang='lat' dir='ltr'>desolatique</span> <span class='ocrx_word' id='word_1_77' title='bbox 789 794 945 844; x_wconf 85' lang='lat' dir='ltr'>manipli</span> <span class='ocrx_word' id='word_1_78' title='bbox 1281 810 1330 840; x_wconf 64' lang='lat'>:570</span> 
     </span>
     <span class='ocr_line' id='line_1_16' title="bbox 118 853 1130 906; baseline -0.002 -11"><span class='ocrx_word' id='word_1_79' title='bbox 118 860 216 895; x_wconf 87' lang='lat' dir='ltr'>Tuta</span> <span class='ocrx_word' id='word_1_80' title='bbox 236 862 389 906; x_wconf 87' lang='lat' dir='ltr'>petunt,</span> <span class='ocrx_word' id='word_1_81' title='bbox 409 862 447 892; x_wconf 89' lang='lat' dir='ltr'>et</span> <span class='ocrx_word' id='word_1_82' title='bbox 464 853 571 904; x_wconf 88' lang='lat' dir='ltr'>equis</span> <span class='ocrx_word' id='word_1_83' title='bbox 591 853 715 891; x_wconf 80' lang='lat' dir='ltr'>aversi</span> <span class='ocrx_word' id='word_1_84' title='bbox 735 853 783 890; x_wconf 86' lang='lat' dir='ltr'>ad</span> <span class='ocrx_word' id='word_1_85' title='bbox 801 854 939 891; x_wconf 79' lang='lat' dir='ltr'>moenia</span> <span class='ocrx_word' id='word_1_86' title='bbox 959 855 1130 894; x_wconf 86' lang='lat' dir='ltr'>tendunt.</span> 
     </span>
    </p>
   </div>
   <div class='ocr_carea' id='block_1_7' title="bbox 116 992 696 2245">
    <p class='ocr_par' dir='ltr' id='par_1_7' title="bbox 116 992 696 2150">
     <span class='ocr_line' id='line_1_17' title="bbox 118 992 694 1034; baseline -0.007 -6"><span class='ocrx_word' id='word_1_87' title='bbox 118 996 283 1028; x_wconf 85' lang='lat' dir='ltr'>cedebant.</span> <span class='ocrx_word' id='word_1_88' title='bbox 300 995 381 1026; x_wconf 89' lang='lat' dir='ltr'>Cum</span> <span class='ocrx_word' id='word_1_89' title='bbox 399 993 449 1023; x_wconf 88' lang='lat' dir='ltr'>his</span> <span class='ocrx_word' id='word_1_90' title='bbox 465 992 620 1024; x_wconf 88' lang='lat' dir='ltr'>contendi</span> <span class='ocrx_word' id='word_1_91' title='bbox 638 1004 694 1034; x_wconf 88' lang='lat' dir='ltr'>po-</span> 
     </span>
     <span class='ocr_line' id='line_1_18' title="bbox 118 1039 692 1080; baseline -0.007 -6"><span class='ocrx_word' id='word_1_92' title='bbox 118 1050 179 1074; x_wconf 89' lang='lat' dir='ltr'>test</span> <span class='ocrx_word' id='word_1_93' title='bbox 200 1043 281 1072; x_wconf 83' lang='lat' dir='ltr'>alius</span> <span class='ocrx_word' id='word_1_94' title='bbox 304 1041 396 1071; x_wconf 91' lang='lat' dir='ltr'>locus</span> <span class='ocrx_word' id='word_1_95' title='bbox 419 1041 534 1080; x_wconf 83' lang='lat' dir='ltr'>Quinti</span> <span class='ocrx_word' id='word_1_96' title='bbox 551 1040 617 1070; x_wconf 85' lang='lat' dir='ltr'>Cal.</span> <span class='ocrx_word' id='word_1_97' title='bbox 635 1039 692 1070; x_wconf 89' lang='lat' dir='ltr'>lib.</span> 
     </span>
     <span class='ocr_line' id='line_1_19' title="bbox 118 1085 692 1127; baseline -0.01 -6"><span class='ocrx_word' id='word_1_98' title='bbox 118 1092 170 1127; x_wconf 81' lang='grc' dir='ltr'>Χ,</span> <span class='ocrx_word' id='word_1_99' title='bbox 187 1089 249 1119; x_wconf 81' lang='lat'>231</span> <span class='ocrx_word' id='word_1_100' title='bbox 266 1105 313 1111; x_wconf 93' lang='lat'>—</span> <span class='ocrx_word' id='word_1_101' title='bbox 327 1088 405 1123; x_wconf 78' lang='lat'>234.</span> <span class='ocrx_word' id='word_1_102' title='bbox 429 1085 576 1116; x_wconf 80' lang='lat' dir='ltr'>lereissa</span> <span class='ocrx_word' id='word_1_103' title='bbox 595 1087 692 1126; x_wconf 87' lang='lat' dir='ltr'>Opis,</span> 
     </span>
     <span class='ocr_line' id='line_1_20' title="bbox 119 1132 695 1175; baseline -0.01 -8"><span class='ocrx_word' id='word_1_104' title='bbox 119 1137 201 1167; x_wconf 83' lang='lat' dir='ltr'>forte</span> <span class='ocrx_word' id='word_1_105' title='bbox 217 1142 369 1175; x_wconf 83' lang='lat' dir='ltr'>tanquam</span> <span class='ocrx_word' id='word_1_106' title='bbox 385 1143 448 1163; x_wconf 83' lang='lat' dir='ltr'>una</span> <span class='ocrx_word' id='word_1_107' title='bbox 463 1143 480 1162; x_wconf 85' lang='lat' dir='ltr'>e</span> <span class='ocrx_word' id='word_1_108' title='bbox 499 1132 613 1173; x_wconf 87' lang='lat' dir='ltr'>puellis</span> <span class='ocrx_word' id='word_1_109' title='bbox 629 1134 695 1174; x_wconf 84' lang='lat' dir='ltr'>Hy-</span> 
     </span>
     <span class='ocr_line' id='line_1_21' title="bbox 119 1178 693 1224; baseline -0.005 -11"><span class='ocrx_word' id='word_1_110' title='bbox 119 1182 294 1224; x_wconf 81' lang='lat' dir='ltr'>perboreis,</span> <span class='ocrx_word' id='word_1_111' title='bbox 311 1191 343 1210; x_wconf 82' lang='lat' dir='ltr'>v.</span> <span class='ocrx_word' id='word_1_112' title='bbox 362 1190 434 1221; x_wconf 85' lang='lat' dir='ltr'>sup.</span> <span class='ocrx_word' id='word_1_113' title='bbox 458 1178 498 1208; x_wconf 87' lang='lat' dir='ltr'>ad</span> <span class='ocrx_word' id='word_1_114' title='bbox 517 1190 597 1209; x_wconf 80' lang='lat' dir='ltr'>vers.</span> <span class='ocrx_word' id='word_1_115' title='bbox 616 1179 693 1210; x_wconf 84' lang='lat'>532.</span> 
     </span>
     <span class='ocr_line' id='line_1_22' title="bbox 118 1225 696 1267; baseline -0.01 -7"><span class='ocrx_word' id='word_1_116' title='bbox 118 1228 279 1260; x_wconf 81' lang='lat' dir='ltr'>Thracum</span> <span class='ocrx_word' id='word_1_117' title='bbox 295 1234 399 1258; x_wconf 88' lang='lat' dir='ltr'>autem</span> <span class='ocrx_word' id='word_1_118' title='bbox 415 1236 533 1256; x_wconf 89' lang='lat' dir='ltr'>nomeu</span> <span class='ocrx_word' id='word_1_119' title='bbox 545 1225 607 1256; x_wconf 77' lang='lat' dir='ltr'>late</span> <span class='ocrx_word' id='word_1_120' title='bbox 621 1237 696 1267; x_wconf 83' lang='lat' dir='ltr'>pro-</span> 
     </span>
     <span class='ocr_line' id='line_1_23' title="bbox 118 1271 694 1316; baseline -0.005 -11"><span class='ocrx_word' id='word_1_121' title='bbox 118 1282 286 1316; x_wconf 84' lang='lat' dir='ltr'>pagatum,</span> <span class='ocrx_word' id='word_1_122' title='bbox 317 1280 354 1303; x_wconf 86' lang='lat' dir='ltr'>ut</span> <span class='ocrx_word' id='word_1_123' title='bbox 381 1283 477 1314; x_wconf 86' lang='lat' dir='ltr'>supra</span> <span class='ocrx_word' id='word_1_124' title='bbox 502 1282 630 1313; x_wconf 87' lang='lat' dir='ltr'>quoque</span> <span class='ocrx_word' id='word_1_125' title='bbox 655 1271 694 1302; x_wconf 89' lang='lat' dir='ltr'>de</span> 
     </span>
     <span class='ocr_line' id='line_1_24' title="bbox 118 1319 692 1360; baseline -0.003 -8"><span class='ocrx_word' id='word_1_126' title='bbox 118 1320 339 1352; x_wconf 87' lang='lat' dir='ltr'>Amazonibus</span> <span class='ocrx_word' id='word_1_127' title='bbox 363 1330 403 1350; x_wconf 81' lang='lat' dir='ltr'>ex</span> <span class='ocrx_word' id='word_1_128' title='bbox 418 1319 550 1360; x_wconf 78' lang='lat' dir='ltr'>Scythia</span> <span class='ocrx_word' id='word_1_129' title='bbox 567 1329 596 1349; x_wconf 88' lang='lat' dir='ltr'>v.</span> <span class='ocrx_word' id='word_1_130' title='bbox 613 1319 692 1360; x_wconf 81' lang='lat'>659.</span> 
     </span>
     <span class='ocr_line' id='line_1_25' title="bbox 119 1366 693 1408; baseline -0.003 -10"><span class='ocrx_word' id='word_1_131' title='bbox 119 1385 165 1391; x_wconf 90' lang='lat'>—-</span> <span class='ocrx_word' id='word_1_132' title='bbox 186 1368 263 1408; x_wconf 83' lang='lat'>859.</span> <span class='ocrx_word' id='word_1_133' title='bbox 288 1366 445 1408; x_wconf 74' lang='lat' dir='ltr'>luseum,</span> <span class='ocrx_word' id='word_1_134' title='bbox 468 1366 596 1396; x_wconf 80' lang='lat' dir='ltr'>infenso</span> <span class='ocrx_word' id='word_1_135' title='bbox 624 1367 693 1396; x_wconf 86' lang='lat' dir='ltr'>ani-</span> 
     </span>
     <span class='ocr_line' id='line_1_26' title="bbox 118 1412 692 1455; baseline -0.002 -11"><span class='ocrx_word' id='word_1_136' title='bbox 118 1425 189 1451; x_wconf 85' lang='lat' dir='ltr'>mo,</span> <span class='ocrx_word' id='word_1_137' title='bbox 204 1415 261 1455; x_wconf 88' lang='lat' dir='ltr'>qui</span> <span class='ocrx_word' id='word_1_138' title='bbox 283 1414 365 1443; x_wconf 84' lang='lat' dir='ltr'>vires</span> <span class='ocrx_word' id='word_1_139' title='bbox 390 1423 488 1443; x_wconf 82' lang='lat' dir='ltr'>novas</span> <span class='ocrx_word' id='word_1_140' title='bbox 513 1412 692 1451; x_wconf 89' lang='lat' dir='ltr'>adjiciebat.</span> 
     </span>
     <span class='ocr_line' id='line_1_27' title="bbox 118 1458 694 1500; baseline -0.002 -10"><span class='ocrx_word' id='word_1_141' title='bbox 118 1479 164 1484; x_wconf 87' lang='lat'>-—-</span> <span class='ocrx_word' id='word_1_142' title='bbox 175 1461 252 1491; x_wconf 79' lang='lat'>861.</span> <span class='ocrx_word' id='word_1_143' title='bbox 265 1458 378 1500; x_wconf 73' lang='lat' dir='ltr'>AEqm&#39;s</span> <span class='ocrx_word' id='word_1_144' title='bbox 391 1470 450 1500; x_wconf 83' lang='lat' dir='ltr'>pro</span> <span class='ocrx_word' id='word_1_145' title='bbox 466 1469 573 1499; x_wconf 73' lang='lat' dir='ltr'>mque,</span> <span class='ocrx_word' id='word_1_146' title='bbox 589 1470 694 1500; x_wconf 67' lang='lat' dir='ltr'>tequa-</span> 
     </span>
     <span class='ocr_line' id='line_1_28' title="bbox 116 1505 692 1547; baseline -0.003 -9"><span class='ocrx_word' id='word_1_147' title='bbox 116 1507 189 1538; x_wconf 81' lang='lat' dir='ltr'>liter</span> <span class='ocrx_word' id='word_1_148' title='bbox 203 1507 315 1537; x_wconf 67' lang='lat' dir='ltr'>dextra</span> <span class='ocrx_word' id='word_1_149' title='bbox 329 1513 440 1546; x_wconf 84' lang='lat' dir='ltr'>pectus</span> <span class='ocrx_word' id='word_1_150' title='bbox 457 1516 491 1536; x_wconf 88' lang='lat' dir='ltr'>ac</span> <span class='ocrx_word' id='word_1_151' title='bbox 507 1505 584 1535; x_wconf 64' lang='lat' dir='ltr'>laeva</span> <span class='ocrx_word' id='word_1_152' title='bbox 597 1507 692 1547; x_wconf 81' lang='lat' dir='ltr'>sagit-</span> 
     </span>
     <span class='ocr_line' id='line_1_29' title="bbox 119 1551 693 1594; baseline -0.002 -11"><span class='ocrx_word' id='word_1_153' title='bbox 119 1560 159 1583; x_wconf 70' lang='grc' dir='ltr'>ἰεῦ</span> <span class='ocrx_word' id='word_1_154' title='bbox 189 1552 353 1594; x_wconf 81' lang='lat' dir='ltr'>cuspidem</span> <span class='ocrx_word' id='word_1_155' title='bbox 381 1561 389 1581; x_wconf 70' lang='grc' dir='ltr'>ε</span> <span class='ocrx_word' id='word_1_156' title='bbox 417 1553 536 1582; x_wconf 82' lang='lat' dir='ltr'>scilicet</span> <span class='ocrx_word' id='word_1_157' title='bbox 576 1551 693 1582; x_wconf 80' lang='lat' dir='ltr'>dextra</span> 
     </span>
     <span class='ocr_line' id='line_1_30' title="bbox 118 1597 692 1635; baseline -0.005 -5"><span class='ocrx_word' id='word_1_158' title='bbox 118 1610 253 1630; x_wconf 82' lang='lat' dir='ltr'>nervum</span> <span class='ocrx_word' id='word_1_159' title='bbox 273 1597 466 1635; x_wconf 82' lang='lat' dir='ltr'>tetenderat,</span> <span class='ocrx_word' id='word_1_160' title='bbox 482 1599 525 1627; x_wconf 84' lang='lat' dir='ltr'>ita</span> <span class='ocrx_word' id='word_1_161' title='bbox 543 1604 578 1627; x_wconf 90' lang='grc' dir='ltr'>ιιι</span> <span class='ocrx_word' id='word_1_162' title='bbox 593 1609 692 1627; x_wconf 83' lang='lat' dir='ltr'>mmu-</span> 
     </span>
     <span class='ocr_line' id='line_1_31' title="bbox 117 1643 693 1681; baseline -0.003 -5"><span class='ocrx_word' id='word_1_163' title='bbox 117 1656 176 1676; x_wconf 68' lang='lat' dir='ltr'>mae</span> <span class='ocrx_word' id='word_1_164' title='bbox 190 1645 336 1675; x_wconf 85' lang='lat' dir='ltr'>admotus</span> <span class='ocrx_word' id='word_1_165' title='bbox 355 1644 407 1673; x_wconf 87' lang='lat' dir='ltr'>ille</span> <span class='ocrx_word' id='word_1_166' title='bbox 430 1651 528 1681; x_wconf 80' lang='lat' dir='ltr'>esset;</span> <span class='ocrx_word' id='word_1_167' title='bbox 555 1643 632 1673; x_wconf 77' lang='lat' dir='ltr'>laeva</span> <span class='ocrx_word' id='word_1_168' title='bbox 651 1651 693 1674; x_wconf 87' lang='lat' dir='ltr'>te-</span> 
     </span>
     <span class='ocr_line' id='line_1_32' title="bbox 117 1692 694 1731; baseline -0.007 -8"><span class='ocrx_word' id='word_1_169' title='bbox 117 1692 212 1723; x_wconf 82' lang='lat' dir='ltr'>nebat</span> <span class='ocrx_word' id='word_1_170' title='bbox 227 1701 336 1722; x_wconf 80' lang='lat' dir='ltr'>arcum</span> <span class='ocrx_word' id='word_1_171' title='bbox 353 1702 386 1720; x_wconf 82' lang='lat' dir='ltr'>ea</span> <span class='ocrx_word' id='word_1_172' title='bbox 403 1698 489 1731; x_wconf 85' lang='lat' dir='ltr'>parte</span> <span class='ocrx_word' id='word_1_173' title='bbox 501 1713 509 1727; x_wconf 94' lang='lat'>,</span> <span class='ocrx_word' id='word_1_174' title='bbox 527 1700 588 1730; x_wconf 84' lang='lat' dir='ltr'>qua</span> <span class='ocrx_word' id='word_1_175' title='bbox 601 1692 694 1731; x_wconf 82' lang='lat' dir='ltr'>sagit-</span> 
     </span>
     <span class='ocr_line' id='line_1_33' title="bbox 118 1738 693 1778; baseline -0.003 -10"><span class='ocrx_word' id='word_1_176' title='bbox 118 1745 146 1769; x_wconf 80' lang='lat' dir='ltr'>ta</span> <span class='ocrx_word' id='word_1_177' title='bbox 171 1740 258 1769; x_wconf 84' lang='lat' dir='ltr'>arcui</span> <span class='ocrx_word' id='word_1_178' title='bbox 281 1738 427 1778; x_wconf 75' lang='lat' dir='ltr'>imposita</span> <span class='ocrx_word' id='word_1_179' title='bbox 446 1743 530 1773; x_wconf 82' lang='lat' dir='ltr'>erat,</span> <span class='ocrx_word' id='word_1_180' title='bbox 553 1747 568 1766; x_wconf 89' lang='lat' dir='ltr'>a</span> <span class='ocrx_word' id='word_1_181' title='bbox 594 1748 693 1767; x_wconf 75' lang='grc' dir='ltr'>ιιιϊιύ</span> 
     </span>
     <span class='ocr_line' id='line_1_34' title="bbox 117 1776 691 1826; baseline -0.002 -11"><span class='ocrx_word' id='word_1_182' title='bbox 117 1784 317 1826; x_wconf 82' lang='lat' dir='ltr'>impellenda.</span> <span class='ocrx_word' id='word_1_183' title='bbox 335 1783 424 1814; x_wconf 82' lang='lat' dir='ltr'>Iliad.</span> <span class='ocrx_word' id='word_1_184' title='bbox 443 1780 483 1821; x_wconf 71' lang='grc' dir='ltr'>ὃ,</span> <span class='ocrx_word' id='word_1_185' title='bbox 507 1785 567 1813; x_wconf 78' lang='lat'>123</span> <span class='ocrx_word' id='word_1_186' title='bbox 589 1793 596 1814; x_wconf 87' lang='lat'><strong>:</strong></span> <span class='ocrx_word' id='word_1_187' title='bbox 614 1776 691 1814; x_wconf 56' lang='grc' dir='ltr'>ἥλιε</span> 
     </span>
     <span class='ocr_line' id='line_1_35' title="bbox 118 1827 693 1875; baseline 0.002 -16"><span class='ocrx_word' id='word_1_188' title='bbox 118 1828 147 1860; x_wconf 64' lang='lat'>‹5‘</span> <span class='ocrx_word' id='word_1_189' title='bbox 172 1830 247 1874; x_wconf 53' lang='lat' dir='ltr'>›lya-3</span> <span class='ocrx_word' id='word_1_190' title='bbox 271 1827 427 1875; x_wconf 65' lang='grc' dir='ltr'>γλυφὶὃπς</span> <span class='ocrx_word' id='word_1_191' title='bbox 453 1840 485 1860; x_wconf 76' lang='grc' dir='ltr'>τε</span> <span class='ocrx_word' id='word_1_192' title='bbox 507 1828 614 1861; x_wconf 52' lang='lat' dir='ltr'>lidio-e</span> <span class='ocrx_word' id='word_1_193' title='bbox 638 1828 693 1860; x_wconf 60' lang='lat' dir='ltr'>zeni</span> 
     </span>
     <span class='ocr_line' id='line_1_36' title="bbox 117 1875 691 1921; baseline -0.002 -14"><span class='ocrx_word' id='word_1_194' title='bbox 117 1880 209 1921; x_wconf 64' lang='grc' dir='ltr'>νεῦρα.</span> <span class='ocrx_word' id='word_1_195' title='bbox 237 1877 336 1917; x_wconf 62' lang='grc' dir='ltr'>βόεια.</span> <span class='ocrx_word' id='word_1_196' title='bbox 368 1875 485 1919; x_wconf 54' lang='lat' dir='ltr'>Neaera</span> <span class='ocrx_word' id='word_1_197' title='bbox 515 1875 568 1919; x_wconf 78' lang='grc' dir='ltr'>μὲν</span> <span class='ocrx_word' id='word_1_198' title='bbox 602 1876 691 1920; x_wconf 67' lang='grc' dir='ltr'>μσιζῴ</span> 
     </span>
     <span class='ocr_line' id='line_1_37' title="bbox 119 1920 694 1966; baseline 0 -11"><span class='ocrx_word' id='word_1_199' title='bbox 119 1924 251 1955; x_wconf 62' lang='grc' dir='ltr'>πέλασεν</span> <span class='ocrx_word' id='word_1_200' title='bbox 265 1948 272 1962; x_wconf 84' lang='grc'>,</span> <span class='ocrx_word' id='word_1_201' title='bbox 309 1922 388 1966; x_wconf 63' lang='grc' dir='ltr'>τόξῳ</span> <span class='ocrx_word' id='word_1_202' title='bbox 417 1920 451 1954; x_wconf 65' lang='grc' dir='ltr'>δὲ</span> <span class='ocrx_word' id='word_1_203' title='bbox 486 1920 622 1966; x_wconf 55' lang='grc' dir='ltr'>σίδηρεν.</span> <span class='ocrx_word' id='word_1_204' title='bbox 649 1942 694 1948; x_wconf 90' lang='lat'>-—-</span> 
     </span>
     <span class='ocr_line' id='line_1_38' title="bbox 119 1972 695 2011; baseline 0.003 -12"><span class='ocrx_word' id='word_1_205' title='bbox 119 1972 183 2000; x_wconf 58' lang='lat'>86}</span> <span class='ocrx_word' id='word_1_206' title='bbox 198 1995 205 2009; x_wconf 87' lang='lat'><em>,</em></span> <span class='ocrx_word' id='word_1_207' title='bbox 225 1973 302 2007; x_wconf 63' lang='lat'>802.</span> <span class='ocrx_word' id='word_1_208' title='bbox 322 1972 369 2001; x_wconf 73' lang='lat' dir='ltr'>(Is.</span> <span class='ocrx_word' id='word_1_209' title='bbox 394 1982 465 2011; x_wconf 83' lang='lat' dir='ltr'>sup.</span> <span class='ocrx_word' id='word_1_210' title='bbox 484 1973 547 2007; x_wconf 75' lang='lat' dir='ltr'>lx,</span> <span class='ocrx_word' id='word_1_211' title='bbox 570 1972 633 2001; x_wconf 70' lang='lat'>(331</span> <span class='ocrx_word' id='word_1_212' title='bbox 648 1989 695 1995; x_wconf 88' lang='lat'>—-</span> 
     </span>
     <span class='ocr_line' id='line_1_39' title="bbox 119 2015 693 2060; baseline 0.003 -14"><span class='ocrx_word' id='word_1_213' title='bbox 119 2018 196 2048; x_wconf 64' lang='lat'>033.</span> <span class='ocrx_word' id='word_1_214' title='bbox 213 2035 259 2041; x_wconf 89' lang='lat'>—-</span> <span class='ocrx_word' id='word_1_215' title='bbox 277 2018 354 2048; x_wconf 75' lang='lat'>866.</span> <span class='ocrx_word' id='word_1_216' title='bbox 373 2017 490 2052; x_wconf 75' lang='lat' dir='ltr'>Obliei,</span> <span class='ocrx_word' id='word_1_217' title='bbox 519 2015 693 2060; x_wconf 59' lang='grc' dir='ltr'>ἀμελήσειν·</span> 
     </span>
     <span class='ocr_line' id='line_1_40' title="bbox 117 2064 693 2105; baseline 0 -12"><span class='ocrx_word' id='word_1_218' title='bbox 117 2073 183 2098; x_wconf 75' lang='grc' dir='ltr'>τες,</span> <span class='ocrx_word' id='word_1_219' title='bbox 206 2065 417 2105; x_wconf 70' lang='lat' dir='ltr'>negligentes,</span> <span class='ocrx_word' id='word_1_220' title='bbox 438 2065 479 2093; x_wconf 82' lang='lat' dir='ltr'>ait</span> <span class='ocrx_word' id='word_1_221' title='bbox 498 2067 598 2102; x_wconf 49' lang='lat' dir='ltr'>Seria,</span> <span class='ocrx_word' id='word_1_222' title='bbox 616 2064 646 2095; x_wconf 86' lang='lat' dir='ltr'>h.</span> <span class='ocrx_word' id='word_1_223' title='bbox 665 2076 693 2096; x_wconf 74' lang='lat' dir='ltr'>e.</span> 
     </span>
     <span class='ocr_line' id='line_1_41' title="bbox 117 2110 691 2150; baseline 0.003 -11"><span class='ocrx_word' id='word_1_224' title='bbox 117 2120 183 2139; x_wconf 82' lang='lat' dir='ltr'>nou</span> <span class='ocrx_word' id='word_1_225' title='bbox 194 2117 340 2140; x_wconf 54' lang='lat' dir='ltr'>cui-nutes</span> <span class='ocrx_word' id='word_1_226' title='bbox 350 2122 413 2150; x_wconf 69' lang='lat' dir='ltr'>pne</span> <span class='ocrx_word' id='word_1_227' title='bbox 425 2110 565 2150; x_wconf 70' lang='lat' dir='ltr'>fugiendi</span> <span class='ocrx_word' id='word_1_228' title='bbox 573 2111 691 2141; x_wconf 78' lang='lat' dir='ltr'>studio.</span> 
     </span>
    </p>

    <p class='ocr_par' dir='ltr' id='par_1_8' title="bbox 119 2156 694 2245">
     <span class='ocr_line' id='line_1_42' title="bbox 168 2156 692 2197; baseline 0.013 -17"><span class='ocrx_word' id='word_1_229' title='bbox 168 2157 245 2186; x_wconf 61' lang='lat'>3133,</span> <span class='ocrx_word' id='word_1_230' title='bbox 277 2156 361 2185; x_wconf 55' lang='lat' dir='ltr'>lavis</span> <span class='ocrx_word' id='word_1_231' title='bbox 381 2158 566 2197; x_wconf 52' lang='lat' dir='ltr'>simpliciter</span> <span class='ocrx_word' id='word_1_232' title='bbox 590 2165 692 2188; x_wconf 64' lang='lat' dir='ltr'>ornat.</span> 
     </span>
     <span class='ocr_line' id='line_1_43' title="bbox 119 2202 694 2245; baseline 0 -12"><span class='ocrx_word' id='word_1_233' title='bbox 119 2202 286 2239; x_wconf 56' lang='lat' dir='ltr'>&amp;milatus</span> <span class='ocrx_word' id='word_1_234' title='bbox 312 2204 444 2232; x_wconf 72' lang='grc' dir='ltr'>ιιιιιιιίι)</span> <span class='ocrx_word' id='word_1_235' title='bbox 468 2203 563 2240; x_wconf 63' lang='lat' dir='ltr'>lem,</span> <span class='ocrx_word' id='word_1_236' title='bbox 585 2212 694 2245; x_wconf 64' lang='lat' dir='ltr'>qualc-</span> 
     </span>
    </p>
   </div>
   <div class='ocr_carea' id='block_1_8' title="bbox 741 993 1330 2235">
    <p class='ocr_par' dir='ltr' id='par_1_9' title="bbox 741 993 1330 2235">
     <span class='ocr_line' id='line_1_44' title="bbox 751 993 1326 1034; baseline 0.003 -11"><span class='ocrx_word' id='word_1_237' title='bbox 751 1004 812 1023; x_wconf 88' lang='lat' dir='ltr'>nus</span> <span class='ocrx_word' id='word_1_238' title='bbox 840 993 1020 1034; x_wconf 78' lang='lat' dir='ltr'>expeditior</span> <span class='ocrx_word' id='word_1_239' title='bbox 1042 1001 1088 1024; x_wconf 88' lang='lat' dir='ltr'>est</span> <span class='ocrx_word' id='word_1_240' title='bbox 1113 994 1151 1024; x_wconf 90' lang='lat' dir='ltr'>ad</span> <span class='ocrx_word' id='word_1_241' title='bbox 1173 996 1252 1033; x_wconf 79' lang='lat' dir='ltr'>iter,</span> <span class='ocrx_word' id='word_1_242' title='bbox 1276 995 1326 1025; x_wconf 87' lang='lat' dir='ltr'>fu-</span> 
     </span>
     <span class='ocr_line' id='line_1_45' title="bbox 748 1040 1328 1084; baseline 0.007 -16"><span class='ocrx_word' id='word_1_243' title='bbox 748 1050 817 1080; x_wconf 82' lang='lat' dir='ltr'>gam</span> <span class='ocrx_word' id='word_1_244' title='bbox 829 1062 837 1077; x_wconf 84' lang='lat'>,</span> <span class='ocrx_word' id='word_1_245' title='bbox 851 1040 968 1080; x_wconf 81' lang='lat' dir='ltr'>pedite.</span> <span class='ocrx_word' id='word_1_246' title='bbox 984 1058 1030 1064; x_wconf 88' lang='lat'>—</span> <span class='ocrx_word' id='word_1_247' title='bbox 1043 1043 1120 1079; x_wconf 82' lang='lat'>870.</span> <span class='ocrx_word' id='word_1_248' title='bbox 1138 1041 1328 1084; x_wconf 71' lang='lat' dir='ltr'>Defict1&#39;qraee</span> 
     </span>
     <span class='ocr_line' id='line_1_46' title="bbox 749 1086 1328 1129; baseline 0.005 -14"><span class='ocrx_word' id='word_1_249' title='bbox 749 1086 843 1115; x_wconf 79' lang='lat' dir='ltr'>duces</span> <span class='ocrx_word' id='word_1_250' title='bbox 867 1087 986 1116; x_wconf 84' lang='lat' dir='ltr'>Medic.</span> <span class='ocrx_word' id='word_1_251' title='bbox 1011 1098 1028 1117; x_wconf 84' lang='lat' dir='ltr'>a</span> <span class='ocrx_word' id='word_1_252' title='bbox 1046 1097 1130 1118; x_wconf 86' lang='lat' dir='ltr'>man.</span> <span class='ocrx_word' id='word_1_253' title='bbox 1154 1099 1216 1128; x_wconf 69' lang='lat' dir='ltr'>pr„</span> <span class='ocrx_word' id='word_1_254' title='bbox 1239 1088 1328 1129; x_wconf 87' lang='lat' dir='ltr'>quod</span> 
     </span>
     <span class='ocr_line' id='line_1_47' title="bbox 749 1133 1327 1171; baseline 0.003 -9"><span class='ocrx_word' id='word_1_255' title='bbox 749 1133 859 1163; x_wconf 87' lang='lat' dir='ltr'>Heius.</span> <span class='ocrx_word' id='word_1_256' title='bbox 876 1133 1033 1171; x_wconf 83' lang='lat' dir='ltr'>illustrat,</span> <span class='ocrx_word' id='word_1_257' title='bbox 1058 1144 1117 1163; x_wconf 87' lang='lat' dir='ltr'>nec</span> <span class='ocrx_word' id='word_1_258' title='bbox 1141 1140 1247 1164; x_wconf 86' lang='lat' dir='ltr'>tamen</span> <span class='ocrx_word' id='word_1_259' title='bbox 1273 1134 1327 1164; x_wconf 83' lang='lat' dir='ltr'>ali-</span> 
     </span>
     <span class='ocr_line' id='line_1_48' title="bbox 751 1180 1327 1221; baseline 0.002 -12"><span class='ocrx_word' id='word_1_260' title='bbox 751 1185 798 1209; x_wconf 80' lang='lat' dir='ltr'>ter</span> <span class='ocrx_word' id='word_1_261' title='bbox 814 1180 957 1220; x_wconf 84' lang='lat' dir='ltr'>accipere</span> <span class='ocrx_word' id='word_1_262' title='bbox 981 1180 1068 1217; x_wconf 79' lang='lat' dir='ltr'>vult,</span> <span class='ocrx_word' id='word_1_263' title='bbox 1088 1190 1183 1221; x_wconf 86' lang='lat' dir='ltr'>quam</span> <span class='ocrx_word' id='word_1_264' title='bbox 1205 1186 1243 1210; x_wconf 89' lang='lat' dir='ltr'>ut</span> <span class='ocrx_word' id='word_1_265' title='bbox 1263 1181 1327 1210; x_wconf 86' lang='lat' dir='ltr'>sint</span> 
     </span>
     <span class='ocr_line' id='line_1_49' title="bbox 750 1225 1328 1268; baseline 0.003 -13"><span class='ocrx_word' id='word_1_266' title='bbox 750 1225 866 1256; x_wconf 83' lang='lat' dir='ltr'>deserti</span> <span class='ocrx_word' id='word_1_267' title='bbox 881 1236 898 1256; x_wconf 87' lang='lat' dir='ltr'>a</span> <span class='ocrx_word' id='word_1_268' title='bbox 915 1227 990 1257; x_wconf 89' lang='lat' dir='ltr'>suis.</span> <span class='ocrx_word' id='word_1_269' title='bbox 1014 1228 1065 1258; x_wconf 89' lang='lat' dir='ltr'>Sic</span> <span class='ocrx_word' id='word_1_270' title='bbox 1087 1238 1165 1257; x_wconf 81' lang='lat' dir='ltr'>vero</span> <span class='ocrx_word' id='word_1_271' title='bbox 1182 1233 1328 1268; x_wconf 81' lang='lat' dir='ltr'>praestat,</span> 
     </span>
     <span class='ocr_line' id='line_1_50' title="bbox 749 1272 1326 1313; baseline 0.002 -11"><span class='ocrx_word' id='word_1_272' title='bbox 749 1272 836 1313; x_wconf 89' lang='lat' dir='ltr'>quod</span> <span class='ocrx_word' id='word_1_273' title='bbox 861 1274 1007 1304; x_wconf 86' lang='lat' dir='ltr'>omnium</span> <span class='ocrx_word' id='word_1_274' title='bbox 1031 1273 1146 1312; x_wconf 88' lang='lat' dir='ltr'>codd.,</span> <span class='ocrx_word' id='word_1_275' title='bbox 1170 1274 1265 1304; x_wconf 77' lang='lat' dir='ltr'>etiam</span> <span class='ocrx_word' id='word_1_276' title='bbox 1286 1273 1326 1304; x_wconf 80' lang='lat' dir='ltr'>fr.</span> 
     </span>
     <span class='ocr_line' id='line_1_51' title="bbox 748 1319 1326 1359; baseline 0 -10"><span class='ocrx_word' id='word_1_277' title='bbox 748 1320 850 1350; x_wconf 85' lang='lat' dir='ltr'>Vatic.</span> <span class='ocrx_word' id='word_1_278' title='bbox 868 1321 1056 1351; x_wconf 84' lang='lat' dir='ltr'>auctoritate</span> <span class='ocrx_word' id='word_1_279' title='bbox 1067 1344 1076 1359; x_wconf 85' lang='lat'>,</span> <span class='ocrx_word' id='word_1_280' title='bbox 1090 1320 1236 1351; x_wconf 83' lang='lat' dir='ltr'>firmatur</span> <span class='ocrx_word' id='word_1_281' title='bbox 1256 1319 1326 1350; x_wconf 85' lang='lat' dir='ltr'>Dis—</span> 
     </span>
     <span class='ocr_line' id='line_1_52' title="bbox 741 1365 1327 1409; baseline 0 -13"><span class='ocrx_word' id='word_1_282' title='bbox 741 1365 840 1407; x_wconf 62' lang='lat' dir='ltr'>jecd,</span> <span class='ocrx_word' id='word_1_283' title='bbox 859 1367 891 1397; x_wconf 87' lang='lat' dir='ltr'>h.</span> <span class='ocrx_word' id='word_1_284' title='bbox 907 1378 934 1397; x_wconf 91' lang='lat' dir='ltr'>e.</span> <span class='ocrx_word' id='word_1_285' title='bbox 954 1366 1108 1409; x_wconf 85' lang='lat' dir='ltr'>dispersi,</span> <span class='ocrx_word' id='word_1_286' title='bbox 1123 1367 1266 1408; x_wconf 77' lang='lat' dir='ltr'>palantes</span> <span class='ocrx_word' id='word_1_287' title='bbox 1279 1366 1327 1396; x_wconf 82' lang='lat' dir='ltr'>fu-</span> 
     </span>
     <span class='ocr_line' id='line_1_53' title="bbox 747 1413 1326 1454; baseline 0.005 -12"><span class='ocrx_word' id='word_1_288' title='bbox 747 1424 795 1454; x_wconf 80' lang='lat' dir='ltr'>ga.</span> <span class='ocrx_word' id='word_1_289' title='bbox 819 1413 1007 1454; x_wconf 76' lang='lat' dir='ltr'>Dejectique</span> <span class='ocrx_word' id='word_1_290' title='bbox 1033 1414 1112 1444; x_wconf 81' lang='lat' dir='ltr'>alter</span> <span class='ocrx_word' id='word_1_291' title='bbox 1140 1413 1256 1445; x_wconf 73' lang='lat' dir='ltr'>liamb.</span> <span class='ocrx_word' id='word_1_292' title='bbox 1279 1431 1326 1436; x_wconf 90' lang='lat'><strong>—</strong></span> 
     </span>
     <span class='ocr_line' id='line_1_54' title="bbox 747 1459 1326 1501; baseline 0.002 -12"><span class='ocrx_word' id='word_1_293' title='bbox 747 1459 892 1500; x_wconf 66' lang='lat' dir='ltr'>stlam&#39;pli</span> <span class='ocrx_word' id='word_1_294' title='bbox 916 1460 955 1490; x_wconf 80' lang='lat' dir='ltr'>du</span> <span class='ocrx_word' id='word_1_295' title='bbox 978 1461 1137 1501; x_wconf 75' lang='lat' dir='ltr'>signiferis</span> <span class='ocrx_word' id='word_1_296' title='bbox 1163 1461 1326 1501; x_wconf 82' lang='lat' dir='ltr'>accipiunt</span> 
     </span>
     <span class='ocr_line' id='line_1_55' title="bbox 749 1506 1326 1547; baseline 0.002 -12"><span class='ocrx_word' id='word_1_297' title='bbox 749 1507 878 1535; x_wconf 79' lang='lat' dir='ltr'>Servius</span> <span class='ocrx_word' id='word_1_298' title='bbox 909 1513 940 1536; x_wconf 82' lang='lat' dir='ltr'>et</span> <span class='ocrx_word' id='word_1_299' title='bbox 971 1506 1093 1543; x_wconf 54' lang='lat' dir='ltr'>Cei-dau</span> <span class='ocrx_word' id='word_1_300' title='bbox 1124 1506 1238 1547; x_wconf 83' lang='lat' dir='ltr'>quidni</span> <span class='ocrx_word' id='word_1_301' title='bbox 1266 1507 1326 1546; x_wconf 89' lang='lat' dir='ltr'>ipsi</span> 
     </span>
     <span class='ocr_line' id='line_1_56' title="bbox 748 1551 1325 1582; baseline 0 -1"><span class='ocrx_word' id='word_1_302' title='bbox 748 1552 886 1581; x_wconf 87' lang='lat' dir='ltr'>militum</span> <span class='ocrx_word' id='word_1_303' title='bbox 904 1553 1053 1582; x_wconf 80' lang='lat' dir='ltr'>numeri?</span> <span class='ocrx_word' id='word_1_304' title='bbox 1071 1558 1107 1581; x_wconf 88' lang='grc' dir='ltr'>ιιι</span> <span class='ocrx_word' id='word_1_305' title='bbox 1130 1551 1325 1582; x_wconf 74' lang='lat' dir='ltr'>vocabulum</span> 
     </span>
     <span class='ocr_line' id='line_1_57' title="bbox 746 1597 1325 1638; baseline 0.002 -11"><span class='ocrx_word' id='word_1_306' title='bbox 746 1597 809 1628; x_wconf 88' lang='lat' dir='ltr'>hoc</span> <span class='ocrx_word' id='word_1_307' title='bbox 841 1599 942 1638; x_wconf 86' lang='lat' dir='ltr'>accipi</span> <span class='ocrx_word' id='word_1_308' title='bbox 970 1598 1075 1628; x_wconf 84' lang='lat' dir='ltr'>solet:</span> <span class='ocrx_word' id='word_1_309' title='bbox 1102 1598 1134 1628; x_wconf 79' lang='lat' dir='ltr'>li.</span> <span class='ocrx_word' id='word_1_310' title='bbox 1161 1598 1182 1630; x_wconf 93' lang='lat' dir='ltr'>l.</span> <span class='ocrx_word' id='word_1_311' title='bbox 1213 1605 1325 1628; x_wconf 77' lang='lat' dir='ltr'>turma:</span> 
     </span>
     <span class='ocr_line' id='line_1_58' title="bbox 748 1644 1325 1685; baseline 0.003 -12"><span class='ocrx_word' id='word_1_312' title='bbox 748 1645 918 1685; x_wconf 75' lang='lat' dir='ltr'>equitatus.</span> <span class='ocrx_word' id='word_1_313' title='bbox 945 1644 1110 1680; x_wconf 73' lang='lat' dir='ltr'>Desolati,</span> <span class='ocrx_word' id='word_1_314' title='bbox 1135 1651 1191 1682; x_wconf 86' lang='lat' dir='ltr'>ut,</span> <span class='ocrx_word' id='word_1_315' title='bbox 1212 1652 1325 1676; x_wconf 76' lang='lat' dir='ltr'>vastu-</span> 
     </span>
     <span class='ocr_line' id='line_1_59' title="bbox 747 1690 1325 1732; baseline 0.003 -12"><span class='ocrx_word' id='word_1_316' title='bbox 747 1699 789 1720; x_wconf 76' lang='lat' dir='ltr'>m:</span> <span class='ocrx_word' id='word_1_317' title='bbox 813 1690 974 1727; x_wconf 75' lang='lat' dir='ltr'>cohortes,</span> <span class='ocrx_word' id='word_1_318' title='bbox 1002 1702 1042 1722; x_wconf 78' lang='lat' dir='ltr'>ex</span> <span class='ocrx_word' id='word_1_319' title='bbox 1068 1691 1266 1732; x_wconf 82' lang='lat' dir='ltr'>dispersione</span> <span class='ocrx_word' id='word_1_320' title='bbox 1294 1700 1325 1722; x_wconf 84' lang='lat' dir='ltr'>et</span> 
     </span>
     <span class='ocr_line' id='line_1_60' title="bbox 748 1737 1322 1780; baseline 0.005 -14"><span class='ocrx_word' id='word_1_321' title='bbox 748 1737 832 1779; x_wconf 76' lang='lat' dir='ltr'>fuga.</span> <span class='ocrx_word' id='word_1_322' title='bbox 849 1755 897 1761; x_wconf 90' lang='lat'>———</span> <span class='ocrx_word' id='word_1_323' title='bbox 915 1738 953 1776; x_wconf 78' lang='lat'>87</span> <span class='ocrx_word' id='word_1_324' title='bbox 966 1749 992 1768; x_wconf 74' lang='grc' dir='ltr'>ι.</span> <span class='ocrx_word' id='word_1_325' title='bbox 1017 1740 1114 1768; x_wconf 82' lang='lat' dir='ltr'>Tecta</span> <span class='ocrx_word' id='word_1_326' title='bbox 1131 1745 1249 1779; x_wconf 78' lang='lat' dir='ltr'>petunt</span> <span class='ocrx_word' id='word_1_327' title='bbox 1272 1749 1322 1780; x_wconf 77' lang='lat' dir='ltr'>pr.</span> 
     </span>
     <span class='ocr_line' id='line_1_61' title="bbox 748 1785 1325 1826; baseline 0.003 -13"><span class='ocrx_word' id='word_1_328' title='bbox 748 1785 862 1815; x_wconf 71' lang='lat' dir='ltr'>llamb.</span> <span class='ocrx_word' id='word_1_329' title='bbox 880 1796 940 1826; x_wconf 79' lang='lat' dir='ltr'>pro</span> <span class='ocrx_word' id='word_1_330' title='bbox 964 1796 1029 1816; x_wconf 85' lang='lat' dir='ltr'>var.</span> <span class='ocrx_word' id='word_1_331' title='bbox 1052 1785 1125 1815; x_wconf 84' lang='lat' dir='ltr'>lect.</span> <span class='ocrx_word' id='word_1_332' title='bbox 1143 1785 1228 1816; x_wconf 83' lang='lat' dir='ltr'>conf.</span> <span class='ocrx_word' id='word_1_333' title='bbox 1248 1795 1325 1815; x_wconf 83' lang='lat' dir='ltr'>mox</span> 
     </span>
     <span class='ocr_line' id='line_1_62' title="bbox 749 1831 1323 1872; baseline 0.003 -12"><span class='ocrx_word' id='word_1_334' title='bbox 749 1842 778 1861; x_wconf 85' lang='lat' dir='ltr'>v.</span> <span class='ocrx_word' id='word_1_335' title='bbox 797 1832 874 1862; x_wconf 75' lang='lat'>832.</span> <span class='ocrx_word' id='word_1_336' title='bbox 894 1833 1001 1872; x_wconf 79' lang='lat' dir='ltr'>Equos</span> <span class='ocrx_word' id='word_1_337' title='bbox 1018 1831 1107 1862; x_wconf 85' lang='lat' dir='ltr'>Gud.</span> <span class='ocrx_word' id='word_1_338' title='bbox 1124 1831 1258 1863; x_wconf 81' lang='lat' dir='ltr'>Mentel.</span> <span class='ocrx_word' id='word_1_339' title='bbox 1274 1842 1323 1872; x_wconf 84' lang='lat' dir='ltr'>pr.</span> 
     </span>
     <span class='ocr_line' id='line_1_63' title="bbox 748 1878 1324 1920; baseline -0.002 -13"><span class='ocrx_word' id='word_1_340' title='bbox 748 1885 779 1907; x_wconf 87' lang='lat' dir='ltr'>ct</span> <span class='ocrx_word' id='word_1_341' title='bbox 796 1878 874 1908; x_wconf 81' lang='lat' dir='ltr'>alter</span> <span class='ocrx_word' id='word_1_342' title='bbox 887 1879 1014 1920; x_wconf 77' lang='lat' dir='ltr'>Meuag.</span> <span class='ocrx_word' id='word_1_343' title='bbox 1027 1901 1036 1916; x_wconf 87' lang='lat'>,</span> <span class='ocrx_word' id='word_1_344' title='bbox 1055 1886 1090 1909; x_wconf 89' lang='lat' dir='ltr'>ut</span> <span class='ocrx_word' id='word_1_345' title='bbox 1105 1885 1158 1909; x_wconf 85' lang='lat' dir='ltr'>aut</span> <span class='ocrx_word' id='word_1_346' title='bbox 1171 1879 1211 1908; x_wconf 85' lang='lat' dir='ltr'>sit</span> <span class='ocrx_word' id='word_1_347' title='bbox 1227 1888 1324 1919; x_wconf 86' lang='lat' dir='ltr'>equos</span> 
     </span>
     <span class='ocr_line' id='line_1_64' title="bbox 748 1923 1323 1964; baseline 0 -10"><span class='ocrx_word' id='word_1_348' title='bbox 748 1925 900 1960; x_wconf 78' lang='lat' dir='ltr'>tendunt,</span> <span class='ocrx_word' id='word_1_349' title='bbox 923 1932 979 1954; x_wconf 86' lang='lat' dir='ltr'>aut</span> <span class='ocrx_word' id='word_1_350' title='bbox 995 1935 1092 1964; x_wconf 81' lang='lat' dir='ltr'>equos</span> <span class='ocrx_word' id='word_1_351' title='bbox 1113 1923 1224 1954; x_wconf 67' lang='lat' dir='ltr'>aversi.</span> <span class='ocrx_word' id='word_1_352' title='bbox 1239 1925 1323 1954; x_wconf 76' lang='lat' dir='ltr'>&#39;rum</span> 
     </span>
     <span class='ocr_line' id='line_1_65' title="bbox 749 1970 1322 2012; baseline 0.002 -12"><span class='ocrx_word' id='word_1_353' title='bbox 749 1971 836 2012; x_wconf 74' lang='lat' dir='ltr'>equis</span> <span class='ocrx_word' id='word_1_354' title='bbox 861 1970 962 2001; x_wconf 73' lang='lat' dir='ltr'>versis</span> <span class='ocrx_word' id='word_1_355' title='bbox 991 1970 1047 2000; x_wconf 79' lang='lat' dir='ltr'>Ed.</span> <span class='ocrx_word' id='word_1_356' title='bbox 1074 1981 1123 2011; x_wconf 81' lang='lat' dir='ltr'>pr.</span> <span class='ocrx_word' id='word_1_357' title='bbox 1150 1971 1322 2001; x_wconf 80' lang='lat' dir='ltr'>Burmann.</span> 
     </span>
     <span class='ocr_line' id='line_1_66' title="bbox 749 2015 1325 2058; baseline -0.002 -11"><span class='ocrx_word' id='word_1_358' title='bbox 749 2017 838 2058; x_wconf 82' lang='lat' dir='ltr'>equis</span> <span class='ocrx_word' id='word_1_359' title='bbox 865 2015 981 2046; x_wconf 77' lang='lat' dir='ltr'>aversis</span> <span class='ocrx_word' id='word_1_360' title='bbox 1009 2017 1108 2046; x_wconf 86' lang='lat' dir='ltr'>Goth.</span> <span class='ocrx_word' id='word_1_361' title='bbox 1138 2027 1200 2047; x_wconf 86' lang='lat' dir='ltr'>sec.</span> <span class='ocrx_word' id='word_1_362' title='bbox 1228 2028 1325 2058; x_wconf 76' lang='lat' dir='ltr'>equos</span> 
     </span>
     <span class='ocr_line' id='line_1_67' title="bbox 749 2062 1325 2094; baseline 0.002 -1"><span class='ocrx_word' id='word_1_363' title='bbox 749 2062 874 2094; x_wconf 70' lang='lat' dir='ltr'>adversi</span> <span class='ocrx_word' id='word_1_364' title='bbox 888 2062 1011 2094; x_wconf 75' lang='lat' dir='ltr'>zulich.</span> <span class='ocrx_word' id='word_1_365' title='bbox 1029 2063 1173 2093; x_wconf 68' lang='lat' dir='ltr'>Ado-ersa</span> <span class='ocrx_word' id='word_1_366' title='bbox 1189 2063 1236 2094; x_wconf 78' lang='lat' dir='ltr'>‹ul</span> <span class='ocrx_word' id='word_1_367' title='bbox 1247 2063 1325 2094; x_wconf 50' lang='lat' dir='ltr'>moess</span> 
     </span>
     <span class='ocr_line' id='line_1_68' title="bbox 750 2109 1324 2150; baseline 0.002 -11"><span class='ocrx_word' id='word_1_368' title='bbox 750 2109 805 2139; x_wconf 77' lang='lat' dir='ltr'>nia</span> <span class='ocrx_word' id='word_1_369' title='bbox 831 2121 902 2150; x_wconf 79' lang='lat' dir='ltr'>pars</span> <span class='ocrx_word' id='word_1_370' title='bbox 927 2109 1020 2141; x_wconf 84' lang='lat' dir='ltr'>codd.</span> <span class='ocrx_word' id='word_1_371' title='bbox 1051 2111 1130 2140; x_wconf 78' lang='lat' dir='ltr'>Pier.</span> <span class='ocrx_word' id='word_1_372' title='bbox 1156 2121 1228 2140; x_wconf 85' lang='lat' dir='ltr'>cum</span> <span class='ocrx_word' id='word_1_373' title='bbox 1259 2110 1324 2142; x_wconf 80' lang='lat' dir='ltr'>Erf.</span> 
     </span>
     <span class='ocr_line' id='line_1_69' title="bbox 749 2156 1325 2187; baseline 0.002 -1"><span class='ocrx_word' id='word_1_374' title='bbox 749 2156 875 2186; x_wconf 72' lang='lat' dir='ltr'>adversi</span> <span class='ocrx_word' id='word_1_375' title='bbox 903 2157 1039 2186; x_wconf 77' lang='lat' dir='ltr'>Dorvill.</span> <span class='ocrx_word' id='word_1_376' title='bbox 1065 2168 1175 2186; x_wconf 61' lang='lat' dir='ltr'>aversa</span> <span class='ocrx_word' id='word_1_377' title='bbox 1205 2157 1325 2187; x_wconf 80' lang='lat' dir='ltr'>moem&#39;a</span> 
     </span>
     <span class='ocr_line' id='line_1_70' title="bbox 749 2203 1330 2235; baseline 0.005 -3"><span class='ocrx_word' id='word_1_378' title='bbox 749 2204 815 2233; x_wconf 78' lang='lat' dir='ltr'>siue</span> <span class='ocrx_word' id='word_1_379' title='bbox 838 2203 884 2232; x_wconf 65' lang='lat' dir='ltr'>a]</span> <span class='ocrx_word' id='word_1_380' title='bbox 905 2203 970 2233; x_wconf 73' lang='lat' dir='ltr'>du)</span> <span class='ocrx_word' id='word_1_381' title='bbox 990 2205 1105 2235; x_wconf 62' lang='lat' dir='ltr'>Mosei.</span> <span class='ocrx_word' id='word_1_382' title='bbox 1128 2204 1255 2235; x_wconf 54' lang='lat' dir='ltr'>(nr-&#39;xlm</span> <span class='ocrx_word' id='word_1_383' title='bbox 1283 2204 1330 2234; x_wconf 68' lang='lat' dir='ltr'>acl</span> 
     </span>
    </p>
   </div>
  </div>
 </body>
</html>
