1414 2435
575 96 697 126 LIBER
721 97 779 126 XI.

1209 93 1272 133 189

86 158 274 205 Tempora
292 154 416 191 nudus
435 152 578 200 adhuc,
597 152 781 202 laterique
799 153 1017 191 adcinxerat
1035 165 1178 199 ensem,

87 215 345 265 Fulgebatque
364 214 438 251 alta
456 213 660 250 decurrens
677 226 815 251 aureus
835 227 939 259 arce;

1227 222 1275 253 ⁴190

88 275 334 323 Exsultatque
354 273 505 318 animis,
523 281 560 309 et
579 285 645 321 spe
661 272 738 322 jam
757 273 930 323 praecipit
946 273 1102 310 hostem.

90 333 238 380 Qualis,
255 332 323 370 ubi
341 332 514 383 abruptis
534 332 630 382 fugit
647 332 831 382 praesepia
848 333 1001 378 vinclis,

90 392 257 430 Tandem
276 392 390 439 liber,
411 406 548 442 equus,
568 405 777 442 campoque
796 392 938 442 potitus
959 401 1108 442 aperte,

89 455 167 488 Aut
186 453 247 489 ille
266 453 303 489 in
323 462 452 503 pastus
470 460 713 502 armentaque
734 452 852 489 tendit
869 465 1072 502 equarum;

90 516 167 550 Aut
183 513 360 550 adsuetus
380 526 486 563 aquae
505 513 683 563 perfundi
702 513 854 550 flumine
873 523 964 550 noto

90 574 256 620 Emicat,
276 573 512 623 adrectisque
532 574 657 611 fremit
676 573 888 610 cervicibus
910 573 983 610 alte

91 633 325 680 Luxurian53
344 633 555 683 luduntque
567 633 671 684 jubae
691 646 758 684 per
777 634 890 679 colla,
909 645 979 683 per
996 644 1130 669 armos.

96 693 218 732 Obvia
236 694 316 740 cui,
335 694 558 732 Volscorum
577 695 656 731 acie
675 693 895 739 comitante,
915 692 1070 730 Camilla

94 754 289 800 Occurrit,
311 755 506 804 portisque
525 754 572 791 ab
593 767 692 804 equo
712 754 843 803 regina
862 751 933 789 sub
950 752 1041 801 ipsis

93 813 271 858 Desiluit,
290 826 403 862 quam
423 821 502 849 tota
517 813 654 850 cohors
673 813 817 849 imitata
829 841 838 858 ‚
857 812 996 849 relictis

1234 816 1282 839 500

94 871 155 908 Ad
177 881 316 909 terram
332 871 491 908 defluxit
510 871 635 921 equis3
654 880 735 908 tum
758 871 844 907 talia
864 873 964 909 fatur
981 887 988 908 :

96 950 110 966 «
129 934 274 978 Turne,
293 931 351 968 sui
368 931 502 968 merito
523 931 554 968 si
572 943 647 979 qua
667 939 722 967 est
739 929 876 968 fiducia
896 931 1001 978 forti,

95 991 247 1037 Audeo,
267 999 305 1027 et
323 990 532 1027 AEneadum
547 990 729 1040 promitto
748 1002 949 1026 occurrere
970 1000 1119 1038 turmae,

97 1051 259 1100 Solaque
277 1051 494 1099 Tyrrhenos
511 1050 655 1098 equites
674 1050 730 1086 ire
746 1049 860 1086 obvia
876 1058 1017 1087 contra.

99 1112 163 1148 Me
182 1109 261 1147 sine
280 1109 403 1159 prima
421 1122 535 1146 manu
554 1117 698 1147 tentare
715 1109 884 1159 pericula
904 1109 993 1149 belli
1012 1124 1020 1145 ;

102 1284 151 1313 bis
170 1284 293 1314 Ennius
312 1285 376 1322 jam
398 1285 579 1324 praeiverat,
603 1286 669 1314 Ma-

104 1330 215 1360 crobio
233 1336 382 1359 monente
395 1331 442 1358 VI
456 1332 582 1360 Saturn.
596 1331 613 1359 3
627 1331 672 1359 Et

104 1383 195 1410 tunc,
215 1375 293 1404 sicut
316 1386 432 1415 equus,
451 1375 507 1414 qm·
530 1375 569 1404 de
586 1385 670 1415 proe-

103 1421 225 1460 sepibus
251 1428 339 1450 actus
351 1421 420 1462 (est
441 1422 645 1451 Homericum
659 1430 667 1451 :

104 1464 278 1505 ᾴκοστῆσοις
289 1464 339 1497 ἐπὶ
349 1465 462 1508 φάτνῃ)
473 1467 584 1496 Vincla
591 1467 672 1496 sueis

105 1512 248 1554 magneis
274 1513 412 1542 animeis
441 1512 614 1553 abrumpit,
642 1520 674 1543 et

105 1559 180 1589 inde
189 1560 264 1587 Fert
270 1568 337 1588 sese
349 1558 457 1598 campi
463 1569 526 1598 per
539 1558 670 1595 coerula,

105 1606 245 1644 laetaque
263 1612 384 1644 prata,
411 1604 501 1634 Celso
519 1613 649 1644 pectore
662 1615 673 1634 :

106 1648 197 1692 (θείει
224 1645 318 1690 (διὰ)
350 1646 471 1680 πεδίοιο
500 1648 670 1693 κροαίνων,

107 1694 262 1736 pulsando
284 1696 389 1726 solum
413 1697 561 1738 ungulis)
591 1707 675 1737 soepe

104 1741 216 1782 jubam
247 1749 379 1780 quassat
420 1741 514 1771 simul
549 1743 674 1778 altam,-

109 1785 185 1829 (vilar,
172 1781 250 1815 νῦὸε
266 1784 346 1829 κάρη
364 1797 414 1826 ε]
404 1797 443 1824 ι
460 1784 540 1829 ἀμφὶ
557 1784 591 1817 δὲ
608 1787 675 1827 χαῖ-

111 1843 163 1863 ται
178 1830 269 1874 ὤνιος
285 1830 316 1862 ἀ.
319 1843 370 1863 σσο
373 1831 460 1872 vtae)
479 1832 611 1872 szritns
633 1844 675 1862 ex

112 1878 226 1909 anima
241 1878 350 1908 calida
363 1889 490 1919 spumas
506 1879 574 1919 agi:
587 1879 676 1908 albas

113 1925 296 1956 Luxuriam
305 1937 318 1962 ;
334 1924 471 1955 reddidit
494 1925 626 1955 feliciter
638 1935 679 1955 ex

112 1972 282 2002 Homerico
311 1971 382 2002 loco
410 1967 541 2001 κυδιόων
553 1993 561 2008 ,
592 1970 679 2011 quod

113 2017 159 2047 ibi
186 2024 233 2047 est
262 2028 322 2058 pro
351 2019 487 2061 γαυριῶν
499 2039 507 2055 ,
531 2017 569 2046 de
596 2027 679 2057 equo

114 2063 310 2102 exsultante,
329 2063 510 2094 ferociente.
532 2064 607 2093 Alte
626 2073 680 2092 au-

116 2116 180 2138 tem
196 2110 260 2149 496
276 2111 376 2150 possis
394 2111 527 2151 jungere
543 2120 551 2140 :
576 2119 680 2138 arrec-

119 2154 156 2183 tis
174 2155 272 2191 alcoe;
287 2162 330 2186 ut,
349 2158 478 2187 Homer.
501 2153 577 2196 ὑψεῦ
599 2153 680 2197 κάρ-ν

122 2198 197 2240 ἔχει.
216 2202 240 2231 F
242 2208 309 2232 orte
327 2208 430 2234 tamen
447 2203 491 2232 sic
509 2202 681 2244 languescit

722 1292 830 1313 versus
843 1294 852 1320 3
875 1289 907 1313 et
934 1283 1094 1324 jungenda
1121 1290 1195 1314 sunt
1223 1284 1288 1313 alce

723 1328 909 1366 luxurians,
935 1335 989 1358 aut
1015 1330 1042 1358 si
1068 1329 1130 1359 hoc
1155 1329 1291 1359 insolen-

724 1375 788 1404 tius
812 1374 934 1404 dictum
951 1374 1052 1404 videri
1079 1376 1177 1416 possit
1187 1398 1195 1410 ‚
1225 1375 1291 1404 alte

715 1419 841 1461 fremit.
858 1420 987 1450 Ludunt
1000 1420 1089 1461 J'ubce
1102 1431 1166 1461 per
1184 1420 1268 1450 colla
1279 1442 1288 1455 ,

720 1477 783 1506 per
792 1476 896 1496 armos
906 1477 917 1495 .·
927 1464 1007 1508 ἀμφὶ
1021 1463 1056 1496 δὲ
1072 1466 1181 1506 χαῖται
1199 1464 1291 1508 ὤμοις

725 1509 894 1543 ἀΐσσονται.
913 1512 1006 1543 Adde
1031 1512 1164 1542 alterum
1184 1513 1292 1542 locum

726 1568 766 1587 ex
781 1560 922 1587 Homero
935 1568 1118 1598 expressum
1136 1560 1171 1588 in
1193 1558 1293 1599 Apol-

725 1603 791 1634 lon.
805 1604 854 1632 111
865 1625 873 1640 ,
897 1603 983 1643 1259
998 1614 1066 1644 sqq.

774 1649 852 1689 498.
862 1650 910 1679 De
920 1649 1050 1680 Camilla
1060 1649 1156 1681 modo
1166 1649 1204 1680 ad
1216 1651 1292 1686 432.

727 1694 883 1731 Desiluit,
900 1695 1033 1726 honoris
1053 1706 1160 1726 caussa
1180 1696 1295 1726 factum

728 1741 852 1771 volunt.
867 1741 927 1778 Cf„
942 1742 969 1770 si
978 1743 1057 1771 tami
1070 1741 1197 1771 videtur
1207 1763 1215 1778 ,
1226 1751 1295 1771 ana-

727 1786 882 1826 glyphum
905 1786 1107 1827 Borghesian.
1131 1788 1298 1827 ap.Winc-

728 1831 865 1861 kelman.
880 1833 1021 1861 Monam.
1038 1832 1123 1862 ined.
1139 1833 1201 1863 No.
1222 1833 1295 1870 ¹37.

732 1876 849 1907 Cohors
857 1887 916 1917 pro
929 1884 1032 1906 turma
1043 1889 1051 1915 ;
1063 1888 1137 1907 nam
1153 1879 1297 1918 equitum

730 1923 763 1953 h.
776 1923 797 1952 1.
812 1928 867 1951 est.
888 1922 1053 1965 Deflux1't;
1069 1923 1214 1953 Macrob.
1230 1925 1277 1953 VI
1289 1947 1296 1960 ‚

735 1975 754 2004 4
767 1968 822 2009 (p.
844 1968 907 2008 595
925 1968 1029 2011 Lips.)
1045 1981 1061 1999 e
1083 1971 1179 1999 Furio
1197 1969 1254 2000 lib.
1283 1971 1297 1999 1

732 2014 856 2044 laudat:
871 2014 949 2051 Ille,
963 2015 1056 2056 gravi
1065 2015 1164 2045 subito
1177 2015 1298 2046 devinc-

734 2067 782 2090 tus
794 2060 938 2097 vulnere,
952 2060 1095 2091 habenas
1103 2061 1193 2092 Misit
1204 2062 1294 2102 equi,

734 2108 903 2147 lapsusque
918 2107 951 2136 in
973 2106 1120 2144 humum,
1141 2106 1296 2150 defluxit,

734 2160 765 2183 et
773 2153 869 2183 armis
878 2153 1028 2183 Reddidit
1035 2152 1143 2185 oerutis
1151 2153 1297 2183 sonitum.

733 2217 778 2224 —-
791 2200 867 2231 503.
887 2199 1078 2241 Comparam
1098 2199 1134 2230 11.
1149 2210 1163 2229 ν
1175 2222 1183 2238 ,
1203 2201 1243 2238 73
1255 2217 1299 2223 --
