1414 2435
618 83 743 114 LIBER
766 83 825 113 XI.

1260 94 1322 114 221

119 148 199 183 Nec
219 144 419 196 quisquam
438 141 611 180 instantis
630 143 818 187 Teucros,
836 140 1030 191 letumque
1048 140 1203 180 ferentis

122 197 341 242 Sustentare
361 203 461 240 valet
482 203 582 248 telis,
604 210 669 239 aut
689 202 822 239 sistere
843 210 975 239 contra
994 217 1001 238 ε

122 265 198 302 Sed
218 266 321 301 laxos
338 263 510 300 referunt
530 263 698 300 humeris
719 262 987 313 languentibus
1009 275 1137 310 arcus3

122 324 501 374 Quadrupedumque
522 333 674 374 putrem
700 337 815 360 cursu
835 324 958 374 quatit
977 324 1118 375 ungula
1138 336 1325 375 campum.

119 384 298 421 Volvitur
317 383 364 421 ad
383 397 513 420 muros
534 384 695 434 caligine
716 383 895 421 turbidus
917 393 999 421 atra

1280 393 1329 426 876

120 444 265 490 Pulvis,
290 453 327 481 et
347 457 367 480 e
387 444 550 494 speculis
570 457 759 494 percussae
779 452 936 494 pectora
954 453 1092 482 matres

121 504 342 541 Femineum
360 505 565 541 clamorem
584 505 631 540 ad
652 505 735 541 coeli
756 505 882 541 sidera
902 505 1051 542 tollunt.

124 565 200 611 Qui
220 578 335 602 cursu
355 573 486 614 portas
507 564 622 614 primi
643 565 824 615 inrupere
844 565 1025 615 patentis,

124 629 203 663 Hos
223 626 377 662 inimica
396 638 512 675 super
532 625 652 663 mixto
675 625 816 676 premit
837 626 985 675 agmine
1004 624 1137 673 turba3

1282 637 1330 661 880

123 688 203 722 Nec
223 686 399 723 miseram
421 685 610 735 effugiunt·
629 694 808 732 mortem,
830 686 896 723 sed
916 686 1044 722 limine
1064 686 1103 721 in
1122 685 1224 736 ipso,

125 745 317 782 Moenibus
338 746 377 782 in
397 745 550 795 patriis,
571 755 688 795 atquc
704 746 803 782 intcr
824 755 905 783 tuta
925 745 1128 782 domorum

126 806 291 851 Confixi,
309 806 504 856 exspirant
522 806 666 843 animas
687 820 694 841 :
716 819 804 856 pars
823 806 1001 843 claudere
1022 815 1171 856 portas;

125 869 160 903 N
163 880 205 903 ec
224 866 336 904 sociis
356 867 506 917 aperire
526 868 647 914 viam,
668 881 738 905 nec
757 867 946 904 moenibus
967 867 1109 904 audent

125 926 315 977 Adcipcre
334 928 496 975 orantis;
517 927 717 978 oriturque
739 928 951 966 miserrima
971 927 1092 964 caedes
1285 939 1334 969 «³83

125 987 406 1025 Defendentum
425 988 540 1036 armis
561 987 706 1036 aditus,
727 989 843 1038 inque
861 1001 966 1024 arma
984 995 1174 1024 ruentum.

134 1148 254 1179 moenia
280 1151 363 1179 Ven.
383 1148 444 1179 Sed
466 1149 593 1190 vulgata
619 1155 704 1179 recte

130 1195 294 1225 sehabet:
315 1202 346 1224 et
368 1193 474 1224 firmat
496 1206 565 1225 eam
589 1195 700 1236 fragm.

131 1243 234 1272 Vatic.
251 1259 297 1264 -—
319 1242 395 1279 872.
422 1243 578 1280 'I‘rojanos
603 1242 704 1271 letum

130 1287 301 1318 inferentes
312 1311 320 1325 ‚
337 1295 373 1317 ut
388 1290 474 1319 Serv.
488 1307 534 1311 —-
551 1289 629 1326 874.
653 1289 704 1328 Ip-

132 1336 158 1364 si
191 1335 379 1375 languentes
391 1357 398 1371 ‚
429 1334 511 1366 fessi.
547 1353 593 1357 —
625 1335 703 1372 875.

136 1382 292 1422 Campum
313 1389 441 1422 putrem
452 1404 460 1417 ‚
493 1383 547 1422 qui
571 1383 605 1410 in
633 1381 703 1421 pul-

133 1439 240 1458 verem
258 1429 449 1465 resolvitur,
471 1436 508 1458 ut
524 1429 587 1467 jam
610 1437 705 1468 supra

132 1477 232 1511 VIII,
261 1475 337 1513 596.
361 1476 443 1504 Mox
467 1486 483 1504 e
501 1474 647 1515 speculis,
665 1473 703 1503 de

132 1522 251 1557 muris,
271 1521 357 1550 unde
374 1522 593 1562 prospiciunt,
610 1531 705 1562 supra

134 1579 164 1599 v.
184 1574 222 1606 47
230 1569 260 1598 5.

183 1616 248 1654 879
268 1625 336 1655 sqq.
359 1617 415 1645 Est
438 1614 567 1655 quidem
596 1614 706 1644 similis

134 1670 241 1701 pugna
257 1661 294 1690 ad
307 1669 415 1701 portas
425 1668 600 1691 castrorum
616 1661 707 1691 Iliad.

136 1717 179 1748 μ,
202 1717 263 1736 122
291 1717 361 1746 sqq.
383 1707 444 1737 Sed
463 1708 592 1748 Virgilii
618 1708 708 1737 locus

135 1751 223 1782 haud
233 1752 350 1792 Paullo
371 1752 443 1792 plus
463 1751 645 1796 ἐναργείας,
665 1753 709 1782 as-

136 1799 235 1828 fectus
254 1806 285 1828 et
304 1805 434 1829 ornatus
452 1798 615 1829 habet.-—-
630 1800 707 1829 880.

138 1847 241 1885 Super
254 1857 270 1875 a
290 1852 396 1886 terg03
412 1852 448 1875 ut
468 1845 543 1875 alibi
559 1855 706 1886 quoque3

135 1893 252 1933 premit
277 1892 433 1932 fugientes
447 1891 558 1922 hostis.
572 1908 619 1914 —-
631 1891 708 1927 884.

136 1940 207 1969 Nec
222 1939 390 1974 menibus,
418 1939 498 1968 urbe
509 1961 517 1976 ,
536 1939 654 1979 portis;
669 1948 709 1967 ex

137 1995 224 2016 more
247 1985 419 2026 loquendi;
439 1996 525 2021 non,
556 1996 616 2026 pro
639 1994 710 2014 mu-

137 2032 190 2062 ris.
201 2049 247 2055 -—
259 2033 323 2062 885
336 2055 344 2069 ‚
363 2032 440 2062 886.
461 2032 571 2063 Paullo
590 2031 709 2061 ohscu-

139 2088 210 2107 rum
242 2085 306 2116 est,
326 2080 391 2108 utri
413 2080 477 2108 sint
500 2078 710 2120 defendentes

139 2130 170 2153 et
187 2132 311 2155 ruentes
325 2136 336 2154 :
356 2126 382 2155 si
400 2125 447 2155 illi
458 2148 466 2162 ,
487 2126 544 2166 qui
561 2125 707 2166 fugiunt,

139 2176 170 2199 et
192 2172 249 2210 qui
272 2179 507 2212 persequuntur
532 2172 706 2213 fugientes,

139 2226 246 2247 sensus
258 2217 344 2247 haud
358 2217 501 2259 expediri
514 2225 628 2260 potest.
642 2220 709 2251 Nec

757 1149 816 1179 lux
826 1149 866 1179 ab
880 1149 991 1181 Servio
1007 1149 1137 1189 aliisque
1153 1155 1335 1189 exspectan-

758 1196 807 1226 da.
823 1196 1098 1236 Simplicissimum
1112 1202 1184 1236 post
1199 1195 1257 1224 alia
1271 1201 1335 1224 ten-

758 1249 820 1272 tata
849 1241 912 1272 hoc
940 1253 1005 1271 esse
1037 1241 1175 1271 arbitror
1190 1250 1197 1271 :
1219 1243 1268 1282 agi
1295 1241 1334 1272 de

758 1289 858 1328 portis
873 1288 1018 1318 nondum
1035 1288 1149 1317 clausis
1159 1309 1167 1323 ‚
1183 1287 1237 1316 sed
1252 1287 1334 1317 clau-

758 1334 880 1365 dendis.
895 1336 983 1364 Dum
1001 1335 1035 1363 in
1055 1343 1092 1363 eo
1112 1339 1188 1362 sunt
1201 1333 1334 1374 oppida-

758 1383 808 1418 ni,
826 1388 863 1411 ut
879 1388 986 1421 portas
1015 1379 1181 1416 claudant,
1199 1390 1272 1409 ecce
1294 1381 1334 1409 ir-

759 1434 860 1458 ruunt
877 1429 972 1468 primi
984 1428 1139 1468 fugientes
1150 1448 1158 1462 ,
1169 1436 1250 1466 quos
1262 1427 1313 1456 isti
1325 1451 1334 1464 ‚

758 1485 800 1504 ne
816 1485 878 1504 una
893 1484 967 1504 cum
983 1475 1059 1514 ipsis
1070 1473 1177 1502 hostes
1191 1473 1333 1511 irruant,

759 1522 899 1561 accipere
938 1522 1020 1550 intra
1058 1519 1172 1549 urbem
1205 1519 1332 1551 uolunt.

760 1569 844 1598 Hinc
857 1569 962 1597 oritur
974 1566 1072 1596 caedes
1085 1566 1200 1607 partim
1210 1575 1333 1604 eorum,

760 1616 816 1656 qm'
834 1615 867 1644 vi
881 1614 921 1644 ab
934 1615 1079 1655 ingressu
1094 1619 1194 1653 portae
1210 1612 1334 1652 fugien-

762 1669 806 1692 tes
823 1661 995 1702 prohibere
1011 1660 1126 1690 volunt
1137 1681 1146 1696 ,
1157 1659 1271 1699 partim
1286 1670 1335 1689 eo-

761 1719 850 1745 rum,
873 1709 931 1748 qui
960 1709 991 1737 vi
1022 1708 1225 1745 irrumpunt,
1245 1711 1275 1733 et
1299 1707 1334 1735 in

762 1755 942 1784 resistentes
966 1755 1105 1782 irruunt.
1116 1768 1162 1773 —
1174 1750 1250 1779 886.
1268 1751 1332 1780 De-

753 1800 896 1841 fendenc
914 1810 987 1829 cum
1002 1799 1098 1828 litura
1119 1795 1235 1826 Medic.
1254 1797 1335 1827 Adi-

762 1853 872 1886 tusque
891 1844 985 1885 inque
1000 1846 1111 1874 Frauc.
1132 1845 1240 1883 Aeque
1255 1853 1286 1873 α.
1307 1855 1331 1874 r.

763 1891 849 1922 Gud.
871 1893 960 1921 Duro
980 1898 1011 1920 ec
1023 1889 1076 1919 sub
1097 1890 1203 1919 Marte
1218 1889 1334 1919 caden-

762 1946 827 1968 tum
847 1937 1016 1978 praefixum
1035 1935 1128 1966 video
1146 1936 1264 1966 Donati
1285 1937 1334 1966 in·

762 1985 991 2025 terpretationi.
1023 1983 1149 2014 Julium
1181 1981 1333 2012 Sabinum

763 2039 949 2072 corruptum
968 2032 1076 2071 potius
1092 2039 1157 2058 esse
1179 2028 1334 2068 arbitror,

763 2088 858 2118 quam
874 2078 1043 2108 lectionem
1057 2077 1187 2106 variare.
1210 2075 1329 2113 Caedes,

763 2126 821 2162 ait,
838 2135 936 2165 quam
944 2123 1115 2165 faciebant
1133 2121 1276 2163 Trojam'.
1295 2123 1335 2153 0-

762 2171 952 2201 riturca’des
961 2167 1216 2200 descendentium
1222 2180 1285 2209 per
1291 2169 1336 2198 ιἠ-

759 2229 900 2260 gressum
910 2241 918 2254 ,
937 2225 967 2248 et
975 2216 1132 2248 ruentium
1143 2215 1336 2255 adponam.

1159 2281 1176 2293 ᾗ

1112 2294 1157 2329 19
