1414 2435
93 67 137 101 94
593 63 786 93 AENEIDos

93 120 213 167 Surge
233 130 319 167 age,
340 126 376 154 et
396 120 547 155 Aurora
564 119 687 156 socios
705 119 882 156 veniente
899 119 1031 156 vocari

92 176 238 214 Primus
255 177 294 212 in
313 189 418 214 arma
433 177 526 228 jube
534 185 554 224 ‚'
565 188 602 216 et
621 179 797 229 clypeum
816 192 926 229 cape,
948 191 1061 229 quem
1082 177 1185 216 dedit
1203 180 1283 230 ipse

91 237 278 273 Invictum
298 237 527 288 ignipotens,
551 247 665 289 atque
683 252 768 277 oras
786 240 919 277 ambiit
940 253 1046 277 auro.

92 298 262 334 Crastina
281 299 364 346 lux,
385 313 468 336 mea
486 300 517 337 si
535 313 612 337 non
628 301 744 338 inrita
762 301 863 338 dicta
883 302 1047 351 putaris,

91 358 266 405 Ingentes
285 359 436 396 Rutulae
455 359 642 409 spectabit
661 361 774 398 caedis
792 374 961 398 acervos.
981 377 997 394 »

90 415 267 464 Dixerat3
289 426 326 454 et
345 419 479 456 dextra
499 419 695 457 discedens
714 420 852 469 inpulit
872 421 1002 465 altam,

91 476 204 513 Haud
223 478 354 527 ignara
370 479 493 524 modi,
513 479 674 529 puppim
694 493 701 515 ε
722 480 816 528 fugit
834 479 897 515 illa
914 493 983 528 per
1001 479 1120 516 undas

91 537 209 574 Ocior
227 546 264 574 et
276 539 404 589 jaculo
424 549 461 576 et
478 548 612 576 ventos
630 547 803 588 aequante
820 539 956 588 sagitta
971 536 980 574 Ξ
1081 587 1083 589 ¹

89 597 182 634 Inde
202 598 284 635 aliae
304 600 470 636 celerant
489 612 634 636 cursus.
655 601 791 649 Stupet
811 598 950 635 inscius
970 598 1051 647 ipse

89 660 184 695 Tros
204 659 470 706 Anchisiade53
493 660 637 696 animos
658 669 784 696 tamen
799 659 925 695 omine
946 659 1054 695 tollit.

1243 668 1290 692 25⁰

89 719 186 753 Tum
205 717 377 754 breviter
396 731 535 767 supera
552 718 773 767 adspectans
792 731 961 754 convexa
980 726 1157 767 precatur
1178 732 1185 753 :

90 794 105 808 «
126 777 235 814 Alma
254 790 392 827 parens
410 777 511 815 Idaea
532 777 664 823 deum,
685 778 747 814 cui
765 777 955 826 Dindyma
974 777 1099 823 cordi,

88 838 381 887 Turrigeraeque
401 837 536 883 urbes,
554 838 751 888 bijugique
771 838 818 874 ad
837 838 942 874 frena
961 838 1107 884 leoncs;

90 898 149 932 Tu
169 896 263 933 mihi
282 910 383 933 nunc
402 910 539 947 pugnae
558 898 753 948 princeps;
775 905 815 933 tu
837 897 908 934 rite
927 898 1159 947 propinques

89 957 319 1007 Augurium,
333 958 624 1009 Phrygibusque
638 959 736 996 adsis
753 958 868 1008 pede,
885 959 1002 1004 Diva,
1018 957 1184 995 secundo
1196 961 1203 993 l
1217 974 1231 990 »
1242 967 1288 991 255

89 1076 239 1116 Iungunt
251 1085 283 1104 se
306 1084 314 1104 :
336 1080 373 1104 ut
394 1074 474 1104 solet
494 1074 660 1114 Virgilius.

90 1138 135 1143 —-
151 1121 228 1156 246.
256 1122 378 1156 Locus,
395 1131 491 1160 quem
512 1120 661 1157 laudant,

88 1167 255 1207 Apollonii
271 1173 316 1196 est
331 1166 387 1196 lib.
403 1168 450 1203 ΙΙ,
469 1167 535 1196 600
547 1189 555 1203 ,
573 1168 636 1197 6οῐ
651 1189 660 1203 ,

88 1213 147 1243 ubi
164 1214 310 1243 Minerva
334 1213 429 1242 simili
454 1212 550 1242 modo
570 1215 658 1253 Argo

87 1260 122 1288 in
146 1258 370 1300 Symplegadas
393 1259 563 1288 immissam
586 1269 660 1299 pro-

87 1304 199 1336 trudit.
223 1305 315 1335 Alter
331 1305 422 1334 locus
445 1312 556 1334 nostro
573 1305 659 1334 simi-

86 1351 148 1381 lior
167 1359 213 1381 est
234 1351 291 1381 lib.
310 1352 356 1380 IV
369 1373 377 1388 ‚
402 1352 467 1390 930
489 1361 553 1391 seq.
572 1352 660 1392 Argo

86 1398 121 1426 in
149 1397 291 1428 Planctas
320 1396 465 1427 adducta.
498 1414 544 1420 --
581 1404 658 1435 247.

87 1443 203 1473 Modus
230 1454 298 1473 non
332 1449 378 1473 est
407 1444 507 1481 ratio,
544 1443 659 1473 modus

87 1489 307 1530 propellendi;
331 1489 393 1519 hoc
414 1496 495 1519 esset
515 1496 611 1519 tenue
630 1496 661 1519 et

83 1536 229 1574 jejunum
248 1537 281 1565 iu
299 1537 388 1576 epico
402 1543 504 1575 poeta.
520 1535 580 1565 Sed
593 1542 639 1564 est
650 1559 658 1572 ,

86 1582 174 1621 quod
193 1582 275 1611 benc
288 1583 415 1612 Servius
434 1582 577 1617 monuit,
595 1592 659 1611 mo-

86 1627 218 1658 deratio.
244 1641 258 1653 «ι
276 1628 406 1668 Impulit
430 1638 544 1657 navem
565 1627 659 1657 libra-

87 1688 102 1699 «
119 1681 227 1704 mento
258 1675 380 1714 peritiae
410 1673 538 1714 (malim
565 1673 659 1703 libra-

87 1736 102 1747 υ
119 1720 220 1750 menei
235 1719 383 1760 pericia)
409 1728 439 1749 et
467 1720 657 1749 moderatio-

87 1783 101 1793 «
119 1767 188 1803 nis,
216 1767 336 1807 quippe
366 1776 436 1806 quae
469 1767 570 1796 fuerat
602 1777 657 1796 na-

87 1829 101 1839 «
119 1814 176 1843 vis.
196 1827 211 1838 »
243 1830 288 1836 -
313 1813 390 1849 248.
428 1815 547 1842 Ventos
575 1823 660 1853 spec-

87 1867 174 1889 tame
195 1870 221 1890 s.
244 1861 349 1900 Sprot.
375 1860 429 1889 Est
458 1857 526 1901 ἅμα.
552 1861 658 1901 πνοιῇς

87 1904 222 1947 ἀνέμοιῦ.
239 1923 284 1928 —
306 1912 382 1946 240.
400 1905 480 1935 lude
499 1905 592 1942 alite,
612 1916 656 1937 se.

86 1963 201 1989 naves,
228 1952 373 1982 celerant
405 1963 529 1988 cursus,
556 1963 657 1992 quum

87 2001 191 2029 AEneae
225 2010 338 2028 navem
374 1999 498 2028 evolare
537 1997 655 2028 vident.

84 2046 134 2073 Sic
160 2052 258 2085 puto,
283 2045 364 2074 bene
397 2046 560 2085 accipitur.
587 2046 656 2074 Ser-

85 2092 155 2120 vius
196 2098 297 2120 'auu-u
329 2092 470 2131 argutius
499 2090 654 2131 explicat:

84 2137 158 2166 inde
182 2137 249 2166 aliar
273 2137 429 2177 Nympha:
451 2138 582 2166 aliarum
601 2147 653 2166 ua-

84 2185 171 2214 vium
185 2193 296 2213 cursus
315 2183 481 2214 celeriores
497 2182 653 2220 efficiunt,

715 1074 798 1103 sicut
814 1073 928 1103 fecerat
944 1072 1286 1113 Cymodocea—250.

718 1119 853 1155 Omine,
872 1126 1016 1156 ostento,
1035 1119 1192 1160 prodigio.
1210 1130 1287 1150 mox

715 1178 746 1196 v.
769 1167 835 1196 255
851 1189 859 1203 ‚
889 1166 986 1195 simili
1008 1167 1203 1207 metonymia
1229 1177 1285 1195 cm-

712 1213 839 1254 gurinm
853 1212 946 1242 dixit.

763 1260 840 1289 252.
855 1258 931 1288 vid.
947 1268 1017 1298 sup.
1033 1259 1079 1288 lx
1091 1280 1099 1295 ‚
1118 1268 1199 1288 vers.
1222 1258 1281 1295 80,

716 1305 757 1334 83
772 1328 780 1342 ,
798 1305 863 1335 618
877 1327 885 1341 ‚
904 1305 961 1334 ubi
982 1303 1148 1344 Dindyma
1166 1302 1231 1347 ὅρη.
1243 1322 1288 1327 -

717 1352 793 1381 253.
813 1351 991 1391 Turrigeroe
1007 1351 1105 1381 nrbes.
1135 1351 1220 1381 Hinc
1238 1352 1287 1391 ip-

713 1408 745 1426 sa
763 1397 882 1438 Cybele
901 1397 1013 1426 turrita
1033 1406 1040 1427 :
1058 1404 1106 1427 est
1120 1398 1204 1427 enim
1223 1407 1287 1426 ma-

713 1450 760 1473 ter
777 1445 874 1473 Terra
889 1453 962 1482 sup.
976 1443 1033 1474 lib.
1051 1445 1116 1480 VI,
1138 1453 1169 1473 v.
1198 1443 1281 1481 7863

713 1490 766 1518 cui
791 1499 875 1518 curae
900 1495 997 1524 sunt,
1023 1499 1095 1528 quae
1120 1499 1222 1525 amas,
1242 1489 1289 1518 ad

704 1534 806 1575 frena
824 1535 932 1563 leones
944 1557 952 1568 ,
967 1533 1083 1563 frenari
1102 1533 1233 1571 solitos;
1250 1542 1285 1564 ut

713 1580 760 1610 ad
785 1579 931 1610 lecticam
961 1579 1056 1614 servi,
1091 1580 1137 1609 ad
1169 1580 1284 1610 limina

712 1634 815 1656 custos
835 1636 930 1666 supra
953 1627 1016 1663 lx,
1037 1626 1115 1661 648.
1137 1643 1185 1649 —-
1206 1627 1282 1663 254.

713 1675 836 1713 Pugna·
844 1672 994 1713 princeps
1003 1695 1011 1707 ‚
1027 1670 1204 1714 πρόμαχος,
1218 1672 1250 1703 h.
1261 1673 1283 1704 l.

713 1719 883 1759 opituluns'.
898 1735 945 1741 —
963 1719 1038 1748 255.
1067 1720 1112 1748 Tu
1135 1718 1194 1748 rite
1208 1729 1283 1758 pro-

707 1765 846 1805 pinques
860 1765 1031 1806 augurium
1049 1775 1060 1794 .·
1080 1765 1112 1795 h.
1129 1775 1157 1795 e.
1175 1764 1223 1794 fac
1238 1775 1285 1795 os-

713 1819 836 1841 tentum
859 1811 922 1841 lioc
946 1813 1004 1841 rite
1024 1818 1173 1841 eventum
1190 1820 1284 1840 suum

713 1858 828 1887 habere
845 1867 854 1888 ε
875 1859 918 1887 ita
943 1856 1213 1897 interpretandum
1235 1867 1283 1886 ar-

712 1904 824 1934 bitror.
852 1904 1074 1944 Propinquare
1090 1909 1192 1943 poetoe
1208 1902 1239 1932 h.
1255 1910 1284 1933 et

713 1950 788 1980 alibi
814 1957 860 1980 est
887 1949 1075 1984 admovere,
1103 1948 1282 1985 adducere,

711 1996 774 2026 fere.
788 2002 824 2025 ut
839 1993 975 2025 πελάσω
992 1995 1208 2026 Homericum.
1220 1997 1284 2025 Au-

707 2042 833 2083 gurium
862 2049 986 2078 autem,
1013 2047 1051 2070 ut
1073 2051 1184 2078 omen,
1212 2052 1281 2072 ora-

711 2089 838 2125 culum,
872 2099 957 2125 sors,
986 2098 1068 2127 szrpe
1095 2098 1154 2127 pro
1186 2099 1281 2118 even·

711 2141 756 2165 tu.
782 2137 833 2164 Est
851 2136 948 2175 igitur
968 2144 976 2164 ε
994 2133 1041 2163 sne
1058 2140 1209 2164 eventum
1233 2145 1283 2165 os-

711 2182 788 2211 tenti
824 2180 910 2211 haud
950 2181 1044 2222 longe
1078 2180 1195 2212 abesse.
1240 2181 1282 2211 Ut
