1414 2435
144 113 209 143 292

647 97 842 130 AENEIDOS

145 164 329 210 Ereptum
349 158 459 196 reddi
477 161 628 205 Turno,
648 168 686 196 et
704 159 783 196 vim
802 170 974 195 crescere
992 159 1125 196 victis?

144 221 284 258 Desine
298 221 376 271 jam
398 220 568 267 tandem,
589 219 846 270 precibusque
864 219 1058 256 inflectere
1077 218 1236 265 nostris;
1305 226 1355 251 800

144 285 225 321 Nec
242 290 278 319 te
297 290 423 319 tantus
440 281 527 319 edat
546 281 701 319 tacitam
721 280 851 327 dolor-3
871 290 910 318 et
928 280 1023 317 mihi
1041 293 1143 317 curae

150 347 256 393 Saepe
277 352 344 380 tuo
362 342 465 379 dulci
483 343 609 380 tristes
629 356 678 379 ex
697 355 764 379 ore
785 351 994 380 recursent.

146 406 310 440 Ventum
331 402 379 439 ad
398 416 620 453 supremum
639 412 696 440 est
714 417 722 439 :
741 402 853 439 terris
871 403 1034 452 agitare,
1051 402 1113 439 vel
1131 401 1262 450 undiS,

147 465 332 515 Trojanos
351 463 529 514 potuisti3
549 463 749 500 infandum
765 463 978 500 adcendere
996 462 1158 509 bellum,

148 524 375 561 Deformare
394 522 568 570 domum,
589 531 627 560 et
645 523 753 560 luctu
769 523 929 560 miscere
947 523 1184 572 hymenaeos3
1308 531 1357 555 805

150 585 320 622 Ulterius
338 593 484 622 tentare
501 594 602 622 veto,
622 600 637 616 »
659 584 722 622 Sic
741 588 763 622 J
765 584 920 634 uppiter
940 597 1067 631 orsus3

151 647 213 685 Sic
235 646 306 683 dea
325 645 514 684 submisso
532 655 667 684 contra
686 646 866 683 Saturnia
883 646 994 683 vultu
1015 660 1023 682 ε

152 725 166 738 a
187 710 265 744 Ista
282 706 437 756 quidem
457 707 546 757 quia
563 717 655 744 nota
675 707 770 744 mihi
791 715 875 752 tua,
894 719 1048 757 magne,
1065 706 1259 752 voluntas,

151 772 172 805 J
176 768 350 818 uppiter,
372 776 408 804 et
425 770 617 814 Turnum,
635 777 673 805 et
693 776 812 806 terras
832 768 953 805 invita
971 766 1121 818 reliqui.

152 937 397 980 argumentandi
406 939 541 979 requirit
548 939 611 970 hoc
620 949 627 969 :
637 950 657 969 a
668 938 728 969 deo

155 986 326 1015 mortalem
356 985 526 1014 vulnerari
561 985 728 1025 indignum

156 1039 213 1062 est.
235 1031 376 1061 Junom's
401 1029 512 1059 fraude
537 1041 595 1070 per
618 1032 730 1060 Jutur-

156 1089 230 1108 nam
258 1076 270 1117 (
290 1087 372 1107 vers.
405 1075 494 1116 814)
514 1076 637 1106 illatum
665 1085 731 1106 erat

155 1125 276 1154 vulnus
299 1125 406 1152 AEneae
416 1145 424 1159 ,
439 1129 470 1152 et
485 1122 639 1152 haetenus
656 1123 731 1152 vul-

157 1181 234 1201 nere
252 1169 356 1199 divum
373 1169 511 1199 violatus
527 1176 593 1198 erat
616 1176 731 1199 morta-

155 1217 205 1248 Iis.
222 1217 375 1257 Apertior
390 1217 502 1256 utique
515 1217 670 1246 sententia
684 1226 730 1246 es-

156 1271 222 1301 set,
242 1264 269 1292 si
284 1264 437 1302 scriptum
454 1262 537 1292 foret
551 1263 731 1293 mortalem.

157 1329 204 1334 —
226 1320 302 1349 799.
328 1308 446 1347 Victis,
470 1319 530 1350 pro
552 1310 664 1340 victo:
692 1320 733 1339 ex

159 1358 276 1387 decoro
298 1356 416 1396 poetici
437 1357 612 1394 sermonis,
632 1367 674 1388 ne
698 1358 732 1386 in

159 1403 284 1444 vulgari
298 1402 450 1439 haereret;
471 1403 560 1443 quod
575 1404 668 1433 toties
684 1404 732 1432 vi-

159 1450 264 1480 dimus
279 1450 373 1479 etiam
388 1450 422 1479 in
436 1449 498 1479 hoc
517 1449 673 1491 enallages
686 1460 735 1491 ge-

160 1508 246 1528 nere.
276 1496 347 1527 Alia
376 1497 422 1526 vis
448 1496 537 1526 nulla
565 1498 659 1528 inest.
690 1514 736 1519 ——

162 1545 240 1575 801.
260 1544 327 1573 Nec
351 1549 381 1572 te
409 1542 487 1572 edat
507 1543 621 1580 dolor;
644 1543 734 1580 alias,

161 1592 304 1620 animum
326 1597 416 1619 tuum
430 1612 438 1627 ‚
458 1596 495 1619 ut
508 1589 598 1620 Iliad.
616 1589 651 1627 ζ,
668 1600 733 1620 202

161 1629 204 1667 ὃν
219 1635 310 1678 θυμὸν
326 1632 469 1665 κατέδων
484 1643 514 1666 et
527 1637 598 1666 alia.
614 1637 652 1666 Iu
665 1646 733 1677 sqq.

162 1683 312 1713 turbatur
332 1682 372 1711 ab
394 1684 503 1724 Intpp.
520 1685 655 1714 Putatur
671 1693 736 1713 esse

782 949 842 980 pro
857 948 935 975 nec,
958 944 990 969 et
1008 938 1052 968 sic
1067 946 1161 978 saepe.
1180 938 1282 967 Etiam
1296 937 1359 967 hoc

783 985 932 1026 exemplo
966 986 1100 1015 Homeri
1123 994 1132 1015 :
1161 983 1252 1027 μὴ...
1286 980 1357 1017 ἠδέ.

784 1033 976 1066 Recursent,
999 1037 1035 1059 ut
1055 1041 1126 1071 sup.
1144 1032 1175 1067 Ι,
1200 1031 1266 1061 662
1279 1053 1287 1068 ,
1300 1032 1359 1060 ite-

785 1084 908 1107 rentur.
931 1094 977 1100 —--
1002 1077 1081 1106 803.
1108 1077 1212 1106 Terris
1233 1077 1361 1118 agitare

785 1123 844 1152 ‘vel
877 1123 981 1153 undis.
1022 1121 1163 1152 Consilia
1194 1124 1358 1154 sunonis:

784 1170 926 1210 primum
940 1179 998 1210 per
1014 1175 1230 1210 tempestatem
1245 1170 1364 1200 immis-

785 1226 870 1253 sam,
893 1227 964 1257 sup.
989 1217 1024 1253 Ι,
1046 1216 1086 1254 37
1114 1226 1199 1256 seq.:
1226 1215 1361 1246 alterum

786 1262 958 1304 infimdmn
977 1262 1155 1292 accendere
1169 1262 1289 1292 bellum
1301 1269 1362 1294 etc.

786 1320 857 1350 sup.
873 1311 956 1348 VII,
979 1309 1066 1347 286,
1085 1309 1172 1346 315,
1200 1309 1286 1346 3163
1304 1315 1364 1340 ter-

786 1357 868 1386 tium
899 1356 939 1387 ad
969 1356 1109 1387 Laviuiae
1134 1356 1264 1397 nuptias
1291 1366 1364 1386 cum

787 1405 887 1434 AEnea
902 1410 1010 1444 pactas
1035 1409 1066 1433 et
1088 1403 1230 1434 Junonis
1244 1402 1366 1433 artibus

789 1450 932 1480 turbatas
946 1456 1069 1492 spectat
1083 1459 1091 1480 :
1107 1448 1301 1491 Defbrmare
1313 1449 1366 1479 do-

791 1507 897 1533 mum,
929 1497 1051 1527 scilicet
1078 1496 1171 1526 luctu
1187 1520 1197 1535 ‚
1228 1496 1366 1526 maxime

792 1553 833 1572 ex
859 1545 984 1574 Amata:
1007 1542 1199 1582 suspendio,
1224 1553 1365 1582 quocum

789 1590 919 1629 squalor
945 1599 979 1619 ac
1003 1587 1186 1618 deformitas
1211 1588 1366 1627 conjunc-

790 1642 831 1666 ta.
854 1634 1038 1677 Deformem
1061 1634 1205 1664 dolorem
1219 1636 1366 1665 Lucanus

789 1682 872 1712 dixit
884 1682 1021 1713 Pharsal.
1036 1681 1093 1711 lib.
1105 1683 1197 1719 VIII,
1211 1681 1305 1719 81‚et
1314 1681 1366 1711 de-

162 1729 358 1760 adversativa
385 1730 585 1770 propositio;
607 1736 639 1759 ec
660 1729 739 1760 mihi
781 1729 901 1771 formis
934 1727 1127 1771 aegrimonia
1151 1739 1192 1759 ex
1228 1729 1364 1759 Horatio

162 1787 247 1807 curce
268 1786 353 1816 stt-pe
376 1783 430 1806 tuo
456 1776 545 1806 dulci
565 1776 670 1807 tristes
694 1787 737 1807 ατ

164 1834 217 1854 ore
245 1831 423 1859 recursem,
455 1824 554 1854 immo
583 1823 672 1854 defer
699 1823 737 1853 ad

165 1880 258 1900 curas
277 1879 312 1899 ac
328 1870 471 1909 querelas
493 1881 586 1911 scope.
602 1871 652 1900 Sic
673 1870 737 1900 fere

166 1916 289 1952 Cerda;
318 1916 360 1945 ita
392 1926 468 1945 vero
495 1918 598 1947 oratio
626 1917 736 1959 friget;

165 1965 328 1994 enimvero
356 1969 403 1992 est
429 1963 591 1994 reiteratio
615 1970 739 1994 antece-

166 2011 270 2041 dentis
289 2010 519 2040 enuntiationis
536 2020 543 2041 :
566 2021 624 2040 nec
646 2012 739 2041 toties

168 2068 216 2087 me
243 2056 380 2096 querelis
411 2058 473 2086 tuis
499 2057 618 2099 fatiges,
643 2059 740 2089 Fraus

167 2110 213 2133 est
240 2103 318 2133 facta
343 2105 376 2134 in
404 2114 462 2140 e0,
490 2105 578 2145 quod
605 2112 637 2134 ec
664 2104 741 2134 sub-

164 2151 312 2188 junctum
328 2156 393 2188 est,
409 2161 509 2191 quum
524 2152 668 2192 negativa
683 2161 742 2181 nec

168 2196 337 2236 repetenda
367 2204 456 2226 esset.
475 2199 575 2238 Atqui
596 2198 659 2229 hoc
684 2208 742 2228 no-

168 2253 245 2273 vum
269 2253 335 2274 nou
356 2250 413 2274 est.
429 2244 479 2273 Sic
500 2245 581 2275 iufra
599 2245 664 2275 825
685 2251 743 2274 ant

791 1783 867 1807 uota
879 1799 887 1813 ‚
904 1776 1006 1817 Epod.
1023 1775 1081 1806 lib.
1095 1774 1157 1807 Od.
1175 1775 1272 1812 xm,
1294 1775 1346 1805 18.

840 1823 918 1853 808.
947 1823 1044 1864 Quod
1062 1829 1141 1852 nota
1158 1824 1264 1863 Sprot.
1288 1819 1364 1851 milti

792 1877 839 1900 est
851 1877 906 1899 tua
927 1869 1070 1900 Parrhas.
1086 1876 1142 1899 tua
1161 1877 1284 1909 magna
1307 1878 1365 1897 νο-

792 1917 901 1947 Iuntas
916 1923 1068 1958 perpetua
1079 1915 1176 1946 lectio
1190 1913 1263 1944 edd.
1276 1921 1365 1950 vett„

793 1971 863 1994 tum
879 1963 954 1994 Ald.
975 1973 1038 1994 sec.
1062 1969 1094 1992 et
1111 1961 1188 1991 hinc
1211 1961 1368 2002 profecta-

793 2021 876 2041 rum.
906 2011 1030 2051 Magne
1059 2008 1203 2049 reposuit
1242 2007 1369 2039 Paullus

794 2057 977 2094 Manutius,
1005 2055 1082 2085 hinc
1105 2054 1193 2092 aliae,
1218 2055 1367 2085 Comme-

794 2103 852 2134 liu.
868 2106 954 2144 step.
972 2102 1142 2133 Pulmann.
1155 2124 1164 2138 ,
1184 2101 1281 2143 idque
1302 2102 1370 2133 Pie-

796 2150 836 2179 rii
869 2149 964 2180 codd.
991 2155 1022 2179 et
1050 2147 1167 2179 Medic.
1200 2159 1274 2178 cum
1302 2147 1371 2178 aliis

795 2196 906 2227 Heius.
922 2195 1101 2226 firmarunt.
1116 2212 1163 2218 —
1185 2195 1270 2233 808,
1291 2194 1370 2234 809.

796 2244 867 2274 Hoc
894 2253 962 2274 non
991 2243 1146 2284 respicere
1177 2248 1283 2284 potest
1314 2251 1367 2279 oa,
