1414 2435
467 50 527 80 AD
551 49 714 80 LIBRUM
740 51 814 79 XII.
1174 52 1237 81 333

44 114 204 148 sumsisse,
224 119 261 142 ut
279 120 434 141 annorum
447 120 617 139 numerum
632 109 787 139 mutaret?
802 109 946 139 Proclive
964 115 1011 139 est
1024 109 1127 140 dicere
1137 133 1145 148 ,
1162 121 1235 140 eum

43 165 104 195 sibi
118 172 266 206 tanquam
280 171 382 206 poetae
396 163 458 193 hoc
471 163 566 193 licere
581 170 717 204 putasse.
739 161 800 193 Sed
815 162 940 193 doctior
958 171 1004 193 est
1021 170 1114 203 poeta
1131 165 1236 206 Virgi-

43 221 121 258 lius,
137 231 229 261 quam
242 227 278 249 ut
295 221 362 249 sine
378 220 500 249 ratione
515 220 684 259 quicquam
707 217 855 248 adversus
871 220 1066 248 notissimam
1086 219 1234 250 historia-

44 287 115 305 rum
129 275 226 305 fidem
239 285 370 305 novasse
385 281 438 304 aut
452 274 490 303 ab
508 274 596 303 omni
611 274 732 303 ratione
748 274 909 302 recessisse
922 273 1023 303 videri
1036 273 1158 305 debeat.
1174 276 1233 304 Po-

43 329 103 358 tuit
123 328 240 358 scilicet
264 328 350 357 aliud
379 328 521 368 computi
544 334 742 357 momentum
764 327 972 364 constituere,
1002 334 1038 356 ut
1062 328 1146 357 intra
1168 330 1233 358 Ro-

42 383 120 412 muli
137 390 167 412 et
181 384 272 414 Remi
288 383 406 412 natales
419 382 603 411 subsisteret
618 391 625 411 :
644 380 703 410 Hic
711 380 785 422 jam
795 405 804 417 ,
826 382 948 422 inquit,
965 388 1138 412 tercentum
1154 390 1234 412 totos

40 436 225 478 regnabitur
247 447 351 466 annos
381 436 483 465 Gente
509 435 564 464 sub
596 436 754 465 Hectorea
777 446 787 464 .·
813 435 914 464 donec
946 426 1060 477 regina
1087 437 1234 466 sacerdos

40 493 145 520 Marce
159 490 266 532 gravis
277 490 443 532 geminam
454 497 552 530 partu
571 488 660 518 dabit
672 488 736 518 Ilia
745 490 869 529 prolem
884 500 894 518 .·
914 489 996 519 Inde
1009 497 1068 521 etc.
1086 491 1231 521 Subduc-

40 545 78 573 tis
96 547 158 575 XX
179 544 230 573 vel
249 546 343 574 XXX
367 544 474 579 annis,
497 543 614 583 quibus
640 543 843 573 adoleverant
868 543 1023 574 Romulus
1047 551 1077 574 et
1096 546 1229 581 Remus,

38 605 204 639 antequam
221 601 354 629 Romam
369 597 559 634 conderent,
577 598 735 638 reliquum
750 609 935 634 numerum,
951 605 987 628 ut
1005 605 1112 638 poeta,
1131 610 1231 629 crasse

36 653 188 683 indicasse
206 652 305 682 videri
326 659 440 692 potest.
463 652 602 682 Videtur
617 653 711 681 etiam
730 659 884 692 sequutus
901 663 965 681 esse
989 663 1138 682 arcanum
1154 654 1232 694 quid

36 715 66 737 et
83 710 165 738 Jove
180 709 371 737 vaticinante
395 707 527 747 dignum
538 729 546 743 ‚
563 714 599 736 ut
614 717 703 736 sacro
724 717 857 735 numero
879 706 1087 746 procederent
1103 709 1206 737 omnia
1223 718 1229 737 :

38 763 54 791 3
66 784 74 798 ,
93 764 133 792 30
143 785 151 799 ‚
169 763 234 792 300
246 773 254 799 ;
269 772 340 791 nam
355 762 449 790 tertio
462 770 547 789 anno
562 763 674 789 AEneas
686 760 769 788 inter
785 759 895 788 heroes
908 759 1061 800 indigetes
1075 768 1230 801 receptus,

34 815 192 854 trigesimo
215 814 342 845 condita
364 813 464 850 Alba,
488 812 534 842 ibi
556 823 612 853 per
637 818 796 841 trecentos
816 823 915 842 annos
936 820 1100 854 regnatum
1124 823 1131 843 :
1157 824 1230 854 qua¹

33 870 160 909 Spencii
171 869 411 908 non‘inelegans
426 874 472 897 est
487 867 666 896 observatio
683 868 718 896 in
733 866 971 897 Holdesworthi
993 868 1088 899 Obss.
1099 880 1132 909 p.
1152 869 1229 898 215.

32 921 91 952 Setl
102 921 369 962 simplicissimum
387 927 433 951 est
452 921 574 957 dicere,
590 921 685 950 fuisse
704 921 781 950 olim
797 929 940 951 auctores
951 944 959 958 ‚
974 923 1071 962 inque
1088 933 1140 952 eos
1155 924 1229 951 Vir-

31 975 141 1015 gilium
152 975 317 1012 incidisse,
332 976 389 1014 qui
402 974 604 1004 intervallum
625 973 709 1002 illud
727 980 906 1013 temporum
920 985 1021 1014 usque
1042 975 1081 1004 ad
1094 978 1228 1006 Romam

31 1028 190 1059 conditam
208 1028 377 1058 artioribus
391 1027 511 1057 finibus
533 1026 732 1057 includerent
756 1037 763 1057 :
783 1027 871 1067 quod
892 1029 927 1057 in
946 1035 1030 1058 tanta
1047 1036 1226 1070 temporum

30 1084 249 1123 antiquiorum
262 1082 393 1122 caligine
409 1088 439 1110 et
453 1079 639 1110 difficultate
653 1080 769 1110 sactum
783 1080 861 1110 adeo
873 1082 1086 1121 improbabile
1098 1094 1166 1114 non
1177 1084 1225 1119 fit,

31 1146 130 1176 quum
143 1137 236 1165 etiam
246 1137 388 1176 Trogum
403 1134 536 1164 similem
549 1134 768 1163 auctoritatem
781 1140 950 1174 sequutum
964 1145 1028 1164 esse
1042 1146 1082 1165 ex
1095 1137 1115 1166 J
1119 1138 1224 1166 ustino

29 1189 234 1232 intelligatur.

74 1235 224 1274 Ceterum
237 1245 272 1274 in
294 1244 361 1282 his,
382 1255 454 1286 quae
477 1255 495 1274 a
518 1244 611 1275 nobis
635 1244 778 1285 exposita
801 1250 892 1282 sunt,
912 1254 1011 1284 quum
1031 1254 1222 1276 commemo-

27 1303 137 1326 rent-ur
151 1298 322 1336 nonnulla,
339 1309 410 1338 quae
425 1300 460 1328 in
479 1299 589 1338 primis
603 1299 708 1327 statim
729 1298 810 1327 Livii
833 1297 883 1327 vel
898 1299 1046 1337 Dionysii
1067 1298 1150 1327 foliis
1169 1309 1222 1328 oc-

27 1358 177 1388 currunt,
198 1358 293 1381 eruut
305 1351 402 1389 forte,
423 1353 478 1392 qui
491 1359 580 1381 acute
596 1352 658 1381 sibi
679 1352 860 1381 observasse
878 1351 1058 1389 videantur,
1077 1363 1127 1382 me
1148 1355 1222 1383 satis

26 1403 98 1432 trita
115 1411 344 1443 persequutum
357 1415 432 1434 esse.
450 1407 572 1434 Verum
585 1406 620 1434 in
636 1411 704 1434 toto
722 1404 784 1434 hoc
798 1416 910 1445 genere
928 1415 995 1434 non
1011 1405 1121 1442 refert,
1144 1407 1222 1446 quid

25 1458 77 1487 alii
95 1457 250 1495 dixerint,
267 1458 322 1488 sed
344 1458 421 1498 quid
434 1469 521 1489 nunc
544 1470 559 1488 a
584 1466 613 1489 te
635 1459 807 1489 dicendum
825 1459 935 1497 fuerit3
959 1467 1027 1490 tum
1044 1472 1119 1492 vero
1140 1462 1220 1492 illud

23 1511 168 1551 inprimis
183 1511 425 1550 attendendum,
445 1513 594 1550 numqalii
617 1513 740 1544 easdem
766 1524 814 1543 res
831 1513 941 1544 eodem
954 1513 1092 1552 judicio,
1109 1515 1219 1546 eodem

24 1565 172 1602 consilio,
192 1565 299 1595 eadem
321 1576 397 1595 cura
413 1576 448 1595 ac
468 1566 630 1608 diligentia
647 1568 864 1608 exposuerint.
880 1568 952 1596 Dici
970 1574 1074 1597 autem
1092 1569 1146 1598 vix
1162 1579 1219 1610 po-

25 1624 102 1655 test,
128 1629 223 1658 quam
246 1629 359 1659 parum
374 1620 496 1659 judicio
516 1632 574 1651 suo
594 1621 734 1651 tribuere
757 1622 819 1661 ipsi
843 1620 1010 1651 videantur
1026 1622 1067 1659 ii,
1091 1623 1147 1662 qui
1172 1633 1220 1652 res

22 1673 177 1702 Romanas
202 1679 273 1702 ante
296 1680 328 1702 et
352 1681 423 1714 post
448 1675 561 1705 urbem
587 1675 749 1706 conditam
774 1675 871 1715 vulgo
898 1686 1058 1715 exponere
1085 1676 1187 1705 solent
1213 1688 1220 1707 :

20 1736 120 1765 quum
132 1737 173 1755 ex
188 1727 277 1756 Livio
293 1733 324 1756 et
337 1729 494 1769 Dionysio
510 1730 643 1759 recitent
657 1736 778 1759 veteres
791 1729 859 1757 illas
872 1728 995 1757 fabulas
1009 1735 1158 1768 tauquam
1172 1740 1220 1759 res

19 1778 96 1810 fidei
113 1780 385 1820 exploratissimae,
403 1792 463 1811 nec
482 1793 623 1822 unquam
637 1785 672 1812 in
691 1789 829 1812 mentem
843 1782 963 1818 veniat,
985 1781 1102 1811 horum
1123 1783 1219 1824 scrip-

20 1839 127 1863 torum
142 1832 239 1863 fidem
255 1835 288 1864 in
302 1834 350 1864 his
367 1846 423 1875 per
439 1847 470 1865 se
496 1846 561 1865 esse
574 1837 714 1873 nullam;
733 1835 871 1876 pendere
887 1845 954 1864 eam
971 1841 1068 1864 totam
1083 1846 1123 1865 ex
1140 1838 1219 1866 anti—

20 1888 203 1927 quioribus,
219 1889 336 1919 horum
349 1896 454 1919 autem
469 1888 567 1919 fidem
586 1890 624 1919 ab
640 1891 678 1919 iis
692 1890 923 1927 monumentis,
940 1900 1010 1930 quae
1024 1896 1095 1920 ante
1109 1891 1219 1922 oculos

20 1940 175 1980 habuere,
200 1949 254 1972 aut
269 1953 286 1972 a
303 1944 458 1981 majorum
478 1942 559 1980 fide,
583 1955 679 1984 quam
695 1950 898 1985 propagatam
922 1954 978 1983 per
1002 1943 1093 1984 plura
1107 1945 1218 1974 saecula

22 2004 215 2036 acceperant.
239 1999 341 2037 Atqui
357 2008 450 2027 nemo
475 2009 523 2028 res
548 2000 703 2028 Romanas
727 1998 924 2038 consignavit
945 1997 1043 2026 literis
1065 2005 1136 2028 ante
1150 2009 1219 2028 sex-

22 2056 89 2078 tum
109 2049 148 2079 ab
170 2053 210 2081 U.
237 2052 272 2082 C.
298 2052 469 2089 saeculum;
490 2059 520 2082 et
543 2059 786 2082 monumentum
808 2050 965 2091 superfuit
989 2052 1043 2080 vix
1065 2062 1165 2082 unum
1188 2061 1217 2083 et

20 2102 170 2139 alterum,
185 2104 272 2144 qnod
293 2107 452 2136 incensam
468 2117 484 2135 a
501 2106 600 2136 Gallis
616 2109 748 2136 Romam
766 2105 828 2146 (17.
847 2105 882 2135 C.
907 2103 995 2144 364)
1012 2112 1101 2135 aetate
1125 2117 1217 2147 supe-

20 2162 111 2186 raret.
136 2157 216 2186 Sunt
239 2165 341 2204 tamen
363 2161 452 2190 annis
474 2160 768 2199 comprehendenda
802 2159 867 2189 haee
895 2169 964 2199 qum
980 2167 1101 2190 narrata
1124 2169 1213 2200 sunt,
