1414 2435
604 131 727 162 LIBER
751 131 827 161 XII.

115 195 195 230 Nec
212 202 253 229 tu
271 204 329 229 me
347 190 450 228 aeria
469 189 587 226 solam
608 202 710 226 nunc
729 188 818 226 sede
837 187 987 226 videres

116 252 261 302 Digna,
280 251 434 301 indigna
452 250 549 300 pati;
569 249 637 287 sed
654 249 815 286 flammis
834 249 957 286 cincta
975 248 1046 286 sub
1070 250 1190 300 ipsam

116 315 264 350 starem
284 311 420 357 aciem,
441 310 710 360 traheremque
728 309 881 346 inimica
898 310 937 346 in
955 310 1087 360 praelia
1105 312 1284 348 Teucros.

114 375 317 410 Juturnam
335 372 492 416 misem,
513 371 653 416 fateor,
671 383 896 407 succurrere
916 370 1026 407 fratri

115 432 245 478 Suasi,
264 441 303 469 et
322 444 394 482 pro
413 431 493 467 vita
510 430 655 480 majora
673 429 815 467 audere
836 429 1018 480 probavi3

113 496 202 531 Non
221 502 263 530 ut
283 493 357 530 tela
374 500 518 538 tamen,
537 504 615 528 non
630 500 674 528 ut
693 491 940 527 contenderet
960 503 1109 536 arcum;

1272 498 1320 523 815

115 553 262 603 Adjuro
280 553 403 602 stygii
424 561 538 602 caput
556 551 782 602 inplacabile
805 551 940 596 fontis;

115 617 202 652 Una
222 613 440 664 superstitio
459 613 607 662 superis
626 626 711 662 quae
731 611 882 649 reddita
903 611 1012 648 divis.

115 676 163 710 Et
179 686 280 709 nunc
299 672 393 709 cedo
413 672 610 722 equidem,
630 684 853 722 pugnasque
873 683 988 708 exosa
1008 670 1195 719 relinquo.

116 734 214 771 Illud
235 744 289 780 te,
309 733 413 770 nulla
432 733 499 770 fati
519 732 623 783 quod
639 733 722 783 lege
740 741 908 777 tenetur,

118 924 190 956 quae
214 914 275 944 hoc
297 912 382 942 libro
406 911 446 942 de
471 912 612 942 Junonis
639 911 693 941 de-

119 971 230 992 scensu
245 961 280 991 in
294 966 437 990 montem
451 958 631 995 Albanum,
649 965 693 996 et,

121 1008 259 1048 acceptis
283 1007 374 1038 Jovis
394 1005 569 1042 mandatis,
587 1005 628 1035 ad
649 1007 693 1036 0-

120 1055 267 1096 lympum
300 1053 406 1083 reditu
445 1052 534 1082 fuere
570 1057 693 1080 narrata

121 1112 193 1141 sup.
217 1110 279 1129 τες.
309 1100 392 1135 133,
424 1099 508 1138 159,
537 1097 618 1135 160,
639 1097 695 1127 sed

123 1146 161 1176 ad
177 1147 287 1176 locum
302 1145 360 1175 lib.
377 1146 444 1182 IX,
466 1145 530 1174 802
553 1154 621 1185 sqq.
636 1144 694 1174 ubi

123 1194 182 1223 Iris
195 1203 212 1222 a
227 1194 247 1222 J
249 1202 309 1222 ove
327 1192 419 1221 missa
433 1193 596 1222 Junonem
611 1197 696 1221 vetat

123 1249 241 1280 pugnae
265 1239 425 1269 interesse.
447 1256 493 1262 —-
522 1238 599 1268 810.
624 1239 695 1267 IVec

125 1294 176 1322 tu,
199 1285 319 1315 scilicet
337 1286 399 1316 nisi
412 1285 474 1315 hoc
494 1285 538 1314 ita
553 1295 586 1315 se
600 1284 696 1314 habe-

124 1340 183 1363 ret.
208 1350 256 1355 --
280 1332 366 1369 811,
397 1332 473 1362 812.
502 1331 564 1361 Sub
593 1331 696 1372 ipsam

124 1379 280 1409 —aciem
295 1389 311 1409 e
327 1378 458 1416 Medic.,
473 1385 624 1419 tanquam
638 1378 697 1408 ele-

124 1427 248 1468 gantius
259 1449 267 1464 ‚
286 1424 417 1456 refinxit
430 1426 539 1456 Heius.
553 1435 613 1465 pro
630 1424 697 1454 vul-

124 1480 196 1515 gato
211 1483 219 1504 :
233 1473 286 1503 sub
310 1472 380 1513 ipsa
401 1472 481 1502 acie.
504 1489 550 1494 —
572 1472 696 1501 Starem

123 1522 157 1550 in
179 1518 404 1563 acieflammis
422 1519 530 1548 cincta
540 1530 554 1555 ,·
576 1517 615 1547 ad
633 1525 696 1547 ter-

123 1577 227 1597 rorem
261 1566 384 1596 dictum
414 1572 516 1606 puto,
541 1571 579 1595 ut
593 1564 694 1596 aflam-

122 1624 172 1643 ma
186 1615 222 1643 in
240 1613 397 1651 Troianos
413 1613 520 1642 saeviat
530 1634 538 1649 ,
561 1612 610 1641 uti
623 1611 695 1651 quis

122 1660 208 1690 ferro
237 1661 366 1700 ignique
397 1659 530 1700 grassari
556 1657 694 1695 dicitur3

122 1707 183 1735 nisi
209 1705 297 1735 nube
323 1706 414 1745 ignea
441 1705 636 1735 circumdata
658 1705 693 1734 in

119 1762 261 1794 pugnam
286 1750 415 1792 prodire
439 1751 578 1780 voluisse
605 1751 696 1780 dixe-

118 1799 164 1828 ris
181 1808 189 1829 :
206 1797 293 1839 quod
309 1807 350 1827 an
365 1807 427 1826 usu
440 1802 606 1836 poetarum
618 1806 693 1836 pro·

118 1844 213 1875 betur
224 1867 232 1881 ‚
248 1843 335 1874 haud
346 1844 434 1873 novi.
451 1843 606 1873 Fulminis
621 1843 693 1872 usui

117 1891 212 1922 Iocus
235 1892 291 1921 vix
317 1897 372 1921 est.
388 1891 465 1930 Sup.
479 1889 537 1919 lib.
555 1890 585 1918 11
597 1911 606 1926 ,
624 1889 690 1918 613

117 1939 139 1969 J
142 1949 207 1969 uno
223 1938 307 1968 ferro
325 1939 462 1967 accincta
477 1935 618 1966 Achivos
633 1945 691 1964 vo·

119 1991 169 2015 cat
181 1995 198 2015 a
210 1984 346 2014 navibus
356 2007 364 2020 ‚
380 1983 480 2015 Pallas
495 1989 599 2012 autem
613 1981 691 2011 nim-

119 2030 163 2061 bo
181 2032 285 2061 cincta
306 2041 410 2061 arcem
430 2029 557 2060 insidet.
577 2030 606 2059 T
603 2027 692 2058 rahe-

120 2086 247 2118 remque
263 2079 398 2108 Teucros
410 2076 544 2107 inimica
559 2075 592 2106 in
606 2085 691 2116 prae-

121 2122 166 2152 lia
177 2135 190 2159 ,·
215 2124 319 2165 simpl.
349 2125 472 2166 accipio
498 2133 558 2165 pro
570 2145 578 2160 ‚
606 2123 690 2153 Teu-

122 2179 193 2200 cros
208 2171 393 2211 aggrederer
407 2181 414 2203 :
428 2181 501 2201 nam
514 2171 571 2211 qui
587 2178 691 2211 aggre—

121 2214 228 2253 ditur,
251 2226 394 2258 pugnare
421 2227 529 2248 secum
557 2217 690 2247 alterum

121 2263 207 2303 cogit
224 2262 382 2304 trahitque
396 2265 431 2294 in
446 2273 595 2306 pugnam.
611 2265 690 2293 Ver-

746 911 864 942 borum
888 911 974 941 enim
996 909 1076 941 ordo
1099 920 1168 940 non
1186 909 1323 941 admittit

748 958 883 988 alterum
899 967 908 989 :
926 956 1052 987 trahere
1061 957 1180 998 praelia
1195 957 1228 987 1⁶71
1246 959 1274 987 T
1272 969 1323 988 eu-

748 1015 834 1040 cros,
876 1004 992 1034 ducere
1033 1005 1139 1045 copias
1170 1004 1321 1034 adversus

746 1051 913 1089 Trojanos.

796 1097 861 1128 813
875 1120 883 1136 ,
905 1097 982 1133 814.
1009 1096 1151 1136 Respicit
1171 1106 1267 1137 supra
1283 1097 1323 1127 ad

747 1155 855 1174 versus
890 1144 952 1174 138
972 1166 980 1181 ,
1019 1143 1095 1173 152.
1127 1144 1238 1174 Oratio
1276 1151 1322 1173 est

746 1190 812 1221 fere
826 1190 980 1232 pedestris
995 1199 1004 1221 ;
1019 1189 1074 1219 sed
1088 1189 1233 1228 observa,
1245 1200 1324 1230 quo-

747 1237 844 1268 modo
862 1248 931 1268 eam
949 1236 1001 1267 vel
1014 1237 1060 1266 sic
1082 1247 1098 1266 a
1119 1237 1245 1278 vulgari
1268 1235 1320 1267 de-

749 1284 875 1315 flexerit
891 1296 900 1322 ;
928 1293 1030 1324 quum
1067 1293 1132 1313 esse
1167 1282 1297 1313 deberet
1313 1293 1321 1313 ε

751 1331 849 1361 Suasi
861 1333 1025 1365 Jucurnae‚
1040 1337 1076 1358 uc
1092 1336 1152 1360 etc.
1164 1351 1172 1366 ‚
1189 1329 1277 1369 quod
1290 1336 1321 1359 et

749 1378 935 1408 Macrobius
949 1377 1007 1413 VI,
1023 1375 1042 1405 6
1056 1386 1189 1405 monere
1208 1375 1320 1406 voluit.

750 1425 888 1455 Probavi
917 1434 984 1453 eam
1015 1421 1186 1452 audentem
1220 1422 1322 1461 majus

751 1470 871 1512 aliquid
896 1481 957 1511 pro
981 1470 1046 1500 vita
1069 1468 1184 1499 fratris.
1210 1469 1250 1498 In
1273 1468 1323 1499 his

749 1528 786 1547 ac
805 1517 961 1547 similibus
975 1516 1185 1558 Virgilianam
1207 1515 1323 1546 oratio—

748 1574 822 1594 nem
847 1564 1033 1605 dignoscere
1060 1562 1146 1593 licet.
1164 1579 1212 1585 —
1235 1562 1301 1591 816
1314 1585 1322 1599 ,

750 1611 828 1649 817.
847 1613 909 1642 Res
929 1620 986 1651 per
1007 1620 1039 1639 se
1064 1610 1228 1640 notissima
1244 1618 1252 1639 :
1270 1609 1322 1638 scd

748 1664 898 1688 ornatum
912 1664 958 1686 est
978 1656 1102 1698 egregie
1116 1655 1324 1697 capucfontis

748 1704 852 1746 Stygii
871 1714 931 1744 pro
950 1703 1086 1743 simplici
1113 1704 1220 1743 Styge.
1251 1703 1323 1731 Una

747 1750 927 1790 superstitio
938 1772 948 1786 ‚
966 1749 999 1779 h.
1025 1758 1097 1789 quae
1117 1748 1257 1777 maxima
1270 1749 1322 1785 ju-

746 1795 917 1834 risjurandi
934 1796 1017 1825 inter
1033 1794 1109 1824 deos
1125 1800 1171 1823 est
1186 1793 1297 1834 religio
1313 1804 1321 1824 :

743 1841 970 1880 jusjurandum
990 1840 1231 1870 sanctissimum.
1248 1841 1320 1870 Ma-

745 1888 775 1917 le
794 1894 957 1929 argutarur
974 1887 1102 1918 Servius
1113 1907 1122 1923 ‚
1142 1892 1173 1916 et
1190 1896 1264 1916 cum
1282 1897 1319 1916 eo

745 1934 809 1965 alii.
831 1936 886 1965 Est
909 1934 993 1964 enim
1014 1932 1099 1963 idem
1122 1943 1158 1962 ac
1179 1933 1206 1963 si
1229 1934 1319 1964 Juno

745 1980 864 2011 diceret
875 2003 883 2018 ‚
897 1979 1064 2021 obstringo
1077 1989 1126 2010 me
1141 1979 1319 2018 jurejuran-

744 2027 787 2058 do
800 2027 1010 2057 sanctissimo.
1022 2028 1077 2057 Est
1092 2024 1219 2056 reddita
1228 2049 1238 2062 ‚
1256 2036 1316 2067 pro

744 2074 825 2104 sacta
843 2081 908 2111 est,
924 2073 1087 2114 adeoque,
1106 2082 1178 2113 quae
1202 2079 1267 2111 est3
1285 2079 1317 2102 et

745 2121 828 2151 nihil
857 2120 1003 2162 amplius,
1036 2118 1239 2161 Superstitio,
1256 2129 1316 2160 pro

743 2168 897 2208 religione
913 2173 945 2197 et
962 2173 1051 2196 metu
1069 2176 1110 2196 ex
1137 2176 1171 2197 ea
1194 2166 1318 2207 prosec-

744 2221 778 2245 to
797 2215 872 2245 satis
892 2213 1054 2254 frequens.
1070 2215 1121 2245 Sic
1140 2213 1204 2243 fere
1225 2212 1263 2243 Il.
1280 2222 1293 2241 ο
1306 2234 1315 2247 ,

746 2262 786 2301 37
800 2284 809 2301 ,
827 2261 869 2292 38
886 2258 956 2292 ὅστε
975 2258 1120 2304 μέγιστος
1136 2252 1234 2302 ὅρκος
1257 2254 1316 2287 δει-

1083 2322 1150 2359 25*
