1414 2435
589 123 710 155 CIRIS.

55 185 101 220 Et
121 184 295 234 gracilem
314 181 418 218 molli
437 181 547 218 liceat
567 182 662 231 pede
684 180 860 218 claudere
881 195 1049 233 versu1n3

56 244 130 280 Sed
150 255 283 293 magno
300 243 488 287 intexens,
509 241 541 278 si
561 242 615 279 sas
635 251 690 279 est
709 241 854 288 dicere,
875 245 1006 294 peplo,

56 303 184 348 Qualis
202 301 422 339 Erechtheis
443 302 532 338 olim
551 311 727 352 portatur
741 302 921 349 Athenis,

54 361 190 399 Debita
212 375 329 411 quum
349 371 458 398 castae
479 363 677 399 solvuntur
696 371 784 399 vota
804 364 1007 410 Minervae,

53 421 252 472 Tardaque
269 423 440 459 confecto
460 422 619 459 redeunt
640 423 893 472 Quinquatria
910 425 1048 470 lustro,

52 482 179 526 Quum
198 482 289 519 levis
308 483 452 519 alterno
471 482 668 532 Zephyrus
687 483 909 521 concrebuit
929 488 1050 531 Euro,

52 542 98 577 Et
117 554 238 591 prono
258 543 455 592 gravidum
475 543 652 592 provexit
670 543 837 593 pondere
854 558 1019 582 currum.

1182 129 1247 157 365

1218 204 1249 219 20

51 602 157 638 Felix
176 602 237 639 ille
257 603 355 648 dies,
376 603 465 640 felix
484 612 522 640 et
537 602 676 641 dicitur
693 617 831 651 annus;

51 660 212 706 Felices,
233 662 298 710 qui
319 662 429 698 talem
450 675 589 699 annum
608 663 756 710 videre,
778 664 963 713 diemque.

51 722 150 769 Ergo
170 721 343 758 Palladiae
364 730 545 759 texuntur
561 723 600 759 in
621 723 754 760 ordine
772 737 907 773 pugnae
926 739 934 760 :

50 782 189 830 Magna
209 781 401 830 Giganteis
422 791 606 818 ornantur
626 784 737 827 pepla
755 784 927 829 trupaei53
1213 795 1241 818 30

51 838 217 875 Horrida
237 839 442 887 sanguineo
462 837 671 887 pinguntur
690 838 819 887 praelia
839 851 971 885 cocco;

49 899 214 935 Additur
233 906 364 935 aurata
384 898 551 948 dejectus
572 898 727 947 cuspide
747 898 901 948 Typho,

48 959 123 1005 Qui
142 960 266 1009 prius,
287 959 422 995 Ossaeis
443 968 684 1005 consternens
704 960 846 996 aethera
864 962 982 1007 saxis,

47 1019 222 1056 Emathio
243 1019 381 1055 celsum
403 1017 621 1067 duplicabat
639 1019 780 1055 vertice
800 1020 1015 1069 Olympum,

46 1078 137 1114 Tale
156 1078 235 1114 deae
253 1078 380 1114 velum
400 1079 558 1114 sollenni
576 1079 615 1115 in
636 1088 805 1129 tempore
825 1088 978 1129 portant
997 1096 1004 1116 :
1209 1093 1238 1115 35

44 1137 124 1173 Tali
145 1145 180 1174 te
200 1138 351 1184 vellem,
368 1138 551 1187 juvenum
571 1139 803 1186 doctissime,
822 1141 898 1177 ritu

44 1199 260 1247 Purpureos
278 1198 378 1234 inter
397 1198 500 1235 Soles
521 1206 558 1234 et
578 1199 740 1236 candida
752 1203 868 1237 Lunae

44 1357 232 1397 elegantius,
248 1366 341 1396 quam
358 1356 396 1385 iis
411 1356 609 1392 consortibus,

45 1409 199 1442 quatenus
214 1401 343 1431 heredes
359 1409 431 1431 sunt
445 1404 588 1432 Socratis.

90 1458 128 1477 21
149 1458 215 1487 sqq.
236 1447 482 1478 celebratissima
510 1459 558 1477 res
579 1449 613 1477 in

44 1493 259 1523 Panathenaeis
278 1495 413 1537 m‘agnis,
431 1504 502 1533 quae
516 1494 613 1524 Athe-

44 1540 93 1569 nis
111 1540 223 1579 quinto
239 1549 367 1579 quoque
384 1550 467 1569 anuo
483 1540 613 1580 ageban—

44 1592 98 1615 tur
108 1608 116 1622 ‚
126 1585 256 1626 peplum
267 1586 430 1615 Minervae.
445 1597 475 1614 v.
491 1587 610 1615 Meurs.

44 1631 214 1661 Panathen.
235 1641 262 1661 c.
291 1641 328 1668 17
355 1641 422 1671 sqq.
437 1649 484 1654 —-
504 1642 557 1662 21.
579 1632 615 1661 Si

35 1675 96 1716 sas
112 1683 159 1705 esc
175 1676 280 1705 dicere
295 1687 306 1705 .·
320 1687 388 1706 non
402 1684 464 1707 tam
479 1678 520 1707 ad
539 1678 611 1707 reli-

45 1723 170 1763 gionem
194 1721 311 1757 refero,
339 1732 431 1761 quam
457 1723 496 1753 ad
519 1723 612 1753 auda-

45 1769 125 1797 ciam
147 1768 243 1808 coepti
258 1777 265 1797 :
283 1774 313 1796 et
331 1767 422 1802 olim,
448 1779 508 1808 pro
528 1777 610 1806 tum,

44 1821 194 1854 sequente
207 1814 298 1843 eliam
315 1823 422 1853 quum.
433 1816 503 1844 AEn.
514 1816 594 1844 VIII
604 1836 612 1851 ‚

48 1861 127 1901 391,
142 1861 217 1890 [Vota
233 1869 318 1888 secus
334 1866 430 1899 atque
444 1859 519 1889 olim
534 1860 613 1889 toni-

45 1913 96 1935 tru
116 1916 211 1946 quum
235 1913 328 1946 rupea
350 1916 477 1935 corusco
485 1918 497 1941 ;
518 1906 557 1941 ὡς
583 1902 612 1936 δ’

46 1949 107 1982 ὃτε.

93 1998 154 2035 25,
180 1998 234 2028 26.
264 1999 364 2038 Quum
390 1998 464 2027 levis
489 1998 612 2028 alterno

48 2042 210 2082 Zephyrus
219 2043 399 2074 concrebm't
408 2045 494 2073 Euro
503 2055 514 2073 .·
528 2044 614 2074 alter-

47 2089 96 2117 nis
111 2089 291 2130 Zephyrum
307 2101 380 2120 cum
396 2092 481 2120 Euro
497 2091 614 2130 spirare

47 2135 108 2170 nit,
131 2144 231 2174 eoque
254 2142 378 2177 tempus
390 2137 612 2166 Panathenaeo-

47 2190 118 2209 rum
131 2179 348 2212 habendorum
359 2182 495 2212 declarat
507 2193 514 2213 :
526 2183 613 2222 quod

47 2225 99 2255 hic
118 2226 156 2255 ad
170 2228 310 2267 primum
328 2238 383 2258 ver
396 2228 552 2259 retrahere
567 2230 613 2258 vi-

668 1357 735 1387 deri
751 1363 863 1398 potest.
888 1359 999 1387 Mense
1016 1366 1117 1389 lamen
1137 1362 1236 1392 Heca-

668 1403 857 1439 tombaeone‚
873 1410 902 1432 et
912 1403 1040 1443 quidem
1053 1405 1102 1435 die
1112 1408 1237 1445 XXIII,

668 1450 760 1479 tertio
787 1451 944 1489 cujusque
963 1450 1160 1491 Olympiadis
1186 1465 1239 1484 an-

667 1506 721 1531 no⁷
734 1506 767 1524 ea
779 1495 931 1525 celebrata
943 1506 1007 1526 esse
1017 1498 1090 1526 satis
1104 1507 1236 1531 constat.

715 1552 756 1580 29
771 1558 814 1564 -—
831 1543 884 1576 34.
901 1543 1018 1578 Locus,
1035 1544 1093 1572 etsi
1112 1544 1150 1573 ab
1166 1545 1197 1575 h.
1214 1546 1235 1576 l.

667 1586 746 1617 forte
779 1587 916 1623 alienus,
955 1587 1100 1617 classicus
1134 1597 1237 1621 tamen

665 1640 736 1672 post
756 1634 865 1673 Eurip.
884 1633 1006 1663 Hecub.
1029 1635 1094 1670 466
1109 1646 1176 1676 sqq.
1198 1637 1235 1667 de

665 1679 761 1719 peplo
777 1680 943 1709 Minervae.
961 1680 1044 1710 conf.
1060 1680 1097 1709 ad
1114 1693 1158 1712 vs.
1180 1694 1233 1714 21.

665 1742 710 1747 —
727 1724 890 1765 Giganteis
913 1725 1061 1763 tropa’t's;
1076 1727 1186 1765 praelio
1206 1737 1236 1758 et

664 1772 796 1799 victoria
821 1770 860 1799 de
884 1771 1074 1811 Gigantibus
1097 1772 1236 1804 Pallante

665 1823 694 1845 et
709 1816 848 1845 Echione
862 1815 1084 1856 Enceladoque
1100 1827 1236 1856 prostra-

665 1863 720 1897 tis,
738 1862 880 1901 inprimis
906 1861 962 1891 dea
987 1869 1053 1891 tum
1074 1863 1232 1897 inclaruit.

666 1924 711 1930 —
742 1908 794 1943 34.
822 1907 990 1936 Emathias
1014 1915 1149 1946 vertex,
1176 1914 1232 1942 Pe-

664 1953 733 1983 lion
748 1964 811 1983 esse
830 1953 924 1983 debet
943 1954 1082 1994 Olympo
1095 1954 1127 1985 h.
1142 1955 1162 1987 l.
1176 1958 1235 1987 im-

665 2000 802 2039 positum
813 2023 821 2036 ,
841 2007 876 2029 ut
892 2000 948 2029 Ge.
970 2002 999 2036 Ι,
1018 2001 1056 2029 28
1067 2011 1078 2029 1
1091 2022 1099 2038 ,
1113 2003 1210 2034 Ossae.

714 2046 767 2075 36.
785 2045 858 2075 Tali
872 2046 932 2075 ritu
949 2053 996 2080 te,
1014 2053 1073 2077 etc.
1092 2046 1154 2077 hoc
1170 2060 1233 2081 mo-

666 2090 707 2120 do
723 2093 764 2120 ait
788 2099 898 2121 auctor
914 2091 994 2121 velle
1017 2103 1065 2128 se,
1083 2099 1232 2134 tanquam

667 2137 794 2178 peplum
809 2160 816 2172 ‚
835 2148 959 2167 carmen
985 2137 1023 2167 de
1047 2149 1152 2169 rerum
1176 2153 1232 2173 na-

666 2190 735 2213 tura
751 2183 886 2213 scribere
896 2206 904 2221 ‚
915 2184 1005 2223 eique
1021 2185 1161 2216 Messalae
1174 2199 1234 2218 no-

667 2239 737 2259 men
751 2230 903 2260 intexere.
919 2247 964 2252 -—-
983 2231 1035 2267 37,
1056 2231 1108 2261 38.
1126 2234 1230 2271 Luna,

1000 2290 1068 2328 31*
