1414 2435
610 86 732 119 LtBER
755 87 815 118 xi.

1248 98 1312 128 209

117 150 278 188 Nomine
296 160 484 199 quemque
499 159 658 193 vocans3
675 146 870 195 reficitque
890 145 928 182 in
944 145 1073 196 praelia
1092 146 1231 197 pulsos.

120 228 134 243 «
157 211 250 256 Quis
269 218 408 254 metus,
429 221 452 244 o
468 220 674 256 numquam
693 207 866 254 dolituri,
887 220 910 243 o
930 220 1078 257 semper
1095 208 1233 245 inertes

119 269 323 318 Tyrrheni,
343 281 427 318 quae
448 277 551 305 tanta
571 267 702 304 animis
722 266 871 316 ignavia
887 267 1010 303 venit?

119 330 272 366 Femina
291 328 450 378 palantis
471 328 564 378 agit,
586 336 698 378 atque
718 328 799 365 haec
819 329 967 378 agmina
986 329 1119 366 vertit!

120 392 207 435 Quo
227 389 369 426 ferrum
381 417 390 434 ‚
409 389 549 439 quidve
568 389 649 425 haec
667 389 830 439 gerimus
851 390 924 426 tela
943 390 1058 427 inrita
1077 389 1243 429 dextris?
1262 399 1310 433 73⁵

118 450 168 484 At
186 462 262 485 non
284 449 322 485 in
340 452 526 486 Venerem
542 462 692 498 segnes,
709 458 968 499 nocturnaque
986 449 1102 497 bella,

118 511 214 555 Aut,
234 509 301 546 ubi
317 523 434 546 curva
453 509 589 547 choros
609 509 744 547 indixit
759 510 853 547 tibia
870 510 1026 557 Bacchi,

120 572 347 620 Exspectare
365 570 498 620 dapes,
519 579 556 607 et
575 571 693 620 plenae
713 571 850 621 pocula
869 584 1024 617 mensae;

124 736 201 771 462.
223 733 379 768 Susa-itam
405 730 518 777 ὦρσεν,
548 733 688 777 ὤτρυνεν.

121 800 168 804 -
183 783 258 819 731.
285 782 445 811 Praeivisse
466 782 598 810 Furium
619 781 688 821 (M.

123 829 253 858 Furium
273 825 482 867 Bibaculum)
510 827 544 856 in
571 827 688 857 Annal.

124 876 171 904 XI
182 896 190 910 ‚
204 872 345 903 Nomine
360 883 516 913 quemque
532 872 592 902 ciet
603 884 613 903 :
625 872 690 902 dic-

124 927 225 949 torum
252 926 375 960 tempus
404 919 516 949 adesse
547 919 690 950 Comme-

124 973 230 996 morat
231 989 288 996 .....
315 966 492 1008 Confirmat
511 965 604 996 dictis
616 978 626 996 .·
648 966 690 995 si-

123 1012 192 1042 mul
211 1020 306 1052 atque
329 1012 505 1042 exsuscitat
523 1023 613 1041 acres
638 1012 694 1041 Ad

123 1058 311 1088 bellandum
329 1059 456 1087 animos
471 1052 632 1100 ress'eitque
648 1058 695 1087 ad

116 1104 234 1144 praelia
261 1112 379 1133 mentes
401 1105 524 1133 notavit
548 1104 691 1134 Macrob.

122 1151 189 1185 VI,
215 1161 242 1180 1.
259 1150 369 1179 Malim
392 1156 422 1178 et
445 1149 498 1178 hic
518 1151 694 1179 Homerum

121 1195 250 1225 laudare
266 1195 354 1226 Iliad.
375 1206 413 1232 κ,
432 1195 471 1233 67
490 1193 641 1237 πατρόθεν
659 1195 692 1226 ἐκ

123 1244 229 1285 γενεῆς
253 1239 408 1284 ὀνεμοίζων
426 1237 528 1284 ἄνδρα
553 1240 692 1272 ἕκαστον.

123 1290 161 1318 In
177 1299 244 1328 sqq.
262 1288 367 1317 verbis
380 1287 554 1318 Tarchonis
570 1298 586 1316 a
602 1299 694 1317 versu

125 1335 189 1372 732
224 1335 384 1364 neminem
415 1333 523 1374 fugere
558 1341 693 1373 possunt

123 1382 252 1422 vestigia
281 1381 410 1410 Homeri
441 1380 531 1410 Iliad.
561 1375 599 1416 ὃ,
628 1381 693 1415 340

123 1438 187 1467 seq.
205 1445 250 1449 -—
272 1428 348 1464 732.
374 1427 401 1456 O
425 1436 587 1466 nunquam
612 1425 693 1455 doli-

123 1473 188 1503 turi
204 1473 367 1502 dedecoris
378 1495 387 1508 ‚
412 1472 549 1501 infamiae
565 1482 693 1501 sensum

122 1516 273 1550 habituri.
298 1521 341 1549 At
363 1520 474 1548 Horat.
503 1519 530 1547 O
552 1517 691 1547 dolitura

123 1576 196 1595 mea
246 1567 377 1596 multum
417 1564 535 1594 virtute
573 1566 692 1594 IVecera

119 1611 220 1651 Epod.
235 1613 310 1648 XV,
330 1622 342 1640 1
354 1612 509 1648 1.—734.
526 1611 692 1640 Pallentes

119 1663 181 1686 tres
204 1668 251 1697 ap.
271 1659 392 1694 Burm.‚
410 1664 565 1698 perpetuo
591 1657 690 1697 lapsu.

118 1702 278 1732 Pallentis
302 1703 434 1732 Memel.
448 1713 498 1742 pr.
515 1703 692 1744 Agz‘tatque

113 1746 188 1785 baec
205 1749 315 1779 Franc.
333 1748 442 1789 agitat
465 1755 561 1788 atque
582 1759 613 1778 α.
633 1748 691 1778 Ed.

119 1804 167 1834 pr.
178 1796 280 1824 Totus
294 1805 402 1823 versus
421 1793 582 1823 exciderat
593 1793 691 1823 Goth.

118 1846 189 1870 tert.
215 1859 263 1864 ——-
292 1841 369 1878 736.
398 1840 530 1881 Egregie
559 1840 594 1868 in
626 1849 694 1869 rem

117 1896 205 1916 suam
220 1888 315 1917 vertit
333 1893 425 1927 poeta
443 1886 556 1915 famam
577 1885 616 1914 de
635 1896 689 1915 ve-

117 1938 221 1962 terum
235 1935 443 1964 Etruscorum
468 1932 596 1961 luxurie
611 1941 618 1962 z
632 1933 689 1961 etsi

116 1977 152 2007 in
159 1979 292 2020 singulis
305 1979 498 2009 ornamentis
512 1979 688 2007 Homerum

117 2025 270 2064 respicere
292 2027 420 2066 potuit,
443 2024 586 2054 alacriter
611 2024 689 2054 dicit

117 2078 170 2098 eos
191 2080 280 2102 ruere
307 2071 348 2101 ad
369 2071 478 2112 epulas
505 2077 536 2100 et
558 2070 688 2111 quidem

116 2114 353 2148 sacrificiorum.
377 2117 477 2149 Simili
501 2124 686 2158 argumento

116 2159 154 2189 ad
167 2163 444 2202 exprobrationem
458 2163 608 2193 utebatur
624 2164 686 2193 Ho-

117 2217 222 2238 merus
238 2209 274 2239 in
289 2206 508 2240 Menestheum
536 2215 567 2239 et
593 2209 688 2250 Ulys-

742 745 826 771 sem,
850 733 905 764 sed
928 732 1015 774 quod
1036 734 1133 774 primi
1157 741 1311 765 vocantur

744 781 783 810 ad
813 790 935 810 coenam
968 787 999 810 et
1026 781 1144 818 majore
1170 783 1313 811 carnium

742 827 874 867 vinique
891 827 980 867 copia
1001 826 1202 857 honorantur
1217 828 1254 858 11.
1271 824 1292 857 ὃ
1301 851 1310 864 ,

746 875 811 910 340
829 884 896 914 sqq.
917 875 955 902 In
979 873 1028 902 his
1053 872 1105 902 ubi
1131 873 1209 903 tibia
1229 876 1312 904 Bac—

743 920 795 950 chi
814 931 908 950 curva
930 918 1047 949 indixit
1069 918 1199 956 choros,
1223 927 1314 961 puta-

743 974 797 997 tur
818 967 990 1007 respexisse
1007 967 1099 996 Maro
1121 967 1236 996 Priami
1257 977 1315 997 vo-

745 1024 834 1050 cem,
856 1013 913 1052 qui
943 1011 1028 1042 filios
1053 1013 1241 1052 increpans,
1266 1011 1315 1055 ὀρ-

745 1056 847 1099 χῇςὰς
861 1055 1091 1101 χρρειτυπίῃσιν
1109 1056 1249 1100 ἀρίστους
1261 1069 1314 1099 ap-

746 1106 842 1146 pellat
864 1104 952 1134 Iliad.
977 1116 1021 1142 ω,
1041 1115 1072 1134 V.
1094 1104 1170 1135 261.
1194 1107 1316 1135 Locum

746 1151 785 1181 de
812 1151 996 1182 Phaeacibus
1025 1151 1089 1180 huc
1115 1157 1233 1181 vocant
1264 1151 1316 1181 alii

746 1197 862 1238 Odyss.
877 1197 910 1234 θ,
930 1198 993 1233 248
1007 1220 1015 1234 ‚
1032 1203 1096 1237 ²49
1107 1219 1115 1233 ‚
1131 1207 1196 1237 quo
1210 1204 1316 1227 tamen

746 1246 802 1272 vix
826 1244 997 1283 quicquam
1025 1243 1058 1272 in
1084 1249 1186 1283 poetae
1210 1243 1316 1273 verbis

745 1289 932 1318 illustratur.
948 1291 996 1318 De
1009 1289 1085 1317 tibia
1098 1290 1133 1317 in
1145 1290 1240 1318 sacris
1253 1299 1318 1318 om-

747 1336 842 1371 nino,
861 1341 930 1364 tum
946 1336 980 1364 in
997 1334 1131 1374 Cybeles
1144 1341 1176 1363 et
1187 1335 1317 1373 Bacchi,

748 1380 787 1409 ad
801 1380 915 1410 choros
937 1381 984 1409 nil
999 1389 1128 1409 monere
1150 1390 1230 1420 opus
1251 1388 1316 1418 est3

748 1437 841 1455 curva
868 1426 966 1462 tibia,
993 1432 1144 1462 notatur,
1167 1433 1316 1466 tanquam

748 1483 847 1513 genus
876 1479 1017 1509 certum3
1046 1482 1120 1501 nam
1147 1472 1246 1502 lituus
1271 1480 1317 1503 est

746 1518 902 1556 buccina,
927 1528 1038 1548 cornu.
1064 1517 1223 1547 Bacchum
1244 1529 1317 1548 cum

743 1564 866 1603 judicio
884 1564 1009 1594 videtur
1027 1565 1222 1601 nominasse,
1244 1575 1317 1595 nam

745 1611 862 1640 Bacchi
881 1621 968 1640 sacra
983 1617 1013 1640 et
1028 1611 1117 1640 initia
1131 1621 1205 1640 eum
1220 1611 1255 1640 in
1271 1622 1318 1641 re-

744 1657 830 1697 liqua
846 1657 934 1687 Italia
946 1680 954 1694 ,
969 1663 1038 1686 tum
1062 1657 1146 1686 inter
1168 1658 1317 1688 Etruscos

745 1703 797 1732 vel
820 1705 956 1733 maxime
982 1703 1118 1743 viguisse
1131 1725 1140 1739 ‚
1153 1702 1217 1740 jam
1238 1703 1317 1732 olim

746 1759 786 1778 ex
805 1755 892 1778 tanto
916 1759 1065 1778 vasorum
1093 1754 1125 1777 et
1149 1748 1316 1788 sarcopha—

740 1805 855 1835 gorum
880 1804 1015 1823 numero
1028 1816 1035 1829 ‚
1058 1795 1092 1822 in
1108 1803 1173 1832 quo
1191 1793 1245 1823 illa
1261 1805 1315 1824 oc-

742 1846 898 1876 currunt,
924 1840 1074 1879 suspicati
1103 1849 1223 1869 sumus.
1249 1840 1314 1870 vid.

741 1886 824 1915 Nor.
851 1886 1029 1915 Commeat.
1056 1886 1129 1915 Soc.
1155 1887 1194 1914 R.
1224 1886 1314 1917 Gott.

744 1937 766 1961 t.
783 1931 851 1968 111,
870 1941 902 1971 p.
920 1931 960 1961 53
977 1942 1045 1971 sqq.
1064 1948 1110 1954 —
1128 1931 1204 1968 736.
1220 1932 1314 1962 Ama-

742 1976 848 2007 titudo
864 1976 941 2006 dicti
957 1979 1001 2007 sic
1014 1978 1088 2007 satis
1102 1977 1292 2018 intelligitur
1302 2002 1312 2016 ,

741 2024 768 2053 si
792 2023 908 2064 cogites
930 2034 983 2054 eos
1008 2023 1114 2064 fugere
1141 2024 1176 2053 in
1202 2025 1312 2064 praelio

742 2080 814 2099 cum
833 2070 962 2100 femina.
981 2086 1028 2092 —-—
1052 2070 1127 2109 738.
1143 2070 1218 2100 Non
1238 2081 1313 2113 seg-

741 2127 797 2145 nes
810 2123 996 2156 exspectare
1004 2116 1162 2156 ——plenae
1176 2127 1293 2148 mensae
1303 2139 1313 2155 7

741 2161 914 2198 πληθούσης
958 2161 1112 2206 τραπέζης
1125 2185 1134 2199 ,
1161 2163 1283 2202 pocula
1301 2174 1313 2192 .·

741 2209 814 2239 dum
838 2220 931 2240 sacra
952 2219 1091 2250 aruspex
1116 2208 1250 2240 nuntiet.
1267 2224 1314 2231 -·

1123 2289 1138 2312 1
1145 2274 1187 2311 8*
