1414 2435
568 47 692 76 LIBER
716 47 758 75 x.
1218 55 1257 84 71

71 104 259 142 Adveniet
273 105 417 155 justum
437 116 590 154 pugnae,
610 116 658 139 ne
679 101 873 147 arcessite,
893 111 1058 152 tempus,

74 167 202 210 Quum
222 164 300 200 sera
321 163 508 213 Carthago
529 163 707 199 Romanis
727 161 878 198 arcibus
897 163 987 198 olim

72 225 240 261 Exitium
259 236 435 273 magnum
447 251 457 269 ,
479 232 591 273 atque
607 223 721 272 Alpes
736 223 898 259 inmittet
916 231 1064 272 apertas
1081 237 1089 259 :

62 285 168 319 Tum
187 292 333 319 certare
350 283 465 328 odiis,
487 291 567 319 tum
583 296 642 319 res
662 283 829 332 rapuisse
849 282 988 319 licebit.

71 343 182 378 Nunc
198 342 329 388 sinite3
350 350 387 378 et
406 343 586 392 placitum
604 342 678 378 laeti
698 342 900 391 conponite
919 341 1048 378 foedus.
1067 356 1082 373 »
1232 348 1261 372 ¹⁵

123 402 300 452 Juppiter
315 403 395 439 haec
412 403 541 452 paucis
562 417 569 439 :
591 412 628 439 at
645 416 721 439 non
737 405 863 439 Venus
882 414 996 438 aurea
1015 409 1146 438 contra

71 462 194 498 Pauca
213 462 340 498 refert.

74 538 89 554 α
109 524 143 559 O
161 525 290 567 Pater,
311 535 333 558 o
352 522 549 559 hominum
568 522 773 572 divumque
792 531 931 559 aeterna
949 523 1132 571 potestas!

71 584 244 632 Namque
259 582 361 619 aliud
380 583 472 631 quid
488 582 554 627 sit,
571 582 672 631 quod
686 583 763 631 jam
784 582 987 631 implorare
1007 581 1211 630 queamus?

73 642 203 679 Cernis
221 651 263 678 ut
283 643 462 680 insultent
481 642 630 689 Rutuli,
649 645 874 691 Turnusque
894 641 1037 677 feratur
1233 656 1263 673 ιο

76 782 119 811 85
147 780 355 821 manibusque
378 781 537 810 lacessunt
562 783 642 810 Pec-

78 835 147 857 tora
156 827 278 867 plausa
293 826 387 857 cavis.

127 883 140 902 1
151 884 178 903 1.
194 875 275 904 Sunt
292 874 326 902 in
341 872 390 902 his
412 873 645 902 verss.'semina

77 921 271 951 Punicorum
283 919 350 949 Silii
359 919 478 956 Italici;
493 919 572 949 forte
582 920 646 957 jam

77 977 118 996 ex
129 967 235 996 Ennio
250 965 402 996 traducta.
418 965 646 995 Annibalicum

78 1012 299 1042 bellum¹tanta
317 1011 400 1041 mole
417 1012 594 1047 exorietur,
611 1017 647 1039 ut

79 1057 124 1087 dii
141 1059 170 1088 ei
182 1069 214 1087 se
224 1059 428 1098 interponere
445 1058 580 1097 possint3
596 1056 648 1085 alii

80 1115 98 1133 a
118 1105 271 1134 Romanis
289 1111 388 1140 stare,
414 1104 467 1133 alii
490 1114 506 1132 a
531 1103 647 1133 Poenis.

80 1151 211 1190 Egregie
233 1151 387 1180 instructa
406 1150 523 1180 oratio!
550 1149 649 1188 Alpes

81 1196 230 1226 immittet
257 1203 387 1236 apertas
399 1207 412 1233 ,-
442 1193 608 1237 magnifice
640 1204 649 1226 ἰ

81 1242 341 1282 quandoquidem
356 1242 494 1282 Alpibus
515 1241 650 1281 patefac—

81 1290 120 1318 tis
133 1289 274 1318 Annibal
285 1290 443 1330 ingressus
456 1294 502 1317 est
517 1287 648 1317 Italiam.

82 1335 122 1365 cf.
138 1335 172 1365 h.
189 1335 211 1364 l.
229 1337 317 1365 Serv·
333 1333 479 1364 Exitium
501 1340 532 1363 et
551 1334 651 1373 Alpes

82 1388 210 1420 apertas
223 1381 347 1419 junxit3
364 1380 431 1409 haec
445 1380 528 1409 enim
547 1380 651 1409 omnis

82 1427 263 1456 calamitatis
277 1434 308 1456 et
326 1433 373 1456 tot
387 1426 526 1455 cladium
545 1436 651 1465 accep-

83 1480 185 1503 tarum
199 1483 306 1502 caussa
320 1480 350 1502 et
366 1473 455 1512 origo
471 1472 547 1507 fuit,
564 1470 652 1512 quod

82 1519 181 1559 Alpes
207 1522 324 1560 perviae
350 1525 439 1548 erant
470 1518 570 1547 sactae.
601 1516 653 1547 Ad

83 1565 246 1606 vulgarem
270 1575 390 1595 morem
416 1564 518 1594 oratio
546 1563 655 1593 fuisset

83 1611 152 1640 haec
176 1621 184 1642 :
208 1622 309 1651 quum
334 1610 488 1650 Carthago
506 1610 656 1639 immittet

85 1658 284 1693 exercitum,
311 1657 369 1696 qui
393 1657 492 1696 Alpes
520 1657 655 1693 trajiciet

86 1713 159 1732 cum
175 1703 274 1732 exitio
285 1705 515 1733 Romanorum.
530 1704 655 1732 Poterat

84 1756 177 1790 poeta
188 1749 251 1778 hoc
263 1749 323 1789 ipsi
338 1748 482 1786 trajectui
498 1747 653 1783 tribuere,

86 1795 273 1835 doctiusque
298 1795 381 1834 ipsas
403 1793 500 1833 Alpes
518 1803 655 1823 comme-

85 1842 221 1877 moravit
234 1842 388 1870 transitas.
398 1857 445 1862 —
464 1845 514 1875 14.
532 1841 592 1869 Res
607 1849 656 1868 ra-

84 1887 200 1928 puisse.
217 1886 316 1927 Apud
339 1888 483 1917 Servium
501 1896 508 1917 :
531 1900 546 1911 «
564 1885 654 1915 clari-

86 1935 244 1975 gationem
263 1943 426 1969 exercere,
442 1931 504 1962 hoc
522 1939 583 1969 est,
599 1942 656 1972 per

54 2007 56 2009 .
87 1980 223 2010 Feciales
240 1979 361 2009 bellum
383 1978 522 2008 indicere
546 1978 654 2019 (atqui

86 2025 148 2056 hoc
166 2032 260 2064 esset,
274 2036 323 2055 res
337 2032 488 2066 repetere.‘
507 2024 630 2066 Pergit)
647 2034 654 2055 :

87 2082 160 2102 nam
173 2079 294 2102 veteres
305 2071 418 2102 laedere
431 2072 512 2113 (haec
528 2082 590 2101 vox
605 2082 656 2100 ex-

86 2118 276 2160 pungenda)
295 2129 344 2148 res
361 2129 474 2159 rapere
491 2117 636 2148 dicebant
647 2139 656 2155 ,

86 2165 206 2209 etiamsi
235 2165 355 2206 rapinae
379 2165 506 2196 nullum
527 2165 657 2195 ,crimen

698 782 882 817 exsisteret3
916 779 1060 809 similiter
1093 778 1266 809 satisfacere

697 838 746 857 res
760 827 891 856 reddere
903 825 1061 856 dicebant.
1076 840 1092 852 »
1103 826 1267 855 Assentior

698 874 808 904 Servio
826 873 995 910 hactenus,
1023 879 1060 902 ut
1083 871 1202 909 dicam,
1227 882 1268 901 ex

699 919 833 950 formula
864 921 992 958 antiqua
1022 918 1084 948 hoc
1113 918 1248 958 petitum
1259 939 1267 954 ,

698 966 908 1005 hostilemque
921 965 1052 995 omnino
1068 965 1133 993 vim
1147 974 1163 993 a
1176 970 1269 1004 poeta

700 1023 765 1042 esse
780 1011 966 1041 declaratam
979 1021 1035 1051 per
1047 1011 1171 1050 rapinas
1181 1032 1188 1045 ‚
1199 1019 1270 1050 quae

699 1059 734 1087 in
752 1058 836 1087 bello
852 1057 946 1087 finnt.
966 1059 1074 1087 Restat
1090 1063 1194 1086 tamen
1211 1056 1270 1085 alia

700 1105 780 1134 ratio
793 1114 800 1134 ;
818 1114 929 1143 rapere
942 1113 990 1132 res
1003 1110 1048 1132 est
1061 1103 1175 1143 raptim
1184 1124 1192 1139 ‚
1207 1109 1271 1131 tur-

701 1150 773 1180 bate
787 1161 893 1192 agere,
911 1150 1041 1189 exsequi
1055 1158 1062 1178 :
1078 1149 1122 1178 sic
1135 1147 1271 1178 consilia

703 1204 809 1236 rapta.
834 1195 922 1236 Quid
948 1197 973 1224 si
998 1195 1032 1225 h.
1058 1195 1080 1225 l.
1110 1195 1244 1234 accipias
1262 1203 1270 1230 ;

703 1249 771 1272 tum
786 1242 894 1272 licebit
917 1241 1114 1281 praecipitare
1133 1251 1200 1276 res;
1226 1246 1270 1269 te-

703 1299 788 1318 mere
816 1299 857 1318 ex
888 1288 970 1317 odiis
981 1309 990 1324 ,
1021 1297 1087 1316 non
1119 1285 1252 1315 consilio
1263 1307 1272 1322 ‚

703 1344 804 1374 agere.
815 1335 946 1364 Dictum
958 1332 1021 1362 fere
1029 1331 1190 1372 quomodo
1200 1330 1269 1366 iter,

703 1381 754 1410 vel
766 1390 888 1409 cursum
901 1389 1028 1418 rapere,
1042 1379 1156 1418 raptim
1169 1387 1272 1417 agere.

700 1427 744 1457 cf.
762 1426 800 1455 ad
812 1427 875 1462 VI,
891 1426 921 1455 8.
939 1427 1038 1455 Porro
1046 1423 1203 1464 placitum
1210 1423 1273 1464 soe-

705 1473 772 1502 dus.
785 1472 898 1502 Placita
913 1477 988 1500 sunt
1002 1471 1108 1500 omnia
1122 1476 1228 1510 pacta,
1238 1470 1274 1499 in

706 1528 776 1559 quae
795 1527 981 1548 consensere
994 1516 1101 1557 plures
1110 1527 1118 1553 ;
1134 1515 1194 1546 hoc
1210 1522 1273 1553 est,

707 1563 795 1605 quod
811 1565 850 1594 iis
865 1564 995 1604 placuit.

758 1611 797 1640 16
814 1621 881 1651 sqq.
904 1607 1043 1640 Artificii
1058 1608 1151 1648 plena
1174 1608 1276 1638 oratio

706 1658 840 1687 Veneris
855 1667 862 1687 :
877 1663 913 1685 ut
936 1655 1026 1685 faciat
1044 1655 1277 1684 miserationem

707 1713 766 1744 pro
790 1703 951 1740 Trojanis,
974 1708 1005 1730 et
1025 1700 1276 1740 indignationem

708 1749 857 1778 adversus
866 1750 1040 1778 Junonem.
1052 1747 1157 1775 Venus
1165 1754 1276 1781 aurea,

707 1795 869 1823 notissima
885 1804 933 1823 res
951 1794 1049 1834 χρυσῆ
1064 1783 1220 1833 Ᾱφροὸίτη
1236 1800 1277 1819 ex

708 1839 848 1870 Homero
868 1849 876 1869 ε
899 1839 1072 1878 exponitur
1094 1837 1190 1877 vulgo
1204 1835 1276 1877 pul-

709 1885 793 1915 chra.
814 1886 936 1914 Verum
959 1890 1022 1920 est,
1042 1893 1082 1912 ex
1097 1883 1277 1922 antiquissi-

708 1942 758 1961 ma
784 1931 952 1972 religione,
972 1939 1050 1959 auro
1067 1934 1187 1958 ornata.
1213 1930 1276 1958 Po-

709 1985 804 2008 testas
815 1985 861 2007 est
870 1987 928 2017 pro
941 1982 1054 2016 POlenS
1065 1985 1072 2005 Ζ
1087 1974 1277 2004 abStl'aCUlm
1321 1999 1324 2003 ,

708 2035 767 2065 pro
792 2030 952 2054 concreto.
978 2039 1024 2045 --
1052 2031 1103 2061 19.
1128 2021 1278 2060 Namque

709 2070 808 2100 aliud.
819 2069 910 2101 Solus
923 2069 1006 2098 enim
1020 2074 1054 2097 tu
1067 2073 1172 2104 restas,
1182 2075 1277 2107 quem

709 2117 877 2157 implorare
886 2116 1003 2156 possim
1011 2137 1019 2152 ‚
1029 2123 1130 2154 quum
1140 2113 1203 2143 sere
1215 2122 1279 2142 om·
1315 2147 1319 2150 ⁴

709 2174 765 2194 nes
780 2162 824 2193 dii
838 2164 873 2193 in
890 2161 1032 2201 sayorem
1053 2160 1192 2192 Junouis
1205 2168 1279 2190 con-
