1414 2435
575 61 698 92 Lmen
721 63 762 92 x.
1226 75 1239 102 ς
1248 65 1266 93 5

66 120 168 155 Dum
189 118 339 156 Latium
357 119 496 156 Teucri
514 119 758 170 recidivaque
774 123 955 171 Pergama
971 123 1169 171 quaerunt?

10 183 17 190 '
65 180 153 215 Non
172 179 287 216 satius
312 179 456 216 cineres
474 180 607 229 patriae
624 180 805 218 insedisse
822 194 1036 231 supremos,

69 240 194 287 Atque
211 238 333 275 solum
351 251 428 288 quo
444 240 559 290 Troja
575 240 669 277 fuit?
689 241 885 278 Xanthum
904 249 941 277 et
961 241 1154 280 Simoenta
1233 252 1264 276 «50

70 297 221 344 Redde,
243 311 330 345 oro,
346 299 512 346 miseris;
531 300 744 351 iterumque
761 301 957 338 revolvere
977 314 1083 339 casus

68 357 147 402 Da,
166 366 290 407 pater,
309 358 444 398 Iliacos
463 361 638 398 Teucris!
659 378 674 393 »
692 363 788 398 Tum
807 361 912 411 regia
931 365 951 398 J
956 373 1030 397 uno

68 418 164 453 Acta
181 417 311 455 furore
329 420 436 469 gravi
453 435 461 456 :
483 438 498 454 «
520 421 623 467 Quid
642 434 702 457 me
723 422 797 458 alta
815 421 962 458 silentia
981 420 1083 470 cogis

68 477 283 526 Rumpere,
305 488 341 516 et
360 479 569 518 obductum
588 481 717 519 verbis
732 482 886 531 volgare
904 481 1096 517 dolorem?

67 537 213 573 AEnean
230 538 428 576 hominum
445 541 646 591 quisquam
667 541 874 591 divumque
893 541 1044 591 subegit
1234 549 1265 574 6⁵

66 596 170 633 Bella
188 597 314 646 sequi,
332 608 397 636 aut
413 599 561 639 hostem
580 603 661 651 regi
679 615 718 639 se
738 602 880 639 inferre
898 602 1058 639 Latino?

65 656 213 692 Italiam
231 658 315 695 fatis
334 659 445 708 petiit
460 661 700 706 auctoribus,
720 669 819 706 esto,

65 716 284 753 Cassandrae
299 717 471 766 inpulsus
491 718 600 755 furiis
618 734 625 754 :
643 733 734 755 num
754 719 926 767 linquere
947 726 1071 754 castra

66 775 218 811 Hortati
234 787 380 824 sumus,
400 785 466 813 aut
484 776 602 814 vitam
621 777 844 814 conmittere
863 776 1009 814 ventis?

66 924 117 954 da.
134 941 182 947 —
200 924 254 955 58.
276 925 427 955 Recidiva
453 928 634 968 Pergama,

65 972 280 1008 renascentia,
294 973 438 1002 restituta
453 983 460 1004 ε
477 974 564 1004 conf.
581 976 637 1011 IV,

68 1017 254 1055 3443V11‚
273 1018 348 1048 322.
369 1020 450 1049 Tota
474 1020 638 1050 conclusio

67 1063 235 1100 orationis,
250 1074 312 1104 qua
328 1065 508 1104 expostulat
517 1068 640 1104 Venus,

67 1109 189 1149 egregia
209 1116 256 1139 est
276 1110 309 1139 vi
327 1120 363 1139 ac
385 1121 485 1142 nervo
509 1123 574 1152 quo
593 1123 641 1141 ar-

66 1161 255 1194 gumentum
276 1166 334 1195 per
359 1166 392 1186 se
412 1168 506 1198 grave
529 1165 641 1198 poten-

67 1206 116 1229 ter
145 1200 259 1231 vibrat.
290 1201 378 1241 Quid
404 1203 526 1242 profuit
550 1215 639 1235 nunc

66 1246 211 1283 Trojam's
239 1248 343 1276 excisa
367 1248 446 1278 urbe
468 1250 637 1290 effugisse,

66 1297 99 1320 et
130 1301 228 1321 novas
257 1292 345 1322 sedes
378 1296 577 1333 quaesivisse;
611 1297 638 1326 si

66 1347 154 1366 nunc
169 1338 279 1367 similis
292 1338 421 1368 fortuna
436 1351 488 1370 eos
502 1342 638 1380 excipit,

66 1389 104 1412 ut
124 1393 208 1413 nova
234 1384 314 1414 urbe
341 1391 429 1425 capta
453 1387 639 1416 exscindan-

65 1429 142 1457 tur?
176 1431 281 1469 Quam
313 1431 491 1467 παθητικῶς
519 1432 641 1462 cineres

60 1473 180 1513 patriae
193 1483 357 1513 memorat,
369 1477 470 1507 solum
487 1489 549 1518 quo
566 1480 638 1507 Tro-

58 1519 100 1560 ja
112 1519 204 1561 fide!
219 1528 255 1550 ut
272 1521 330 1551 lib.
353 1524 420 1558 111,
444 1533 456 1552 1
468 1533 494 1553 1.
514 1523 639 1553 Scilicet

64 1566 233 1605 praestabat
245 1567 300 1603 sic,
310 1567 344 1596 in
357 1567 446 1597 urbis
458 1568 526 1598 solo
539 1579 639 1608 aequa-

63 1618 104 1641 tae
130 1613 232 1642 ruinis
257 1615 452 1644 remansisse.
477 1614 535 1643 Illa
561 1624 639 1643 vero

65 1657 244 1688 sublimiter
258 1667 266 1687 ε
280 1658 376 1688 redde
396 1659 489 1689 nobis
512 1660 640 1698 Trojam

63 1705 225 1744 antiquam
237 1704 244 1732 1
260 1703 431 1734 praestabat
443 1706 534 1734 sicin
543 1707 641 1735 Troa-

65 1749 105 1779 de
119 1749 302 1780 remansisse
312 1771 322 1785 ,
339 1755 371 1778 et
385 1749 502 1779 iterum
515 1750 639 1780 easdem

65 1805 220 1825 aerumnas
257 1794 414 1825 tolerasse.
444 1797 518 1825 Erat
553 1797 638 1826 enim

64 1842 271 1872 metuendum
286 1841 332 1878 ibi
342 1863 351 1877 ,
367 1851 407 1870 ne
420 1840 527 1871 denuo
540 1841 637 1872 Achi-

64 1888 97 1917 vi
120 1889 317 1918 incursarent
332 1888 506 1925 Troadem3
525 1894 556 1917 et
572 1898 636 1917 eas-

64 1932 136 1963 dem
153 1935 284 1973 injurias
297 1933 462 1970 inferrent,
476 1944 552 1973 quas
562 1935 639 1964 Tro-

62 1980 129 2016 jani
159 1987 248 2010 antea
273 1987 363 2011 erant
389 1981 522 2020 experti.
546 1981 570 2010 F
572 1989 640 2009 ran-

65 2032 146 2065 gunt
164 2027 307 2068 Intetpp.
325 2034 397 2066 post
411 2027 556 2056 Servium
573 2027 638 2055 vim

65 2072 164 2102 totius
183 2072 257 2103 loci.
273 2072 390 2103 Similis
413 2073 566 2102 orationis
589 2082 638 2102 co-

63 2116 114 2145 lor
125 2127 196 2158 sup.
208 2120 258 2156 11,
274 2119 340 2160 669
358 2118 493 2150 Reddite
506 2129 556 2149 me
571 2120 637 2149 Da-

65 2162 146 2193 nais.

738 928 781 958 63
806 938 874 968 sqq.
901 929 941 958 In
966 927 1109 957 oratioue
1132 925 1190 956 hac
1205 928 1263 957 Ju-

691 975 796 1011 nonis‚
810 984 870 1014 qua
881 974 1015 1003 Veneris
1034 973 1264 1002 accusationem

691 1030 726 1049 ea
743 1020 838 1050 diluit
848 1042 857 1057 ,
878 1020 969 1060 qnasi
981 1019 1045 1048 suis
1058 1018 1265 1048 machinatio-

693 1066 789 1096 nibus
825 1066 1015 1095 calamitates
1044 1065 1094 1094 hae
1125 1063 1264 1094 inductae

692 1113 756 1142 siut
770 1112 915 1150 Trojanis
924 1133 933 1149 ,
949 1118 980 1140 et
994 1112 1030 1140 in
1043 1111 1198 1148 Troianos
1208 1131 1217 1146 ,
1234 1116 1267 1139 et

692 1159 728 1188 in
751 1160 883 1188 AEneam
907 1157 1143 1187 criminationes
1164 1162 1265 1185 retor-

692 1211 788 1244 quet,
820 1205 875 1244 qui
905 1204 993 1243 prior
1025 1202 1122 1233 ltaliae
1156 1201 1263 1231 sedem

692 1251 830 1290 quietam
853 1249 939 1279 bello
958 1248 1133 1284 lacessivit,
1157 1247 1264 1276 nescio

692 1305 733 1325 an
754 1305 821 1324 non
834 1301 926 1335 poeta
939 1294 1048 1334 paullo
1067 1294 1160 1322 nimis
1177 1291 1264 1334 ῥητε-

694 1342 784 1383 ρικῶς
796 1347 949 1370 versetur.
960 1341 1086 1369 Summa
1100 1337 1264 1367 sententiae

692 1386 775 1416 redit
795 1386 836 1416 ad
852 1392 967 1415 notum
984 1383 1088 1414 illud:
1114 1382 1191 1423 Quis
1213 1389 1261 1411 tn-

693 1432 766 1462 Ien'c
785 1430 944 1461 Gracchos
962 1430 1002 1459 de
1017 1429 1172 1458 seditione
1187 1438 1263 1468 que-

689 1485 794 1506 rentes
807 1488 818 1506 :
833 1477 920 1516 atqui
941 1474 1076 1504 Gracchi
1098 1474 1162 1503 fere
1188 1479 1264 1502 sunt

690 1523 834 1563 plerique
850 1523 907 1561 qui
925 1521 1075 1557 injuriam
1090 1520 1157 1548 aliis
1177 1519 1263 1548 imu-

690 1569 765 1598 lere.
783 1567 935 1606 Injuriam
954 1564 1024 1594 fieri
1039 1570 1184 1594 statuunt
1201 1563 1264 1593 sibi

692 1612 732 1642 ab
760 1614 799 1642 iis
816 1636 825 1651 ‚
851 1614 907 1653 qui
934 1611 972 1641 de
999 1621 1110 1640 eorum
1139 1609 1265 1647 injuriis

692 1666 883 1699 queruntur.
902 1676 949 1681 -—
972 1657 1014 1687 63
1027 1679 1035 1694 ‚
1054 1656 1108 1692 64.
1126 1656 1263 1695 Accipio

692 1705 870 1735 secundum
894 1704 949 1734 illa
968 1703 1025 1733 lib.
1047 1703 1082 1738 1,
1109 1702 1150 1730 23
1174 1710 1262 1740 seqq.

692 1752 762 1780 Nec
784 1751 859 1779 dum
878 1749 977 1780 etiam
1001 1757 1121 1777 caussae
1146 1746 1264 1774 irarum

691 1797 826 1836 soevique
842 1795 964 1825 dolores
979 1792 1180 1822 Exciderant
1193 1790 1262 1819 ani-

692 1853 744 1872 mo
762 1849 822 1873 etc.
841 1858 888 1864 —-
900 1841 955 1877 67.
972 1841 1054 1869 Fata
1067 1837 1201 1878 maligne
1217 1837 1262 1866 in-

690 1894 880 1929 terpretatur
897 1887 917 1916 J
921 1895 986 1914 uno
1007 1881 1263 1923 Cassandraefic·

691 1935 754 1965 rias
776 1933 809 1964 h.
835 1931 983 1961 vaticinia
994 1953 1002 1967 ,
1020 1939 1090 1969 quae
1105 1929 1184 1958 adeo
1199 1927 1264 1967 pri-

691 1991 744 2011 mo
761 1979 905 2010 omnium
919 1978 992 2007 loco
1008 1977 1136 2005 AEneam
1150 1973 1189 2004 ad
1204 1974 1264 2002 iter

691 2024 930 2066 suscipiendum
954 2022 1076 2063 adigere
1101 2020 1261 2050 debuere:

693 2073 776 2102 conf.
792 2082 862 2111 sup.
879 2070 936 2100 lib.
956 2070 1003 2098 111
1015 2090 1023 2104 ‚
1051 2067 1112 2097 183
1132 2077 1200 2106 sqq.
1215 2081 1261 2087 —

691 2119 745 2159 69.
760 2116 865 2146 Ventis
874 2128 886 2151 ,·
903 2114 1067 2158 ῥητορικῶς
1083 2113 1122 2143 de
1137 2113 1262 2153 naviga-

690 2166 776 2196 tione
791 2165 825 2194 in
836 2162 964 2201 Tiberi,
983 2170 1045 2202 qua
1062 2157 1243 2190 Evandrum
1254 2178 1261 2188 ,
