1414 2435
161 64 227 99 264

666 64 861 95 AENEIDOS

158 121 322 168 Detulit·,
338 121 412 158 hoc
428 121 555 158 fusum
567 120 685 159 labris
701 121 989 172 splendentibus
1005 133 1153 160 amnem

158 183 299 230 Inficit‚
322 183 469 220 occulte
488 182 702 230 medicans;
721 184 942 235 spargitque
963 181 1125 220 salubris

158 243 372 281 Ambrosiae
391 256 525 282 succos
537 273 548 291 ‚
569 253 607 282 et
626 244 859 282 odoriferam
880 256 1097 295 panaceam.

156 304 267 341 Fovit
284 317 328 341 ea
349 305 482 342 volnus
502 304 658 355 lympha
677 305 872 355 longaevus
891 303 994 354 Iapis
1314 314 1363 341 ἀπο

156 366 361 413 Ignorans3
380 364 587 415 subitoque
607 365 730 403 omnis
751 366 799 402 de
819 377 982 415 corpore
997 364 1094 414 fugit

156 424 309 475 Quippe
328 424 459 471 dolor;
483 426 606 463 omnis
623 426 727 463 stetit
745 425 823 462 imo
842 426 1000 461 volnere
1016 423 1180 473 sanguis.

153 486 313 534 Jamque
331 494 460 521 secuta
476 499 631 521 manum
643 513 653 531 ,
670 485 776 522 nullo
793 492 972 533 cogente,
987 483 1123 533 sagitta

153 545 322 593 Excidit,
344 555 458 596 atque
477 558 587 583 novae
603 545 754 582 rediere
774 545 813 581 in
833 544 994 595 pristina
1006 545 1120 581 vires.

153 622 167 637 u
188 609 306 643 Arma
326 607 392 645 citi
409 615 614 658 properate
632 606 736 643 viro!
753 604 847 655 quid
867 606 1000 642 statis?
1020 604 1124 655 Iapis
1312 613 1361 643 ,εις

154 667 393 715 Conclamat,
410 669 634 719 primusque
650 667 795 705 animos
815 666 992 704 adcendit
1007 666 1047 702 in
1061 666 1228 711 hostem,

152 729 239 763 Non
259 728 341 765 haec
361 728 538 766 humanis
558 728 719 778 opibus,
740 742 818 765 non
835 736 917 765 arte
934 728 1132 778 magistra,

151 790 404 836 Proveniunt3
420 803 545 840 neque
562 799 618 836 te,
637 791 775 835 AEnea,
794 803 878 826 mea
892 790 1049 826 dextera
1068 795 1213 833 servat3

150 851 277 901 Major
297 851 374 901 agit
394 851 487 888 deus
499 879 509 897 ,
527 858 641 900 atque
658 862 777 900 opera
792 849 840 886 ad
859 850 1005 899 majora
1023 849 1191 886 remittit.
1210 866 1224 881 n

151 912 220 949 Ille
238 912 372 949 avidus
389 924 527 961 pugnae
548 923 654 948 suras
669 911 874 947 incluserat
888 923 983 947 auro
1309 919 1357 948 430

151 972 252 1009 Hinc
270 979 383 1022 atque
401 971 509 1017 hinc,
530 971 688 1020 oditque
704 983 848 1016 moras,
869 969 1093 1019 hastamque
1113 977 1298 1006 coruscat.

151 1033 357 1082 Postquam
376 1030 516 1068 habilis
535 1031 645 1068 lateri
665 1031 838 1080 clypeus,
856 1029 1052 1080 loricaque
1072 1037 1178 1080 tergo
1199 1039 1271 1072 est;

149 1093 354 1130 Ascanium
375 1092 467 1129 fusis
487 1091 631 1130 circum
651 1090 905 1142 conplectitur
925 1091 1061 1136 armis,

150 1155 382 1202 Summaque
403 1165 472 1202 per
492 1153 637 1203 galeam
658 1151 828 1190 delibans
845 1151 973 1188 oscula
994 1150 1095 1188 fatur
1113 1166 1120 1188 :

149 1316 232 1347 hanc
247 1323 340 1359 poeta
356 1329 370 1347 a
381 1319 507 1348 Venere
521 1317 645 1348 allatam
656 1328 725 1348 nar-

149 1371 216 1397 rat:
247 1375 319 1405 quae
350 1375 483 1395 succum
518 1375 703 1406 expressum
715 1388 723 1401 ‚

148 1411 306 1441 ambrosia
336 1418 368 1441 et
394 1422 532 1453 panacea
563 1411 704 1441 admixta
715 1433 722 1447 ‚

147 1458 226 1487 clam
253 1457 468 1496 adstantibus,
496 1468 587 1499 aquae
618 1458 724 1488 infun-

146 1503 211 1540 dit,
236 1515 300 1544 qna
325 1505 408 1545 Iapis
432 1505 551 1534 vulnus
567 1505 724 1546 absterget

146 1561 182 1579 ac
200 1550 295 1580 fovet.
317 1552 451 1581 Ornavit
472 1557 565 1591 poeta
579 1551 721 1592 singula,

146 1602 260 1637 utpote
277 1597 310 1626 in
335 1607 368 1626 re
388 1597 525 1626 mirabili
540 1606 548 1626 ε
568 1608 628 1637 pro
643 1607 722 1637 aqua

147 1652 277 1672 amnem
288 1665 298 1678 ‚
317 1653 377 1683 pro
392 1654 464 1673 vase
479 1643 602 1672 labrum
619 1643 723 1683 splen-

146 1689 225 1719 dens
241 1699 317 1727 aere,
334 1699 390 1719 seu
406 1689 558 1726 lebetem,
577 1700 637 1730 pro
654 1691 722 1719 mis-

146 1746 216 1766 cere
232 1735 362 1779 itficere
379 1737 471 1777 ponit
482 1758 489 1770 .
504 1743 534 1766 et
549 1737 596 1766 sic
612 1747 720 1777 porro.

145 1800 191 1806 —-
209 1789 285 1823 419.
304 1782 485 1813 Ambrosia·
505 1793 636 1821 succus,
660 1794 721 1825 qua

145 1829 189 1859 «lii
213 1837 369 1868 utuntur,
387 1841 447 1871 pro
466 1837 633 1871 unguento
657 1837 719 1867 est,

146 1876 234 1917 quod
255 1876 372 1907 vulnus
396 1877 478 1907 levat
503 1884 534 1907 et
552 1877 642 1907 lenit.
660 1880 722 1908 Pa-

148 1934 250 1953 nacea
261 1947 269 1958 ,
286 1922 461 1960 ποινάκεια,
477 1931 522 1954 est
536 1924 620 1954 inter
635 1924 722 1955 fabu-

147 1970 229 2000 losos
247 1981 359 2001 succos
381 1972 445 2009 jam
470 1982 520 2012 ap.
542 1971 665 2002 Gallim.
688 1973 721 2001 iu

147 2017 255 2057 Apoll.
282 2023 332 2053 [00.
347 2035 394 2041 —
411 2024 473 2054 4²¹
489 2042 497 2053 ,
525 2023 601 2053 422.
627 2019 721 2049 Com-

146 2070 257 2102 parnnt
271 2064 411 2101 lliadst,
429 2066 512 2099 528,
531 2065 607 2105 529.
629 2065 722 2106 Quip—

144 2119 202 2148 pe.
225 2121 283 2150 pro
301 2113 427 2151 utiquc,
444 2109 484 2145 ’Ῡή
496 2134 504 2147 ,
522 2119 558 2141 nt
577 2112 651 2141 alias
666 2112 722 2142 sci-

147 2155 229 2186 licet.
246 2157 379 2187 Rediere
392 2159 422 2187 ίη
434 2158 570 2199 pristina
581 2181 588 2193 ,
601 2160 633 2188 in
645 2160 721 2199 pris-

147 2203 248 2233 tinum
259 2225 266 2236 .
290 2203 368 2233 vires
379 2227 386 2237 .
406 2206 559 2235 restituta.-
571 2212 656 2235 snut.

829 1318 906 1355 425.
925 1316 1357 1360 Exclamatiom'srepentinae

780 1366 845 1395 vim
866 1366 957 1396 facile
976 1367 1084 1397 sentis.
1101 1366 1274 1407 Egregium
1285 1375 1357 1396 nar-

779 1414 879 1443 rantis
905 1412 968 1443 hoc
991 1411 1177 1444 artificium.
1202 1430 1250 1436 --
1275 1412 1353 1449 4²8·

779 1459 989 1494 Proveniant,
1011 1470 1072 1500 pro
1094 1459 1236 1501 vulgari,
1253 1458 1354 1496 fiunt,

779 1507 943 1536 eveniunt.
972 1522 1020 1529 ——
1050 1512 1129 1545 429·
1159 1505 1255 1547 Agit,
1286 1515 1353 1536 non

778 1553 901 1592 accipio
917 1562 990 1581 cum
1007 1553 1137 1587 Servio,
1160 1551 1296 1592 Apollo,
1313 1552 1355 1581 fa-

777 1599 821 1627 cit
837 1598 921 1634 haec,
938 1607 1012 1627 nam
1031 1597 1064 1627 id
1081 1604 1191 1634 tenne;
1210 1597 1262 1628 sed
1278 1608 1354 1641 προ-

777 1643 914 1687 πέμπει,
939 1645 1038 1674 mittit
1063 1644 1102 1674 ad
1126 1651 1252 1686 pactam
1275 1656 1354 1686 pug-

777 1701 849 1721 nam
861 1714 869 1728 ‚
891 1692 1045 1727 concitat,
1064 1691 1151 1721 idem
1169 1691 1258 1733 quod
1276 1702 1353 1723 mox

776 1737 917 1768 remittit.
934 1755 982 1761 —-
999 1739 1076 1774 430.
1092 1739 1176 1769 Mira
1193 1738 1352 1770 festinatio

775 1786 869 1814 etiam
883 1785 917 1814 in
938 1787 1051 1822 AEnea,
1068 1792 1100 1816 et
1113 1785 1264 1826 praeclare
1277 1793 1352 1816 tem-

776 1842 835 1873 pus
862 1833 1059 1873 praeteritum
1077 1841 1085 1862 :
1104 1832 1288 1863 incluserat.
1305 1849 1350 1855 —

779 1879 856 1915 432.
884 1880 945 1909 Est
962 1878 1079 1908 habilis
1102 1877 1210 1914 lateri,
1233 1875 1346 1922 ἄρηρε.

778 1920 810 1955 εὗ
840 1923 951 1969 ἀρηρός
965 1922 1058 1967 (ἐς-ἰν)
1078 1922 1216 1967 ἦρμοςο,
1233 1925 1300 1961 vel,
1314 1935 1351 1957 ut

776 1971 867 2003 Iliad.
887 1983 919 2016 γ,
941 1973 1025 2009 332,
1050 1971 1133 2007 333.
1158 1971 1274 2002 thorax
1297 1972 1349 2016 ἧρ-

776 2029 851 2062 μοσε
868 2015 898 2049 δ’
917 2018 1021 2060 αὐτῷ;
1041 2017 1120 2047 sedit
1140 2018 1173 2047 in
1196 2029 1350 2060 corpore,

776 2065 937 2107 adaptata,
959 2064 1073 2094 habilis
1089 2063 1211 2095 reddita
1230 2073 1276 2096 est
1300 2066 1346 2098 lo-

775 2113 841 2142 rica
864 2112 992 2153 corpori
1015 2120 1023 2142 :
1045 2109 1160 2141 habilis
1181 2111 1275 2143 hasta
1296 2123 1349 2144 su-

775 2169 831 2199 pra
848 2158 924 2196 fuit,
941 2168 1010 2198 quae
1031 2168 1128 2187 manu
1146 2159 1235 2190 facile
1249 2159 1346 2190 habe-

775 2206 820 2241 ri,
835 2206 980 2241 tractari,
997 2211 1118 2246 potest:
1139 2205 1257 2243 lorica,
1275 2216 1348 2247 quae
