1414 2435
569 82 693 112 LIBER
716 83 759 112 X.

1202 96 1259 114 111

65 139 227 176 Lumina
247 138 383 184 volvit,
407 136 564 186 obitque
585 137 683 174 truci
703 139 837 187 procul
856 141 983 178 omnia
1001 141 1087 179 visu
1111 155 1119 175 ;

8 190 16 197 ,
67 199 222 236 Talibus
241 208 278 236 et
296 198 405 235 dictis
425 198 454 235 it
474 206 604 234 contra
623 198 724 235 dicta
740 200 890 248 tyranni
912 216 919 235 :

70 278 84 293 «
106 263 184 297 Aut
202 259 331 309 spoliis
351 271 421 308 ego
435 259 513 309 jam
533 260 651 309 raptis
671 258 857 296 laudabor
877 261 1031 310 opimis,

69 325 147 358 Aut
167 321 242 357 leto
260 320 397 369 insigni
419 335 426 355 :
445 320 539 357 sorti
557 329 668 369 pater
687 333 817 369 aequus
837 321 990 371 utrique
1011 331 1076 359 est.

1222 332 1270 360 450

69 380 175 417 Tolle
194 380 312 417 minas
335 395 343 415 :
362 396 377 412 »
398 379 514 426 fatus,
535 380 702 416 medium
722 380 895 429 procedit
915 381 951 417 in
971 394 1112 431 aequor.

68 439 244 489 Frigidus
261 439 475 476 Arcadibus
497 440 573 476 coit
592 439 630 475 in
650 440 862 488 praecordia
882 441 1045 490 sanguis.

69 500 231 536 Desiluit
248 502 398 536 Turnus
413 499 571 549 bijugis;
592 499 707 548 pedes
724 498 884 549 adparat
900 500 955 536 ire

70 559 301 596 Comminus.
322 561 451 608 thue
470 559 548 605 leo,
567 559 720 608 specula
739 572 857 608 quum
876 559 973 596 vidit
997 559 1044 596 ab
1065 560 1139 597 alta

71 622 180 656 Stare
201 619 335 668 procul
355 619 496 668 campis
515 620 759 656 meditantem
777 620 816 656 in
835 621 968 670 praelia
988 630 1157 666 taurum,
1222 629 1272 658 45⁵

70 678 234 715 Advolat
254 692 260 713 :
281 678 384 715 haud
402 679 474 715 alia
494 687 549 716 est
568 679 688 715 Turni
706 679 891 716 venientis
913 680 1051 729 imago,

71 741 183 775 Hunc
202 739 269 775 ubi
289 739 508 788 contiguum
528 739 649 775 missae
669 739 751 775 fore
772 739 934 776 credidit
953 739 1089 785 hastae,

73 801 135 834 Ire
156 799 263 847 prior
280 799 418 843 Pallas,
438 798 469 835 si
487 811 563 847 qua
583 798 660 835 fors
682 797 834 848 adjuvet
853 812 989 835 ausum

72 857 227 894 Viribus
246 857 461 907 inparibus,
479 870 734 907 magnumque
753 857 805 894 ita
826 858 873 894 ad
893 858 1033 894 aethera
1054 859 1154 894 fatur
1176 874 1184 893 :

73 935 88 951 «
109 920 181 954 Per
199 918 316 967 patris
337 918 564 968 hospitium,
585 927 622 955 ct
642 931 808 964 mensas,
829 931 922 967 quas
944 917 1089 954 advena
1111 918 1238 963 adisti,

72 982 126 1015 Te
145 992 302 1029 precor,
321 979 472 1024 Alcide,
490 979 621 1028 coeptis
641 977 858 1028 ingentibus
878 978 995 1015 adsis!
1226 988 1273 1016 451

75 1041 213 1075 Cernat
231 1039 409 1076 semineci
429 1038 502 1076 sibi
519 1051 579 1075 me
597 1051 732 1088 rapere
753 1052 858 1075 arma
877 1046 1056 1085 cruenta,

77 1182 280 1214 etex-‘4432
306 1177 425 1208 Omnia
457 1176 541 1206 dixit
570 1188 649 1217 pro,

77 1231 175 1254 totum
207 1225 366 1253 Turnum.
383 1239 429 1245 —-
455 1228 521 1262 449
533 1245 542 1259 ,
572 1224 649 1258 [450.

78 1270 230 1301 Ornatius
259 1279 355 1308 quam
384 1269 591 1298 Homericum
611 1268 648 1298 Il.

78 1328 120 1357 χ,
141 1316 204 1345 253
231 1312 328 1356 ἕλοιμὶ
351 1314 413 1344 κεν’
433 1312 453 1344 ἦ
473 1323 524 1343 κεν
545 1311 650 1346 ἁλσί-ην

81 1363 135 1402 (h.
150 1359 253 1403 ἁλῴην
265 1360 288 1401 ),
305 1361 497 1391 Sententiam
514 1358 590 1389 alibi
605 1360 653 1389 in-

78 1408 259 1438 terval-iavit
277 1409 457 1437 Homerus:
480 1406 550 1436 loca
578 1406 651 1436 Cer-

80 1454 119 1483 da
144 1453 282 1494 collegit.
306 1452 492 1482 Macrobius
507 1452 564 1481 lib.
584 1453 650 1489 VI,

84 1511 96 1530 1
111 1523 119 1537 ‚
138 1511 170 1540 p.
189 1500 253 1539 579
266 1498 315 1529 ed.
330 1500 415 1539 Lips.
437 1509 477 1528 ex
491 1499 573 1528 Attii
588 1499 650 1527 Ar—

79 1556 208 1576 morum
221 1545 344 1584 judicio
358 1545 492 1574 ductum
507 1555 571 1574 esse
582 1555 651 1573 ver-

79 1603 151 1622 sum
166 1591 248 1621 dixit
264 1601 272 1621 z
291 1593 380 1622 Nam
400 1598 552 1631 tropa‘um
560 1590 652 1632 serre

81 1649 131 1667 me
145 1648 166 1666 α
168 1637 256 1678 forti
274 1637 346 1667 viro
359 1637 529 1678 pulchrum
544 1645 610 1673 (επ,-
626 1636 654 1666 si

81 1691 188 1713 autem
219 1691 251 1712 et
277 1682 413 1719 vincar,
436 1682 530 1712 'vinci
553 1694 574 1712 a
593 1683 655 1713 eali

80 1729 201 1759 nullum
217 1729 433 1769 estprobrum.
441 1746 487 1751 --
496 1734 512 1764 l,
520 1729 572 1759 50.
585 1730 658 1770 Sor-v

80 1776 107 1806 ci
118 1783 217 1816 pater
230 1786 340 1816 oequus
363 1775 504 1815 utrique,
527 1774 594 1804 scil.
611 1775 654 1803 fe-

80 1822 188 1852 rendae
216 1832 273 1863 par
301 1828 347 1852 est
376 1830 382 1851 :
416 1822 442 1850 is
472 1828 518 1850 est
544 1827 652 1860 pater,

82 1870 139 1909 qui
161 1875 329 1908 utramque
346 1867 506 1897 fortunam
518 1889 526 1903 ‚
546 1873 577 1896 et
592 1867 656 1896 vic-

83 1916 172 1945 toriae
193 1922 223 1945 et
250 1915 363 1944 mortis
387 1914 546 1954 gloriosae,
563 1923 655 1952 aequo

85 1963 191 1992 animo
211 1961 307 1998 ferat,
328 1967 363 1989 ut
388 1961 452 1989 fere
478 1962 564 1990 Serv,
592 1961 653 1989 Re-

84 2009 177 2048 spicit
199 2008 284 2037 enim
309 2006 347 2036 ad
369 2006 466 2035 rerba
482 2006 585 2036 Turni
609 2016 653 2034 vs.

87 2055 150 2090 443
168 2064 312 2094 cuperem
323 2053 389 2093 ipse
398 2063 521 2093 parens
534 2059 656 2092 specta-

85 2107 136 2130 tor
151 2100 421 2135 adessem-453.
443 2097 596 2134 Desiluit,
618 2104 655 2127 ut

85 2156 142 2186 par
151 2147 221 2186 pari
231 2146 476 2187 congrederetur
493 2155 499 2176 ε
512 2147 554 2175 ita
572 2145 656 2174 euim

83 2192 221 2229 heroicae
246 2194 320 2222 vitae
349 2193 403 2222 lex
432 2191 503 2222 fert.
518 2209 563 2214 -—
579 2191 656 2226 [054.

706 1177 964 1216 Comparatioues
993 1187 1010 1206 a
1044 1177 1136 1206 leone
1165 1184 1276 1207 sumtae

704 1223 814 1251 muliae
835 1223 952 1252 similes
965 1230 1040 1252 sunt
1055 1223 1141 1262 apud
1157 1224 1276 1252 Home-

704 1278 786 1297 rum.
801 1268 842 1297 cf.
859 1268 918 1298 inf.
936 1267 974 1297 ad
990 1279 1020 1298 v.
1034 1278 1116 1307 729,
1131 1275 1162 1298 et
1177 1268 1277 1298 Cerda

705 1313 745 1342 ad
761 1313 793 1342 h.
810 1313 832 1342 1.
846 1324 853 1349 ;
876 1313 930 1342 sed
955 1323 1076 1342 novum
1092 1314 1127 1342 in
1143 1315 1277 1343 Marone

704 1359 782 1394 hoc,
806 1358 891 1398 quod
912 1370 933 1388 a
952 1359 1081 1398 specula
1103 1358 1135 1389 h.
1161 1361 1278 1389 montis

705 1406 824 1434 vertice
835 1427 844 1441 ,
873 1404 907 1434 ἐκ
935 1404 1067 1439 σκῡπιᾶς
1078 1427 1086 1442 ,
1102 1406 1276 1445 prospicit,

705 1459 736 1481 et
752 1451 839 1491 quod
868 1458 994 1480 taurum
1013 1451 1099 1480 videt
1121 1451 1279 1481 meditan-

705 1505 766 1527 tem
787 1497 819 1526 in
840 1497 960 1537 proelia
976 1497 1029 1539 (h.
1056 1505 1276 1534 exercentem,

704 1550 867 1584 parantem
889 1554 921 1573 se
948 1543 986 1572 ad
1004 1554 1163 1585 pugnam,
1187 1554 1219 1573 v.
1249 1554 1277 1573 c.

706 1589 881 1630 spargendo
907 1599 1033 1619 arenam
1057 1590 1157 1630 pede,
1177 1590 1278 1619 ictum

707 1647 809 1666 cornu
826 1634 1012 1675 minando).
1029 1637 1224 1666 Imitatorem
1236 1637 1280 1666 si-

706 1683 786 1712 ]ium
807 1683 890 1712 conf.
907 1683 963 1713 lib.
981 1684 1023 1719 V,
1051 1684 1116 1722 309
1131 1699 1178 1704 —-
1194 1683 1280 1719 315;

708 1730 842 1759 Statium
863 1730 927 1758 VII
949 1728 1051 1758 Theb.
1073 1729 1139 1766 670
1154 1738 1281 1767 sqq.—

710 1775 792 1812 457,
815 1775 891 1809 458.
909 1774 974 1804 Ubi
992 1775 1074 1802 iutra
1094 1773 1147 1802 teli
1158 1774 1280 1810 jactum

708 1821 830 1849 venisse
849 1822 997 1849 Turnum
1023 1818 1124 1855 videt,
1143 1829 1282 1860 praever-

709 1874 774 1895 tere
794 1872 825 1895 et
838 1875 997 1905 occupare
1013 1864 1151 1894 decrevit
1161 1865 1279 1901 Pallas3

711 1913 736 1941 si
759 1922 822 1952 qua
852 1912 974 1940 ratione
999 1910 1128 1941 fortuna
1153 1910 1282 1949 adjuvet

709 1969 740 1988 se
758 1968 765 1988 :
784 1968 843 1997 pro
866 1968 899 1986 se
915 1957 997 1986 dixit
1018 1966 1129 1986 ausum
1149 1956 1280 1997 impari—

708 2005 764 2034 bus
782 2002 913 2033 viribus.

759 2050 834 2086 460.
851 2051 898 2079 De
914 2049 976 2079 hoc
992 2058 1063 2088 sup.
1078 2049 1179 2085 VIII,
1197 2048 1260 2078 362
1273 2073 1280 2085 ,

713 2096 906 2130 363.-462
921 2118 929 2133 ,
959 2095 1036 2131 463.
1057 2096 1187 2124 Ornate.
1214 2094 1282 2124 Cer-

711 2151 769 2172 nat
792 2144 913 2172 Turnus
927 2152 958 2171 se
976 2139 1125 2182 spoliari,
1141 2148 1172 2170 et
1187 2141 1280 2177 ferat,

711 2190 881 2226 sustineat,
905 2187 1014 2218 widere
1045 2197 1094 2217 me
1119 2188 1280 2218 victorem.
