<?xml version="1.0" encoding="UTF-8"?>
<!DOCTYPE html PUBLIC "-//W3C//DTD XHTML 1.0 Transitional//EN"
    "http://www.w3.org/TR/xhtml1/DTD/xhtml1-transitional.dtd">
<html xmlns="http://www.w3.org/1999/xhtml" xml:lang="en" lang="en">
 <head>
  <title>
</title>
<meta http-equiv="Content-Type" content="text/html;charset=utf-8" />
  <meta name='ocr-system' content='tesseract 3.04.00' />
  <meta name='ocr-capabilities' content='ocr_page ocr_carea ocr_par ocr_line ocrx_word'/>
</head>
<body>
  <div class='ocr_page' id='page_1' title='image "./operahey04virguoft_0018.png"; bbox 0 0 1414 2435; ppageno 0'>
   <div class='ocr_carea' id='block_1_1' title="bbox 47 90 1244 378">
    <p class='ocr_par' dir='ltr' id='par_1_1' title="bbox 51 90 740 124">
     <span class='ocr_line' id='line_1_1' title="bbox 51 90 740 124; baseline -0.007 4"><span class='ocrx_word' id='word_1_1' title='bbox 51 90 69 117; x_wconf 84' lang='lat'>8</span> <span class='ocrx_word' id='word_1_2' title='bbox 548 93 740 124; x_wconf 68' lang='lat' dir='ltr'>ffimzmos</span> 
     </span>
    </p>

    <p class='ocr_par' dir='ltr' id='par_1_2' title="bbox 47 149 1112 318">
     <span class='ocr_line' id='line_1_2' title="bbox 103 149 1112 196; baseline 0.003 -12"><span class='ocrx_word' id='word_1_3' title='bbox 103 149 198 193; x_wconf 87' lang='lat' dir='ltr'>Quis</span> <span class='ocrx_word' id='word_1_4' title='bbox 215 151 335 196; x_wconf 89' lang='lat' dir='ltr'>Deus,</span> <span class='ocrx_word' id='word_1_5' title='bbox 355 163 378 187; x_wconf 94' lang='lat' dir='ltr'>o</span> <span class='ocrx_word' id='word_1_6' title='bbox 398 152 536 196; x_wconf 85' lang='lat' dir='ltr'>Musae,</span> <span class='ocrx_word' id='word_1_7' title='bbox 552 160 628 187; x_wconf 85' lang='lat' dir='ltr'>tam</span> <span class='ocrx_word' id='word_1_8' title='bbox 647 163 745 187; x_wconf 88' lang='lat' dir='ltr'>saeva</span> <span class='ocrx_word' id='word_1_9' title='bbox 763 149 936 187; x_wconf 82' lang='lat' dir='ltr'>incendia</span> <span class='ocrx_word' id='word_1_10' title='bbox 955 151 1112 188; x_wconf 87' lang='lat' dir='ltr'>Teucris</span> 
     </span>
     <span class='ocr_line' id='line_1_3' title="bbox 47 207 932 259; baseline 0.006 -18"><span class='ocrx_word' id='word_1_11' title='bbox 47 207 222 243; x_wconf 78' lang='lat' dir='ltr'>Avertit?</span> <span class='ocrx_word' id='word_1_12' title='bbox 238 216 359 245; x_wconf 81' lang='lat' dir='ltr'>tantos</span> <span class='ocrx_word' id='word_1_13' title='bbox 379 208 524 247; x_wconf 81' lang='lat' dir='ltr'>ratibus</span> <span class='ocrx_word' id='word_1_14' title='bbox 540 210 624 259; x_wconf 87' lang='lat' dir='ltr'>quis</span> <span class='ocrx_word' id='word_1_15' title='bbox 641 209 786 259; x_wconf 85' lang='lat' dir='ltr'><strong>depulit</strong></span> <span class='ocrx_word' id='word_1_16' title='bbox 801 209 932 258; x_wconf 85' lang='lat' dir='ltr'>ignes?</span> 
     </span>
     <span class='ocr_line' id='line_1_4' title="bbox 48 266 1000 318; baseline 0.002 -16"><span class='ocrx_word' id='word_1_17' title='bbox 48 266 172 304; x_wconf 83' lang='lat' dir='ltr'>Dicite</span> <span class='ocrx_word' id='word_1_18' title='bbox 190 282 198 303; x_wconf 73' lang='grc' dir='ltr'>ε</span> <span class='ocrx_word' id='word_1_19' title='bbox 218 269 342 318; x_wconf 83' lang='lat' dir='ltr'>prisca</span> <span class='ocrx_word' id='word_1_20' title='bbox 360 269 451 306; x_wconf 84' lang='lat' dir='ltr'>fides</span> <span class='ocrx_word' id='word_1_21' title='bbox 472 270 589 315; x_wconf 86' lang='lat' dir='ltr'>facto,</span> <span class='ocrx_word' id='word_1_22' title='bbox 609 269 675 306; x_wconf 89' lang='lat' dir='ltr'>sed</span> <span class='ocrx_word' id='word_1_23' title='bbox 696 269 794 305; x_wconf 86' lang='lat' dir='ltr'>fama</span> <span class='ocrx_word' id='word_1_24' title='bbox 812 270 1000 318; x_wconf 87' lang='lat' dir='ltr'>perennis.</span> 
     </span>
    </p>

    <p class='ocr_par' dir='ltr' id='par_1_3' title="bbox 101 327 1244 378">
     <span class='ocr_line' id='line_1_5' title="bbox 101 327 1244 378; baseline 0 -16"><span class='ocrx_word' id='word_1_25' title='bbox 101 329 289 376; x_wconf 84' lang='lat' dir='ltr'>Tempore</span> <span class='ocrx_word' id='word_1_26' title='bbox 307 341 384 378; x_wconf 88' lang='lat' dir='ltr'>quo</span> <span class='ocrx_word' id='word_1_27' title='bbox 402 328 566 377; x_wconf 82' lang='lat' dir='ltr'>primum</span> <span class='ocrx_word' id='word_1_28' title='bbox 582 328 745 378; x_wconf 82' lang='lat' dir='ltr'>Phrygia</span> <span class='ocrx_word' id='word_1_29' title='bbox 765 327 953 364; x_wconf 80' lang='lat' dir='ltr'>formabat</span> <span class='ocrx_word' id='word_1_30' title='bbox 971 329 1010 364; x_wconf 90' lang='lat' dir='ltr'>in</span> <span class='ocrx_word' id='word_1_31' title='bbox 1032 328 1098 364; x_wconf 84' lang='lat' dir='ltr'>Ida</span> <span class='ocrx_word' id='word_1_32' title='bbox 1213 338 1244 361; x_wconf 80' lang='lat'>80</span> 
     </span>
    </p>
   </div>
   <div class='ocr_carea' id='block_1_2' title="bbox 41 449 620 2240">
    <p class='ocr_par' dir='ltr' id='par_1_4' title="bbox 45 449 619 572">
     <span class='ocr_line' id='line_1_6' title="bbox 47 449 619 490; baseline 0.005 -13"><span class='ocrx_word' id='word_1_33' title='bbox 47 449 178 478; x_wconf 71' lang='lat' dir='ltr'>Haerent</span> <span class='ocrx_word' id='word_1_34' title='bbox 190 450 293 490; x_wconf 87' lang='lat' dir='ltr'>intpp.</span> <span class='ocrx_word' id='word_1_35' title='bbox 311 460 384 480; x_wconf 89' lang='lat' dir='ltr'>cum</span> <span class='ocrx_word' id='word_1_36' title='bbox 403 451 523 481; x_wconf 85' lang='lat' dir='ltr'>Servio.</span> <span class='ocrx_word' id='word_1_37' title='bbox 543 452 619 480; x_wconf 82' lang='lat' dir='ltr'>Bur-</span> 
     </span>
     <span class='ocr_line' id='line_1_7' title="bbox 45 496 619 535; baseline 0.003 -12"><span class='ocrx_word' id='word_1_38' title='bbox 45 504 180 524; x_wconf 86' lang='lat' dir='ltr'><strong>mannus</strong></span> <span class='ocrx_word' id='word_1_39' title='bbox 196 496 283 525; x_wconf 82' lang='lat' dir='ltr'>focos</span> <span class='ocrx_word' id='word_1_40' title='bbox 301 498 470 535; x_wconf 73' lang='lat' dir='ltr'>agrestium</span> <span class='ocrx_word' id='word_1_41' title='bbox 491 498 525 525; x_wconf 88' lang='lat' dir='ltr'>in</span> <span class='ocrx_word' id='word_1_42' title='bbox 541 497 619 526; x_wconf 81' lang='lat' dir='ltr'>vicis</span> 
     </span>
     <span class='ocr_line' id='line_1_8' title="bbox 45 541 478 572; baseline 0.007 -3"><span class='ocrx_word' id='word_1_43' title='bbox 45 541 280 570; x_wconf 83' lang='lat' dir='ltr'>circumvicinis</span> <span class='ocrx_word' id='word_1_44' title='bbox 293 541 478 572; x_wconf 83' lang='lat' dir='ltr'>advocabat.</span> 
     </span>
    </p>

    <p class='ocr_par' dir='ltr' id='par_1_5' title="bbox 41 587 620 2240">
     <span class='ocr_line' id='line_1_9' title="bbox 94 587 617 628; baseline 0.002 -12"><span class='ocrx_word' id='word_1_45' title='bbox 94 597 132 624; x_wconf 91' lang='lat'>77</span> <span class='ocrx_word' id='word_1_46' title='bbox 155 597 222 627; x_wconf 88' lang='lat' dir='ltr'>sqq.</span> <span class='ocrx_word' id='word_1_47' title='bbox 239 587 408 625; x_wconf 81' lang='lat' dir='ltr'>Fabulam,</span> <span class='ocrx_word' id='word_1_48' title='bbox 431 598 502 628; x_wconf 83' lang='lat' dir='ltr'>quae</span> <span class='ocrx_word' id='word_1_49' title='bbox 516 588 617 627; x_wconf 87' lang='lat' dir='ltr'>sequi-</span> 
     </span>
     <span class='ocr_line' id='line_1_10' title="bbox 46 632 617 673; baseline 0.005 -13"><span class='ocrx_word' id='word_1_50' title='bbox 46 638 117 669; x_wconf 89' lang='lat' dir='ltr'>tur,</span> <span class='ocrx_word' id='word_1_51' title='bbox 148 632 187 662; x_wconf 89' lang='lat' dir='ltr'>de</span> <span class='ocrx_word' id='word_1_52' title='bbox 217 633 352 663; x_wconf 88' lang='lat' dir='ltr'>navibus</span> <span class='ocrx_word' id='word_1_53' title='bbox 385 635 420 663; x_wconf 89' lang='lat' dir='ltr'>in</span> <span class='ocrx_word' id='word_1_54' title='bbox 453 633 617 673; x_wconf 83' lang='lat' dir='ltr'><strong>Nymphas</strong></span> 
     </span>
     <span class='ocr_line' id='line_1_11' title="bbox 44 678 617 718; baseline 0.005 -12"><span class='ocrx_word' id='word_1_55' title='bbox 44 678 173 708; x_wconf 88' lang='lat' dir='ltr'>mutatis</span> <span class='ocrx_word' id='word_1_56' title='bbox 184 700 192 715; x_wconf 96' lang='lat'>,</span> <span class='ocrx_word' id='word_1_57' title='bbox 213 684 364 718; x_wconf 87' lang='lat' dir='ltr'>tanquam</span> <span class='ocrx_word' id='word_1_58' title='bbox 381 678 550 709; x_wconf 85' lang='lat' dir='ltr'>absurdam</span> <span class='ocrx_word' id='word_1_59' title='bbox 561 702 570 717; x_wconf 95' lang='lat'>,</span> <span class='ocrx_word' id='word_1_60' title='bbox 586 686 617 709; x_wconf 90' lang='lat' dir='ltr'>et</span> 
     </span>
     <span class='ocr_line' id='line_1_12' title="bbox 44 724 618 767; baseline 0.005 -15"><span class='ocrx_word' id='word_1_61' title='bbox 44 724 134 763; x_wconf 89' lang='lat' dir='ltr'>epica</span> <span class='ocrx_word' id='word_1_62' title='bbox 158 725 307 765; x_wconf 81' lang='lat' dir='ltr'>gravitate</span> <span class='ocrx_word' id='word_1_63' title='bbox 328 725 491 767; x_wconf 86' lang='lat' dir='ltr'>indignam</span> <span class='ocrx_word' id='word_1_64' title='bbox 512 736 618 766; x_wconf 90' lang='lat' dir='ltr'>repre-</span> 
     </span>
     <span class='ocr_line' id='line_1_13' title="bbox 43 768 619 812; baseline 0.005 -14"><span class='ocrx_word' id='word_1_65' title='bbox 43 768 183 799; x_wconf 86' lang='lat' dir='ltr'>hendere</span> <span class='ocrx_word' id='word_1_66' title='bbox 195 771 228 799; x_wconf 92' lang='lat' dir='ltr'>in</span> <span class='ocrx_word' id='word_1_67' title='bbox 242 777 370 810; x_wconf 89' lang='lat' dir='ltr'>promtu</span> <span class='ocrx_word' id='word_1_68' title='bbox 391 778 457 802; x_wconf 85' lang='lat' dir='ltr'>est:</span> <span class='ocrx_word' id='word_1_69' title='bbox 473 778 503 801; x_wconf 83' lang='lat' dir='ltr'>et</span> <span class='ocrx_word' id='word_1_70' title='bbox 516 782 619 812; x_wconf 87' lang='lat' dir='ltr'>repre-</span> 
     </span>
     <span class='ocr_line' id='line_1_14' title="bbox 44 813 617 853; baseline 0.007 -9"><span class='ocrx_word' id='word_1_71' title='bbox 44 813 227 845; x_wconf 86' lang='lat' dir='ltr'>henderunt</span> <span class='ocrx_word' id='word_1_72' title='bbox 249 827 316 846; x_wconf 89' lang='lat' dir='ltr'>eam</span> <span class='ocrx_word' id='word_1_73' title='bbox 337 818 450 853; x_wconf 84' lang='lat' dir='ltr'>multi,</span> <span class='ocrx_word' id='word_1_74' title='bbox 479 819 576 852; x_wconf 80' lang='lat' dir='ltr'>etiam</span> <span class='ocrx_word' id='word_1_75' title='bbox 601 829 617 848; x_wconf 88' lang='lat' dir='ltr'>e</span> 
     </span>
     <span class='ocr_line' id='line_1_15' title="bbox 44 861 616 898; baseline 0.009 -9"><span class='ocrx_word' id='word_1_76' title='bbox 44 861 225 898; x_wconf 85' lang='lat' dir='ltr'>veteribus,</span> <span class='ocrx_word' id='word_1_77' title='bbox 249 869 286 891; x_wconf 87' lang='lat' dir='ltr'>ut</span> <span class='ocrx_word' id='word_1_78' title='bbox 302 873 318 892; x_wconf 89' lang='lat' dir='ltr'>e</span> <span class='ocrx_word' id='word_1_79' title='bbox 337 865 446 894; x_wconf 91' lang='lat' dir='ltr'>Servio</span> <span class='ocrx_word' id='word_1_80' title='bbox 461 863 501 893; x_wconf 86' lang='lat' dir='ltr'>ad</span> <span class='ocrx_word' id='word_1_81' title='bbox 521 875 552 894; x_wconf 90' lang='lat' dir='ltr'>v.</span> <span class='ocrx_word' id='word_1_82' title='bbox 574 864 616 894; x_wconf 81' lang='lat'>82</span> 
     </span>
     <span class='ocr_line' id='line_1_16' title="bbox 44 907 618 949; baseline 0.007 -13"><span class='ocrx_word' id='word_1_83' title='bbox 44 913 131 946; x_wconf 84' lang='lat' dir='ltr'>patet</span> <span class='ocrx_word' id='word_1_84' title='bbox 160 917 168 938; x_wconf 92' lang='lat'>:</span> <span class='ocrx_word' id='word_1_85' title='bbox 201 907 460 949; x_wconf 84' lang='lat' dir='ltr'>quandoquidem</span> <span class='ocrx_word' id='word_1_86' title='bbox 494 911 618 940; x_wconf 89' lang='lat' dir='ltr'>minore</span> 
     </span>
     <span class='ocr_line' id='line_1_17' title="bbox 44 951 619 996; baseline 0.009 -15"><span class='ocrx_word' id='word_1_87' title='bbox 44 951 107 982; x_wconf 89' lang='lat' dir='ltr'>hoc</span> <span class='ocrx_word' id='word_1_88' title='bbox 130 953 274 983; x_wconf 88' lang='lat' dir='ltr'>doctrina</span> <span class='ocrx_word' id='word_1_89' title='bbox 296 955 437 996; x_wconf 84' lang='lat' dir='ltr'>indiget,</span> <span class='ocrx_word' id='word_1_90' title='bbox 453 967 548 996; x_wconf 85' lang='lat' dir='ltr'>quam</span> <span class='ocrx_word' id='word_1_91' title='bbox 571 968 619 986; x_wconf 88' lang='lat' dir='ltr'>ar-</span> 
     </span>
     <span class='ocr_line' id='line_1_18' title="bbox 45 999 617 1038; baseline 0.01 -11"><span class='ocrx_word' id='word_1_92' title='bbox 45 1000 203 1038; x_wconf 83' lang='lat' dir='ltr'>gumentis</span> <span class='ocrx_word' id='word_1_93' title='bbox 220 999 343 1030; x_wconf 87' lang='lat' dir='ltr'>idoneis</span> <span class='ocrx_word' id='word_1_94' title='bbox 360 1012 427 1031; x_wconf 89' lang='lat' dir='ltr'>eam</span> <span class='ocrx_word' id='word_1_95' title='bbox 440 1001 617 1033; x_wconf 86' lang='lat' dir='ltr'>defendere.</span> 
     </span>
     <span class='ocr_line' id='line_1_19' title="bbox 44 1045 617 1085; baseline 0.007 -11"><span class='ocrx_word' id='word_1_96' title='bbox 44 1045 112 1075; x_wconf 90' lang='lat' dir='ltr'>Nec</span> <span class='ocrx_word' id='word_1_97' title='bbox 142 1055 201 1075; x_wconf 90' lang='lat' dir='ltr'>nos</span> <span class='ocrx_word' id='word_1_98' title='bbox 227 1045 426 1085; x_wconf 81' lang='lat' dir='ltr'>inficiamur,</span> <span class='ocrx_word' id='word_1_99' title='bbox 455 1059 471 1077; x_wconf 91' lang='lat' dir='ltr'>a</span> <span class='ocrx_word' id='word_1_100' title='bbox 502 1051 617 1079; x_wconf 88' lang='lat' dir='ltr'>nostris</span> 
     </span>
     <span class='ocr_line' id='line_1_20' title="bbox 43 1090 618 1133; baseline 0.01 -14"><span class='ocrx_word' id='word_1_101' title='bbox 43 1090 189 1121; x_wconf 87' lang='lat' dir='ltr'>sensibus</span> <span class='ocrx_word' id='word_1_102' title='bbox 211 1098 242 1121; x_wconf 88' lang='lat' dir='ltr'>et</span> <span class='ocrx_word' id='word_1_103' title='bbox 262 1093 532 1133; x_wconf 80' lang='lat' dir='ltr'>phantasmatibus</span> <span class='ocrx_word' id='word_1_104' title='bbox 551 1106 618 1125; x_wconf 90' lang='lat' dir='ltr'>eam</span> 
     </span>
     <span class='ocr_line' id='line_1_21' title="bbox 43 1137 617 1178; baseline 0.009 -13"><span class='ocrx_word' id='word_1_105' title='bbox 43 1137 178 1167; x_wconf 90' lang='lat' dir='ltr'>nimium</span> <span class='ocrx_word' id='word_1_106' title='bbox 192 1146 345 1178; x_wconf 84' lang='lat' dir='ltr'>quantum</span> <span class='ocrx_word' id='word_1_107' title='bbox 359 1140 538 1172; x_wconf 82' lang='lat' dir='ltr'>abhorrere.</span> <span class='ocrx_word' id='word_1_108' title='bbox 549 1143 617 1172; x_wconf 80' lang='lat' dir='ltr'>Nec</span> 
     </span>
     <span class='ocr_line' id='line_1_22' title="bbox 43 1185 617 1227; baseline 0.012 -17"><span class='ocrx_word' id='word_1_109' title='bbox 43 1193 119 1213; x_wconf 80' lang='lat' dir='ltr'>vero</span> <span class='ocrx_word' id='word_1_110' title='bbox 144 1185 236 1214; x_wconf 89' lang='lat' dir='ltr'>Maro</span> <span class='ocrx_word' id='word_1_111' title='bbox 259 1185 320 1215; x_wconf 90' lang='lat' dir='ltr'>hoc</span> <span class='ocrx_word' id='word_1_112' title='bbox 338 1196 405 1216; x_wconf 92' lang='lat' dir='ltr'>non</span> <span class='ocrx_word' id='word_1_113' title='bbox 428 1188 617 1227; x_wconf 82' lang='lat' dir='ltr'>persensisse</span> 
     </span>
     <span class='ocr_line' id='line_1_23' title="bbox 42 1229 616 1269; baseline 0.01 -12"><span class='ocrx_word' id='word_1_114' title='bbox 42 1235 74 1258; x_wconf 88' lang='lat' dir='ltr'>et</span> <span class='ocrx_word' id='word_1_115' title='bbox 96 1230 164 1269; x_wconf 89' lang='lat' dir='ltr'>ipse</span> <span class='ocrx_word' id='word_1_116' title='bbox 185 1229 287 1260; x_wconf 83' lang='lat' dir='ltr'>videri</span> <span class='ocrx_word' id='word_1_117' title='bbox 313 1231 417 1262; x_wconf 85' lang='lat' dir='ltr'>debet.</span> <span class='ocrx_word' id='word_1_118' title='bbox 440 1235 510 1263; x_wconf 86' lang='lat' dir='ltr'>Hoc</span> <span class='ocrx_word' id='word_1_119' title='bbox 531 1234 616 1263; x_wconf 88' lang='lat' dir='ltr'>enim</span> 
     </span>
     <span class='ocr_line' id='line_1_24' title="bbox 42 1278 617 1312; baseline 0.009 -8"><span class='ocrx_word' id='word_1_120' title='bbox 42 1282 108 1305; x_wconf 85' lang='lat' dir='ltr'>erat</span> <span class='ocrx_word' id='word_1_121' title='bbox 118 1298 126 1312; x_wconf 90' lang='lat'>‚</span> <span class='ocrx_word' id='word_1_122' title='bbox 145 1286 203 1305; x_wconf 89' lang='lat' dir='ltr'>cur</span> <span class='ocrx_word' id='word_1_123' title='bbox 216 1287 302 1307; x_wconf 90' lang='lat' dir='ltr'>novo</span> <span class='ocrx_word' id='word_1_124' title='bbox 320 1288 409 1308; x_wconf 91' lang='lat' dir='ltr'>more</span> <span class='ocrx_word' id='word_1_125' title='bbox 423 1278 543 1309; x_wconf 78' lang='lat' dir='ltr'>aditum</span> <span class='ocrx_word' id='word_1_126' title='bbox 556 1279 617 1310; x_wconf 89' lang='lat' dir='ltr'>sibi</span> 
     </span>
     <span class='ocr_line' id='line_1_25' title="bbox 43 1320 615 1365; baseline 0.01 -15"><span class='ocrx_word' id='word_1_127' title='bbox 43 1320 81 1350; x_wconf 89' lang='lat' dir='ltr'>ad</span> <span class='ocrx_word' id='word_1_128' title='bbox 101 1323 315 1352; x_wconf 76' lang='lat' dir='ltr'>narrationem</span> <span class='ocrx_word' id='word_1_129' title='bbox 339 1325 495 1359; x_wconf 59' lang='lat' dir='ltr'>munirem,</span> <span class='ocrx_word' id='word_1_130' title='bbox 515 1325 615 1365; x_wconf 89' lang='lat' dir='ltr'>Apol-</span> 
     </span>
     <span class='ocr_line' id='line_1_26' title="bbox 41 1367 612 1411; baseline 0.007 -13"><span class='ocrx_word' id='word_1_131' title='bbox 41 1367 121 1398; x_wconf 88' lang='lat' dir='ltr'>lonii</span> <span class='ocrx_word' id='word_1_132' title='bbox 143 1369 253 1408; x_wconf 85' lang='lat' dir='ltr'>utique</span> <span class='ocrx_word' id='word_1_133' title='bbox 275 1370 441 1411; x_wconf 83' lang='lat' dir='ltr'>exemplo,</span> <span class='ocrx_word' id='word_1_134' title='bbox 465 1371 522 1402; x_wconf 88' lang='lat' dir='ltr'>lib.</span> <span class='ocrx_word' id='word_1_135' title='bbox 548 1373 612 1408; x_wconf 90' lang='lat' dir='ltr'>IV,</span> 
     </span>
     <span class='ocr_line' id='line_1_27' title="bbox 47 1414 615 1457; baseline 0.007 -14"><span class='ocrx_word' id='word_1_136' title='bbox 47 1414 130 1444; x_wconf 82' lang='lat'>1381</span> <span class='ocrx_word' id='word_1_137' title='bbox 157 1425 225 1454; x_wconf 83' lang='lat' dir='ltr'>sqq.</span> <span class='ocrx_word' id='word_1_138' title='bbox 239 1437 247 1451; x_wconf 91' lang='lat'>,</span> <span class='ocrx_word' id='word_1_139' title='bbox 271 1415 328 1446; x_wconf 90' lang='lat' dir='ltr'>ubi</span> <span class='ocrx_word' id='word_1_140' title='bbox 349 1427 462 1447; x_wconf 82' lang='lat' dir='ltr'>navem</span> <span class='ocrx_word' id='word_1_141' title='bbox 483 1428 540 1457; x_wconf 88' lang='lat' dir='ltr'>per</span> <span class='ocrx_word' id='word_1_142' title='bbox 561 1417 615 1447; x_wconf 88' lang='lat' dir='ltr'>de-</span> 
     </span>
     <span class='ocr_line' id='line_1_28' title="bbox 41 1461 615 1504; baseline 0.009 -15"><span class='ocrx_word' id='word_1_143' title='bbox 41 1466 123 1489; x_wconf 88' lang='lat' dir='ltr'>serta</span> <span class='ocrx_word' id='word_1_144' title='bbox 141 1461 251 1501; x_wconf 75' lang='lat' dir='ltr'>Libyae</span> <span class='ocrx_word' id='word_1_145' title='bbox 269 1461 410 1492; x_wconf 86' lang='lat' dir='ltr'>humeris</span> <span class='ocrx_word' id='word_1_146' title='bbox 431 1465 615 1504; x_wconf 79' lang='lat' dir='ltr'>Minyarum</span> 
     </span>
     <span class='ocr_line' id='line_1_29' title="bbox 43 1511 616 1545; baseline 0.009 -11"><span class='ocrx_word' id='word_1_147' title='bbox 43 1512 192 1545; x_wconf 75' lang='lat' dir='ltr'>gestatam</span> <span class='ocrx_word' id='word_1_148' title='bbox 213 1515 398 1537; x_wconf 79' lang='lat' dir='ltr'>narraturus</span> <span class='ocrx_word' id='word_1_149' title='bbox 413 1516 489 1539; x_wconf 80' lang='lat' dir='ltr'>erat.</span> <span class='ocrx_word' id='word_1_150' title='bbox 507 1511 616 1539; x_wconf 89' lang='lat' dir='ltr'>Potuit</span> 
     </span>
     <span class='ocr_line' id='line_1_30' title="bbox 43 1553 614 1585; baseline 0.009 -5"><span class='ocrx_word' id='word_1_151' title='bbox 43 1558 149 1581; x_wconf 89' lang='lat' dir='ltr'>autem</span> <span class='ocrx_word' id='word_1_152' title='bbox 169 1553 253 1582; x_wconf 87' lang='lat' dir='ltr'>inter</span> <span class='ocrx_word' id='word_1_153' title='bbox 275 1560 395 1583; x_wconf 71' lang='lat' dir='ltr'>veteres</span> <span class='ocrx_word' id='word_1_154' title='bbox 417 1554 485 1584; x_wconf 82' lang='lat' dir='ltr'>haec</span> <span class='ocrx_word' id='word_1_155' title='bbox 510 1554 614 1585; x_wconf 82' lang='lat' dir='ltr'>sabula</span> 
     </span>
     <span class='ocr_line' id='line_1_31' title="bbox 43 1597 618 1640; baseline 0.007 -14"><span class='ocrx_word' id='word_1_156' title='bbox 43 1598 148 1627; x_wconf 88' lang='lat' dir='ltr'>minus</span> <span class='ocrx_word' id='word_1_157' title='bbox 165 1597 330 1639; x_wconf 81' lang='lat' dir='ltr'>displicere</span> <span class='ocrx_word' id='word_1_158' title='bbox 341 1623 349 1637; x_wconf 95' lang='lat'>,</span> <span class='ocrx_word' id='word_1_159' title='bbox 369 1611 468 1640; x_wconf 87' lang='lat' dir='ltr'>quum</span> <span class='ocrx_word' id='word_1_160' title='bbox 483 1611 518 1630; x_wconf 81' lang='lat' dir='ltr'>ea</span> <span class='ocrx_word' id='word_1_161' title='bbox 533 1608 618 1631; x_wconf 79' lang='lat' dir='ltr'>vete-</span> 
     </span>
     <span class='ocr_line' id='line_1_32' title="bbox 43 1643 614 1685; baseline 0.009 -13"><span class='ocrx_word' id='word_1_162' title='bbox 43 1654 77 1673; x_wconf 85' lang='lat' dir='ltr'>re</span> <span class='ocrx_word' id='word_1_163' title='bbox 101 1643 180 1673; x_wconf 84' lang='lat' dir='ltr'>fama</span> <span class='ocrx_word' id='word_1_164' title='bbox 201 1653 328 1685; x_wconf 79' lang='lat' dir='ltr'>accepta</span> <span class='ocrx_word' id='word_1_165' title='bbox 351 1654 450 1684; x_wconf 80' lang='lat' dir='ltr'>esset3</span> <span class='ocrx_word' id='word_1_166' title='bbox 469 1654 500 1676; x_wconf 84' lang='lat' dir='ltr'>et</span> <span class='ocrx_word' id='word_1_167' title='bbox 523 1648 614 1677; x_wconf 81' lang='lat' dir='ltr'>Maro</span> 
     </span>
     <span class='ocr_line' id='line_1_33' title="bbox 43 1692 614 1732; baseline 0.005 -13"><span class='ocrx_word' id='word_1_168' title='bbox 43 1699 111 1719; x_wconf 89' lang='lat' dir='ltr'>eam</span> <span class='ocrx_word' id='word_1_169' title='bbox 127 1697 267 1730; x_wconf 79' lang='lat' dir='ltr'>repetere</span> <span class='ocrx_word' id='word_1_170' title='bbox 282 1692 399 1731; x_wconf 87' lang='lat' dir='ltr'>potnit,</span> <span class='ocrx_word' id='word_1_171' title='bbox 415 1702 515 1732; x_wconf 87' lang='lat' dir='ltr'>quum</span> <span class='ocrx_word' id='word_1_172' title='bbox 529 1700 614 1722; x_wconf 85' lang='lat' dir='ltr'>vete-</span> 
     </span>
     <span class='ocr_line' id='line_1_34' title="bbox 43 1735 616 1768; baseline 0.005 -3"><span class='ocrx_word' id='word_1_173' title='bbox 43 1746 92 1766; x_wconf 90' lang='lat' dir='ltr'>res</span> <span class='ocrx_word' id='word_1_174' title='bbox 125 1735 164 1766; x_wconf 89' lang='lat' dir='ltr'>de</span> <span class='ocrx_word' id='word_1_175' title='bbox 195 1739 301 1767; x_wconf 80' lang='lat' dir='ltr'>AEneae</span> <span class='ocrx_word' id='word_1_176' title='bbox 329 1737 467 1767; x_wconf 86' lang='lat' dir='ltr'>adventu</span> <span class='ocrx_word' id='word_1_177' title='bbox 495 1738 616 1768; x_wconf 79' lang='lat' dir='ltr'>fabulas</span> 
     </span>
     <span class='ocr_line' id='line_1_35' title="bbox 44 1783 617 1822; baseline 0.007 -12"><span class='ocrx_word' id='word_1_178' title='bbox 44 1792 103 1822; x_wconf 85' lang='lat' dir='ltr'>pro</span> <span class='ocrx_word' id='word_1_179' title='bbox 126 1783 256 1821; x_wconf 82' lang='lat' dir='ltr'>gemmis</span> <span class='ocrx_word' id='word_1_180' title='bbox 275 1790 306 1813; x_wconf 85' lang='lat' dir='ltr'>ct</span> <span class='ocrx_word' id='word_1_181' title='bbox 322 1783 455 1813; x_wconf 84' lang='lat' dir='ltr'>stellulis</span> <span class='ocrx_word' id='word_1_182' title='bbox 474 1785 617 1814; x_wconf 77' lang='lat' dir='ltr'>intexere</span> 
     </span>
     <span class='ocr_line' id='line_1_36' title="bbox 46 1827 617 1870; baseline 0.009 -14"><span class='ocrx_word' id='word_1_183' title='bbox 46 1827 116 1857; x_wconf 82' lang='lat' dir='ltr'>telae</span> <span class='ocrx_word' id='word_1_184' title='bbox 137 1839 202 1857; x_wconf 74' lang='lat' dir='ltr'>sua·</span> <span class='ocrx_word' id='word_1_185' title='bbox 219 1830 313 1859; x_wconf 82' lang='lat' dir='ltr'>semel</span> <span class='ocrx_word' id='word_1_186' title='bbox 332 1831 527 1870; x_wconf 80' lang='lat' dir='ltr'>suscepisset.</span> <span class='ocrx_word' id='word_1_187' title='bbox 551 1832 617 1861; x_wconf 84' lang='lat' dir='ltr'>Nec</span> 
     </span>
     <span class='ocr_line' id='line_1_37' title="bbox 44 1873 618 1907; baseline 0.009 -5"><span class='ocrx_word' id='word_1_188' title='bbox 44 1873 77 1903; x_wconf 90' lang='lat' dir='ltr'>id</span> <span class='ocrx_word' id='word_1_189' title='bbox 92 1874 192 1903; x_wconf 74' lang='lat' dir='ltr'>facere</span> <span class='ocrx_word' id='word_1_190' title='bbox 207 1883 374 1905; x_wconf 81' lang='lat' dir='ltr'>cunctatus</span> <span class='ocrx_word' id='word_1_191' title='bbox 386 1883 431 1905; x_wconf 83' lang='lat' dir='ltr'>est</span> <span class='ocrx_word' id='word_1_192' title='bbox 444 1877 540 1907; x_wconf 71' lang='lat' dir='ltr'>Ovid.</span> <span class='ocrx_word' id='word_1_193' title='bbox 551 1878 618 1906; x_wconf 83' lang='lat' dir='ltr'>Me-</span> 
     </span>
     <span class='ocr_line' id='line_1_38' title="bbox 46 1922 617 1963; baseline 0.005 -14"><span class='ocrx_word' id='word_1_194' title='bbox 46 1927 159 1950; x_wconf 88' lang='lat' dir='ltr'>tamor.</span> <span class='ocrx_word' id='word_1_195' title='bbox 180 1922 269 1951; x_wconf 81' lang='lat' dir='ltr'>xlv.</span> <span class='ocrx_word' id='word_1_196' title='bbox 288 1924 464 1953; x_wconf 74' lang='lat' dir='ltr'>instructus</span> <span class='ocrx_word' id='word_1_197' title='bbox 489 1933 617 1963; x_wconf 87' lang='lat' dir='ltr'>quoque</span> 
     </span>
     <span class='ocr_line' id='line_1_39' title="bbox 47 1966 616 1999; baseline 0.004 -4"><span class='ocrx_word' id='word_1_198' title='bbox 47 1973 94 1996; x_wconf 87' lang='lat' dir='ltr'>est</span> <span class='ocrx_word' id='word_1_199' title='bbox 117 1966 219 1996; x_wconf 81' lang='lat' dir='ltr'>aditus</span> <span class='ocrx_word' id='word_1_200' title='bbox 236 1967 273 1997; x_wconf 85' lang='lat' dir='ltr'>ad</span> <span class='ocrx_word' id='word_1_201' title='bbox 294 1969 433 1999; x_wconf 83' lang='lat' dir='ltr'>fabulam</span> <span class='ocrx_word' id='word_1_202' title='bbox 449 1968 534 1998; x_wconf 89' lang='lat' dir='ltr'>haud</span> <span class='ocrx_word' id='word_1_203' title='bbox 552 1979 616 1998; x_wconf 86' lang='lat' dir='ltr'>ma-</span> 
     </span>
     <span class='ocr_line' id='line_1_40' title="bbox 45 2012 618 2055; baseline 0.002 -13"><span class='ocrx_word' id='word_1_204' title='bbox 45 2012 75 2042; x_wconf 78' lang='lat' dir='ltr'>le</span> <span class='ocrx_word' id='word_1_205' title='bbox 97 2022 105 2043; x_wconf 71' lang='grc' dir='ltr'><strong><em>ε</em></strong></span> <span class='ocrx_word' id='word_1_206' title='bbox 129 2023 194 2052; x_wconf 88' lang='lat' dir='ltr'>quo</span> <span class='ocrx_word' id='word_1_207' title='bbox 219 2021 359 2055; x_wconf 70' lang='lat' dir='ltr'>tempore</span> <span class='ocrx_word' id='word_1_208' title='bbox 380 2018 491 2046; x_wconf 80' lang='lat' dir='ltr'>AEucns</span> <span class='ocrx_word' id='word_1_209' title='bbox 512 2016 618 2055; x_wconf 83' lang='lat' dir='ltr'>pineta</span> 
     </span>
     <span class='ocr_line' id='line_1_41' title="bbox 48 2058 619 2099; baseline 0 -10"><span class='ocrx_word' id='word_1_210' title='bbox 48 2058 178 2099; x_wconf 67' lang='lat' dir='ltr'>Cybelae</span> <span class='ocrx_word' id='word_1_211' title='bbox 193 2070 278 2089; x_wconf 78' lang='lat' dir='ltr'>sacra</span> <span class='ocrx_word' id='word_1_212' title='bbox 299 2062 331 2090; x_wconf 86' lang='lat' dir='ltr'>iu</span> <span class='ocrx_word' id='word_1_213' title='bbox 354 2062 408 2091; x_wconf 81' lang='lat' dir='ltr'>Ida</span> <span class='ocrx_word' id='word_1_214' title='bbox 425 2060 563 2091; x_wconf 66' lang='lat' dir='ltr'>‹ta-(lebat</span> <span class='ocrx_word' id='word_1_215' title='bbox 579 2059 619 2090; x_wconf 81' lang='lat' dir='ltr'>ad</span> 
     </span>
     <span class='ocr_line' id='line_1_42' title="bbox 47 2104 619 2144; baseline 0.005 -11"><span class='ocrx_word' id='word_1_216' title='bbox 47 2104 177 2134; x_wconf 78' lang='lat' dir='ltr'>classem</span> <span class='ocrx_word' id='word_1_217' title='bbox 208 2105 446 2144; x_wconf 56' lang='lat' dir='ltr'>adiuvanda-n,</span> <span class='ocrx_word' id='word_1_218' title='bbox 481 2108 557 2138; x_wconf 78' lang='lat' dir='ltr'>Jovi</span> <span class='ocrx_word' id='word_1_219' title='bbox 585 2117 619 2136; x_wconf 83' lang='lat' dir='ltr'>ea</span> 
     </span>
     <span class='ocr_line' id='line_1_43' title="bbox 48 2151 620 2193; baseline 0.002 -13"><span class='ocrx_word' id='word_1_220' title='bbox 48 2151 298 2192; x_wconf 70' lang='lat' dir='ltr'>supplicaverat,</span> <span class='ocrx_word' id='word_1_221' title='bbox 319 2163 358 2182; x_wconf 73' lang='lat' dir='ltr'>nt·</span> <span class='ocrx_word' id='word_1_222' title='bbox 379 2164 473 2182; x_wconf 71' lang='lat' dir='ltr'>naves</span> <span class='ocrx_word' id='word_1_223' title='bbox 487 2160 620 2193; x_wconf 74' lang='lat' dir='ltr'>tempos-</span> 
     </span>
     <span class='ocr_line' id='line_1_44' title="bbox 51 2200 619 2240; baseline 0.004 -14"><span class='ocrx_word' id='word_1_224' title='bbox 51 2203 111 2227; x_wconf 85' lang='lat' dir='ltr'>tate</span> <span class='ocrx_word' id='word_1_225' title='bbox 127 2205 361 2239; x_wconf 78' lang='lat' dir='ltr'>mergerentur,</span> <span class='ocrx_word' id='word_1_226' title='bbox 382 2206 431 2236; x_wconf 86' lang='lat' dir='ltr'>ct,</span> <span class='ocrx_word' id='word_1_227' title='bbox 449 2210 547 2240; x_wconf 81' lang='lat' dir='ltr'>quum</span> <span class='ocrx_word' id='word_1_228' title='bbox 563 2200 619 2230; x_wconf 89' lang='lat' dir='ltr'>Ju-</span> 
     </span>
    </p>
   </div>
   <div class='ocr_carea' id='block_1_3' title="bbox 667 451 1245 2239">
    <p class='ocr_par' dir='ltr' id='par_1_6' title="bbox 667 451 1245 1682">
     <span class='ocr_line' id='line_1_45' title="bbox 671 451 1242 492; baseline 0.005 -13"><span class='ocrx_word' id='word_1_229' title='bbox 671 451 753 490; x_wconf 89' lang='lat' dir='ltr'>piter</span> <span class='ocrx_word' id='word_1_230' title='bbox 767 451 940 487; x_wconf 87' lang='lat' dir='ltr'>annuisset,</span> <span class='ocrx_word' id='word_1_231' title='bbox 951 460 1000 480; x_wconf 88' lang='lat' dir='ltr'>eas</span> <span class='ocrx_word' id='word_1_232' title='bbox 1010 461 1077 481; x_wconf 89' lang='lat' dir='ltr'>non</span> <span class='ocrx_word' id='word_1_233' title='bbox 1093 462 1158 481; x_wconf 87' lang='lat' dir='ltr'>esse</span> <span class='ocrx_word' id='word_1_234' title='bbox 1172 463 1242 492; x_wconf 90' lang='lat' dir='ltr'>per-</span> 
     </span>
     <span class='ocr_line' id='line_1_46' title="bbox 670 495 1240 535; baseline 0.007 -11"><span class='ocrx_word' id='word_1_235' title='bbox 670 497 770 525; x_wconf 86' lang='lat' dir='ltr'>ituras</span> <span class='ocrx_word' id='word_1_236' title='bbox 781 518 790 533; x_wconf 93' lang='lat'>‚</span> <span class='ocrx_word' id='word_1_237' title='bbox 805 495 860 525; x_wconf 86' lang='lat' dir='ltr'>sed</span> <span class='ocrx_word' id='word_1_238' title='bbox 880 503 1033 526; x_wconf 88' lang='lat' dir='ltr'>aeternum</span> <span class='ocrx_word' id='word_1_239' title='bbox 1057 497 1240 535; x_wconf 83' lang='lat' dir='ltr'>duraturas,</span> 
     </span>
     <span class='ocr_line' id='line_1_47' title="bbox 671 542 1243 582; baseline 0.005 -11"><span class='ocrx_word' id='word_1_240' title='bbox 671 542 790 571; x_wconf 86' lang='lat' dir='ltr'>scilicet</span> <span class='ocrx_word' id='word_1_241' title='bbox 807 542 850 571; x_wconf 85' lang='lat' dir='ltr'>ita</span> <span class='ocrx_word' id='word_1_242' title='bbox 863 564 872 579; x_wconf 92' lang='lat'>,</span> <span class='ocrx_word' id='word_1_243' title='bbox 888 548 944 578; x_wconf 84' lang='lat' dir='ltr'>ut,</span> <span class='ocrx_word' id='word_1_244' title='bbox 963 542 1092 582; x_wconf 85' lang='lat' dir='ltr'>quando</span> <span class='ocrx_word' id='word_1_245' title='bbox 1113 545 1243 574; x_wconf 87' lang='lat' dir='ltr'>AEueam</span> 
     </span>
     <span class='ocr_line' id='line_1_48' title="bbox 671 587 1244 626; baseline 0.003 -9"><span class='ocrx_word' id='word_1_246' title='bbox 671 589 706 617; x_wconf 91' lang='lat' dir='ltr'>in</span> <span class='ocrx_word' id='word_1_247' title='bbox 727 589 852 617; x_wconf 90' lang='lat' dir='ltr'>Latium</span> <span class='ocrx_word' id='word_1_248' title='bbox 878 587 1091 626; x_wconf 74' lang='lat' dir='ltr'>detulissent,</span> <span class='ocrx_word' id='word_1_249' title='bbox 1109 589 1145 618; x_wconf 85' lang='lat' dir='ltr'>in</span> <span class='ocrx_word' id='word_1_250' title='bbox 1171 589 1244 619; x_wconf 87' lang='lat' dir='ltr'>deas</span> 
     </span>
     <span class='ocr_line' id='line_1_49' title="bbox 670 634 1244 675; baseline 0.005 -13"><span class='ocrx_word' id='word_1_251' title='bbox 670 634 808 663; x_wconf 87' lang='lat' dir='ltr'>marinas</span> <span class='ocrx_word' id='word_1_252' title='bbox 844 640 1043 663; x_wconf 86' lang='lat' dir='ltr'>mutarentur</span> <span class='ocrx_word' id='word_1_253' title='bbox 1076 643 1084 664; x_wconf 88' lang='lat'><strong>:</strong></span> <span class='ocrx_word' id='word_1_254' title='bbox 1125 634 1244 675; x_wconf 82' lang='lat' dir='ltr'>Cybele</span> 
     </span>
     <span class='ocr_line' id='line_1_50' title="bbox 669 682 1245 721; baseline 0.005 -13"><span class='ocrx_word' id='word_1_255' title='bbox 669 689 757 709; x_wconf 86' lang='lat' dir='ltr'>nunc</span> <span class='ocrx_word' id='word_1_256' title='bbox 771 687 880 709; x_wconf 89' lang='lat' dir='ltr'>monet</span> <span class='ocrx_word' id='word_1_257' title='bbox 892 682 912 710; x_wconf 89' lang='lat' dir='ltr'>J</span> <span class='ocrx_word' id='word_1_258' title='bbox 914 690 1018 716; x_wconf 80' lang='lat' dir='ltr'>ovem,</span> <span class='ocrx_word' id='word_1_259' title='bbox 1035 686 1159 720; x_wconf 90' lang='lat' dir='ltr'>tempus</span> <span class='ocrx_word' id='word_1_260' title='bbox 1171 691 1245 721; x_wconf 89' lang='lat' dir='ltr'>pro-</span> 
     </span>
     <span class='ocr_line' id='line_1_51' title="bbox 669 725 1243 756; baseline 0.003 -2"><span class='ocrx_word' id='word_1_261' title='bbox 669 726 756 754; x_wconf 84' lang='lat' dir='ltr'>missi</span> <span class='ocrx_word' id='word_1_262' title='bbox 773 725 921 755; x_wconf 80' lang='lat' dir='ltr'>servandj</span> <span class='ocrx_word' id='word_1_263' title='bbox 936 725 1054 756; x_wconf 88' lang='lat' dir='ltr'>adesse.</span> <span class='ocrx_word' id='word_1_264' title='bbox 1070 725 1116 756; x_wconf 90' lang='lat' dir='ltr'>Ut</span> <span class='ocrx_word' id='word_1_265' title='bbox 1138 733 1243 756; x_wconf 88' lang='lat' dir='ltr'>autem</span> 
     </span>
     <span class='ocr_line' id='line_1_52' title="bbox 670 770 1242 802; baseline 0.003 -2"><span class='ocrx_word' id='word_1_266' title='bbox 670 772 705 800; x_wconf 90' lang='lat' dir='ltr'>in</span> <span class='ocrx_word' id='word_1_267' title='bbox 729 771 823 801; x_wconf 78' lang='lat' dir='ltr'>talem</span> <span class='ocrx_word' id='word_1_268' title='bbox 844 771 981 801; x_wconf 83' lang='lat' dir='ltr'>fabulam</span> <span class='ocrx_word' id='word_1_269' title='bbox 1005 770 1161 801; x_wconf 87' lang='lat' dir='ltr'>incideret</span> <span class='ocrx_word' id='word_1_270' title='bbox 1190 783 1242 802; x_wconf 78' lang='lat' dir='ltr'>ve-</span> 
     </span>
     <span class='ocr_line' id='line_1_53' title="bbox 670 817 1243 858; baseline 0.003 -12"><span class='ocrx_word' id='word_1_271' title='bbox 670 823 767 846; x_wconf 89' lang='lat' dir='ltr'>tustas</span> <span class='ocrx_word' id='word_1_272' title='bbox 778 840 786 854; x_wconf 90' lang='lat'>‚</span> <span class='ocrx_word' id='word_1_273' title='bbox 802 818 846 847; x_wconf 84' lang='lat' dir='ltr'>ita</span> <span class='ocrx_word' id='word_1_274' title='bbox 868 818 985 847; x_wconf 88' lang='lat' dir='ltr'>factum</span> <span class='ocrx_word' id='word_1_275' title='bbox 1006 817 1161 854; x_wconf 83' lang='lat' dir='ltr'>arbitror,</span> <span class='ocrx_word' id='word_1_276' title='bbox 1178 819 1243 858; x_wconf 88' lang='lat' dir='ltr'>pri-</span> 
     </span>
     <span class='ocr_line' id='line_1_54' title="bbox 671 860 1243 903; baseline 0.002 -10"><span class='ocrx_word' id='word_1_277' title='bbox 671 873 723 893; x_wconf 86' lang='lat' dir='ltr'>mo</span> <span class='ocrx_word' id='word_1_278' title='bbox 738 863 826 903; x_wconf 89' lang='lat' dir='ltr'>quod</span> <span class='ocrx_word' id='word_1_279' title='bbox 844 863 1043 899; x_wconf 79' lang='lat' dir='ltr'>immortale,</span> <span class='ocrx_word' id='word_1_280' title='bbox 1065 860 1217 894; x_wconf 73' lang='grc' dir='ltr'>ἀθάνατον</span> <span class='ocrx_word' id='word_1_281' title='bbox 1234 887 1243 901; x_wconf 87' lang='grc'><strong>,</strong></span> 
     </span>
     <span class='ocr_line' id='line_1_55' title="bbox 670 908 1245 950; baseline 0.002 -11"><span class='ocrx_word' id='word_1_282' title='bbox 670 908 822 939; x_wconf 80' lang='lat' dir='ltr'>dixerunt</span> <span class='ocrx_word' id='word_1_283' title='bbox 843 908 998 950; x_wconf 90' lang='lat' dir='ltr'>quicquid</span> <span class='ocrx_word' id='word_1_284' title='bbox 1019 908 1075 939; x_wconf 88' lang='lat' dir='ltr'>diu</span> <span class='ocrx_word' id='word_1_285' title='bbox 1097 908 1190 940; x_wconf 87' lang='lat' dir='ltr'>durat</span> <span class='ocrx_word' id='word_1_286' title='bbox 1214 918 1245 940; x_wconf 91' lang='lat' dir='ltr'>et</span> 
     </span>
     <span class='ocr_line' id='line_1_56' title="bbox 671 955 1244 996; baseline 0.002 -11"><span class='ocrx_word' id='word_1_287' title='bbox 671 962 777 985; x_wconf 86' lang='lat' dir='ltr'>manet</span> <span class='ocrx_word' id='word_1_288' title='bbox 798 955 884 985; x_wconf 90' lang='lat' dir='ltr'>haud</span> <span class='ocrx_word' id='word_1_289' title='bbox 906 957 1068 992; x_wconf 77' lang='lat' dir='ltr'>attritum,</span> <span class='ocrx_word' id='word_1_290' title='bbox 1094 963 1131 985; x_wconf 91' lang='lat' dir='ltr'>ut</span> <span class='ocrx_word' id='word_1_291' title='bbox 1158 957 1244 996; x_wconf 87' lang='lat' dir='ltr'>apud</span> 
     </span>
     <span class='ocr_line' id='line_1_57' title="bbox 671 1000 1243 1032; baseline 0.003 -2"><span class='ocrx_word' id='word_1_292' title='bbox 671 1001 843 1032; x_wconf 87' lang='lat' dir='ltr'>Pindarum</span> <span class='ocrx_word' id='word_1_293' title='bbox 865 1009 989 1032; x_wconf 87' lang='lat' dir='ltr'>antrum</span> <span class='ocrx_word' id='word_1_294' title='bbox 1015 1011 1145 1031; x_wconf 83' lang='lat' dir='ltr'>saxeum</span> <span class='ocrx_word' id='word_1_295' title='bbox 1168 1000 1243 1032; x_wconf 61' lang='lat'>&amp;002-</span> 
     </span>
     <span class='ocr_line' id='line_1_58' title="bbox 671 1045 1242 1089; baseline 0 -13"><span class='ocrx_word' id='word_1_296' title='bbox 671 1057 760 1077; x_wconf 72' lang='grc' dir='ltr'>νατον</span> <span class='ocrx_word' id='word_1_297' title='bbox 773 1070 780 1085; x_wconf 90' lang='grc'><strong><em>,</em></strong></span> <span class='ocrx_word' id='word_1_298' title='bbox 795 1047 881 1089; x_wconf 86' lang='lat' dir='ltr'>apud</span> <span class='ocrx_word' id='word_1_299' title='bbox 896 1050 1069 1078; x_wconf 85' lang='lat' dir='ltr'>Homerum</span> <span class='ocrx_word' id='word_1_300' title='bbox 1086 1045 1242 1080; x_wconf 60' lang='grc' dir='ltr'>ἀθανάτην</span> 
     </span>
     <span class='ocr_line' id='line_1_59' title="bbox 671 1090 1243 1137; baseline 0 -14"><span class='ocrx_word' id='word_1_301' title='bbox 671 1090 804 1137; x_wconf 66' lang='grc' dir='ltr'><strong>αἰγίδα,</strong></span> <span class='ocrx_word' id='word_1_302' title='bbox 835 1101 968 1135; x_wconf 84' lang='lat' dir='ltr'>potuere</span> <span class='ocrx_word' id='word_1_303' title='bbox 1006 1094 1113 1134; x_wconf 85' lang='lat' dir='ltr'>itaque</span> <span class='ocrx_word' id='word_1_304' title='bbox 1151 1095 1243 1124; x_wconf 82' lang='lat' dir='ltr'>etiam</span> 
     </span>
     <span class='ocr_line' id='line_1_60' title="bbox 670 1136 1243 1183; baseline 0.002 -14"><span class='ocrx_word' id='word_1_305' title='bbox 670 1141 737 1175; x_wconf 67' lang='grc' dir='ltr'>νῆες</span> <span class='ocrx_word' id='word_1_306' title='bbox 763 1138 912 1170; x_wconf 64' lang='grc' dir='ltr'>ἀθάνατοι</span> <span class='ocrx_word' id='word_1_307' title='bbox 931 1136 985 1170; x_wconf 77' lang='grc' dir='ltr'>καὶ</span> <span class='ocrx_word' id='word_1_308' title='bbox 1003 1137 1139 1183; x_wconf 65' lang='grc' dir='ltr'>ἀγῆρπει</span> <span class='ocrx_word' id='word_1_309' title='bbox 1161 1139 1243 1176; x_wconf 77' lang='lat' dir='ltr'>dici3</span> 
     </span>
     <span class='ocr_line' id='line_1_61' title="bbox 671 1185 1243 1227; baseline 0 -12"><span class='ocrx_word' id='word_1_310' title='bbox 671 1192 739 1215; x_wconf 79' lang='lat' dir='ltr'>tuin</span> <span class='ocrx_word' id='word_1_311' title='bbox 755 1186 841 1226; x_wconf 92' lang='lat' dir='ltr'>quod</span> <span class='ocrx_word' id='word_1_312' title='bbox 854 1185 998 1227; x_wconf 72' lang='lat' dir='ltr'>Dryades</span> <span class='ocrx_word' id='word_1_313' title='bbox 1013 1185 1177 1227; x_wconf 73' lang='lat' dir='ltr'>Nymphas</span> <span class='ocrx_word' id='word_1_314' title='bbox 1197 1197 1243 1215; x_wconf 84' lang='lat' dir='ltr'>ar-</span> 
     </span>
     <span class='ocr_line' id='line_1_62' title="bbox 671 1232 1242 1263; baseline 0.002 -2"><span class='ocrx_word' id='word_1_315' title='bbox 671 1232 763 1262; x_wconf 88' lang='lat' dir='ltr'>bores</span> <span class='ocrx_word' id='word_1_316' title='bbox 787 1232 922 1263; x_wconf 86' lang='lat' dir='ltr'>insidere</span> <span class='ocrx_word' id='word_1_317' title='bbox 941 1239 972 1262; x_wconf 86' lang='lat' dir='ltr'>et</span> <span class='ocrx_word' id='word_1_318' title='bbox 987 1242 1060 1261; x_wconf 89' lang='lat' dir='ltr'>cnm</span> <span class='ocrx_word' id='word_1_319' title='bbox 1082 1233 1119 1261; x_wconf 91' lang='lat' dir='ltr'>iis</span> <span class='ocrx_word' id='word_1_320' title='bbox 1136 1233 1242 1262; x_wconf 79' lang='lat' dir='ltr'>vivere</span> 
     </span>
     <span class='ocr_line' id='line_1_63' title="bbox 670 1277 1239 1309; baseline 0.002 -2"><span class='ocrx_word' id='word_1_321' title='bbox 670 1288 706 1307; x_wconf 85' lang='lat' dir='ltr'>ac</span> <span class='ocrx_word' id='word_1_322' title='bbox 721 1277 857 1309; x_wconf 82' lang='lat' dir='ltr'>deficere</span> <span class='ocrx_word' id='word_1_323' title='bbox 872 1278 1076 1309; x_wconf 84' lang='lat' dir='ltr'>crediderunt</span> <span class='ocrx_word' id='word_1_324' title='bbox 1084 1277 1239 1308; x_wconf 89' lang='lat' dir='ltr'>homines.</span> 
     </span>
     <span class='ocr_line' id='line_1_64' title="bbox 670 1323 1242 1361; baseline 0 -7"><span class='ocrx_word' id='word_1_325' title='bbox 670 1326 835 1354; x_wconf 88' lang='lat' dir='ltr'>Promtum</span> <span class='ocrx_word' id='word_1_326' title='bbox 853 1327 898 1355; x_wconf 90' lang='lat' dir='ltr'>sic</span> <span class='ocrx_word' id='word_1_327' title='bbox 919 1325 999 1361; x_wconf 86' lang='lat' dir='ltr'>fuit,</span> <span class='ocrx_word' id='word_1_328' title='bbox 1019 1323 1146 1354; x_wconf 85' lang='lat' dir='ltr'>arbores</span> <span class='ocrx_word' id='word_1_329' title='bbox 1162 1326 1242 1354; x_wconf 88' lang='lat' dir='ltr'>reci-</span> 
     </span>
     <span class='ocr_line' id='line_1_65' title="bbox 669 1371 1242 1408; baseline 0.002 -9"><span class='ocrx_word' id='word_1_330' title='bbox 669 1381 735 1408; x_wconf 83' lang='lat' dir='ltr'>sas,</span> <span class='ocrx_word' id='word_1_331' title='bbox 765 1377 796 1400; x_wconf 88' lang='lat' dir='ltr'>et</span> <span class='ocrx_word' id='word_1_332' title='bbox 820 1371 856 1401; x_wconf 88' lang='lat' dir='ltr'>in</span> <span class='ocrx_word' id='word_1_333' title='bbox 879 1381 975 1401; x_wconf 79' lang='lat' dir='ltr'>naves</span> <span class='ocrx_word' id='word_1_334' title='bbox 996 1380 1101 1400; x_wconf 81' lang='lat' dir='ltr'>versas</span> <span class='ocrx_word' id='word_1_335' title='bbox 1126 1371 1242 1400; x_wconf 82' lang='lat' dir='ltr'>iterum</span> 
     </span>
     <span class='ocr_line' id='line_1_66' title="bbox 669 1416 1243 1457; baseline 0 -12"><span class='ocrx_word' id='word_1_336' title='bbox 669 1416 707 1446; x_wconf 84' lang='lat' dir='ltr'>ad</span> <span class='ocrx_word' id='word_1_337' title='bbox 740 1418 912 1457; x_wconf 85' lang='lat' dir='ltr'>pristinum</span> <span class='ocrx_word' id='word_1_338' title='bbox 946 1426 1066 1446; x_wconf 87' lang='lat' dir='ltr'>numen</span> <span class='ocrx_word' id='word_1_339' title='bbox 1105 1427 1243 1446; x_wconf 79' lang='lat' dir='ltr'>reversas</span> 
     </span>
     <span class='ocr_line' id='line_1_67' title="bbox 668 1461 1243 1493; baseline 0 -2"><span class='ocrx_word' id='word_1_340' title='bbox 668 1463 876 1493; x_wconf 87' lang='lat' dir='ltr'>comminisci.</span> <span class='ocrx_word' id='word_1_341' title='bbox 896 1463 971 1493; x_wconf 84' lang='lat' dir='ltr'>Alio</span> <span class='ocrx_word' id='word_1_342' title='bbox 993 1461 1089 1491; x_wconf 88' lang='lat' dir='ltr'>modo</span> <span class='ocrx_word' id='word_1_343' title='bbox 1108 1461 1243 1491; x_wconf 77' lang='lat' dir='ltr'>navibus</span> 
     </span>
     <span class='ocr_line' id='line_1_68' title="bbox 668 1509 1241 1548; baseline -0.002 -11"><span class='ocrx_word' id='word_1_344' title='bbox 668 1509 702 1537; x_wconf 92' lang='lat' dir='ltr'>in</span> <span class='ocrx_word' id='word_1_345' title='bbox 723 1509 873 1548; x_wconf 86' lang='lat' dir='ltr'>scopulos</span> <span class='ocrx_word' id='word_1_346' title='bbox 891 1509 988 1538; x_wconf 80' lang='lat' dir='ltr'>versis</span> <span class='ocrx_word' id='word_1_347' title='bbox 1012 1509 1169 1537; x_wconf 86' lang='lat' dir='ltr'>Homerus</span> <span class='ocrx_word' id='word_1_348' title='bbox 1187 1518 1241 1537; x_wconf 83' lang='lat' dir='ltr'>na-</span> 
     </span>
     <span class='ocr_line' id='line_1_69' title="bbox 668 1554 1243 1595; baseline 0 -13"><span class='ocrx_word' id='word_1_349' title='bbox 668 1554 861 1595; x_wconf 77' lang='lat' dir='ltr'>vigationem</span> <span class='ocrx_word' id='word_1_350' title='bbox 879 1554 1043 1585; x_wconf 69' lang='lat' dir='ltr'>Phaeacum</span> <span class='ocrx_word' id='word_1_351' title='bbox 1058 1555 1092 1583; x_wconf 87' lang='lat' dir='ltr'>in</span> <span class='ocrx_word' id='word_1_352' title='bbox 1108 1555 1243 1583; x_wconf 88' lang='lat' dir='ltr'>miracu-</span> 
     </span>
     <span class='ocr_line' id='line_1_70' title="bbox 668 1599 1238 1639; baseline 0.002 -11"><span class='ocrx_word' id='word_1_353' title='bbox 668 1599 736 1629; x_wconf 88' lang='lat' dir='ltr'>lum</span> <span class='ocrx_word' id='word_1_354' title='bbox 757 1607 957 1631; x_wconf 81' lang='lat' dir='ltr'>converterat</span> <span class='ocrx_word' id='word_1_355' title='bbox 980 1599 1096 1639; x_wconf 77' lang='lat' dir='ltr'>Odyss.</span> <span class='ocrx_word' id='word_1_356' title='bbox 1113 1599 1148 1636; x_wconf 83' lang='grc' dir='ltr'>θ,</span> <span class='ocrx_word' id='word_1_357' title='bbox 1178 1600 1238 1636; x_wconf 79' lang='lat'>557</span> 
     </span>
     <span class='ocr_line' id='line_1_71' title="bbox 667 1646 793 1682; baseline 0.016 -8"><span class='ocrx_word' id='word_1_358' title='bbox 667 1646 793 1682; x_wconf 78' lang='lat'>—564.</span> 
     </span>
    </p>

    <p class='ocr_par' dir='ltr' id='par_1_7' title="bbox 669 1689 1243 2145">
     <span class='ocr_line' id='line_1_72' title="bbox 709 1689 1242 1733; baseline -0.002 -11"><span class='ocrx_word' id='word_1_359' title='bbox 709 1702 762 1731; x_wconf 84' lang='lat'>79.</span> <span class='ocrx_word' id='word_1_360' title='bbox 775 1694 810 1721; x_wconf 85' lang='lat' dir='ltr'>P.</span> <span class='ocrx_word' id='word_1_361' title='bbox 810 1690 898 1733; x_wconf 72' lang='lat' dir='ltr'>fides</span> <span class='ocrx_word' id='word_1_362' title='bbox 898 1689 1002 1730; x_wconf 81' lang='lat' dir='ltr'>sacto,</span> <span class='ocrx_word' id='word_1_363' title='bbox 1015 1690 1108 1732; x_wconf 85' lang='lat' dir='ltr'>seds</span> <span class='ocrx_word' id='word_1_364' title='bbox 1119 1701 1186 1721; x_wconf 89' lang='lat' dir='ltr'>non</span> <span class='ocrx_word' id='word_1_365' title='bbox 1197 1702 1242 1721; x_wconf 85' lang='lat' dir='ltr'>cn·</span> 
     </span>
     <span class='ocr_line' id='line_1_73' title="bbox 669 1736 1243 1777; baseline 0 -11"><span class='ocrx_word' id='word_1_366' title='bbox 669 1738 763 1777; x_wconf 86' lang='lat' dir='ltr'>piunt</span> <span class='ocrx_word' id='word_1_367' title='bbox 781 1739 868 1768; x_wconf 80' lang='lat' dir='ltr'>Serv.</span> <span class='ocrx_word' id='word_1_368' title='bbox 879 1743 909 1766; x_wconf 86' lang='lat' dir='ltr'>et</span> <span class='ocrx_word' id='word_1_369' title='bbox 928 1736 991 1767; x_wconf 88' lang='lat' dir='ltr'>alii.</span> <span class='ocrx_word' id='word_1_370' title='bbox 1005 1736 1099 1767; x_wconf 82' lang='lat' dir='ltr'>Fides</span> <span class='ocrx_word' id='word_1_371' title='bbox 1108 1743 1153 1767; x_wconf 86' lang='lat' dir='ltr'>est</span> <span class='ocrx_word' id='word_1_372' title='bbox 1163 1738 1243 1776; x_wconf 87' lang='lat' dir='ltr'>ejus,</span> 
     </span>
     <span class='ocr_line' id='line_1_74' title="bbox 669 1782 1242 1823; baseline 0 -11"><span class='ocrx_word' id='word_1_373' title='bbox 669 1784 725 1823; x_wconf 91' lang='lat' dir='ltr'>qui</span> <span class='ocrx_word' id='word_1_374' title='bbox 744 1782 864 1823; x_wconf 83' lang='lat' dir='ltr'>aliquid</span> <span class='ocrx_word' id='word_1_375' title='bbox 886 1782 998 1820; x_wconf 82' lang='lat' dir='ltr'>tradit,</span> <span class='ocrx_word' id='word_1_376' title='bbox 1013 1782 1062 1812; x_wconf 82' lang='lat' dir='ltr'>vel</span> <span class='ocrx_word' id='word_1_377' title='bbox 1084 1784 1150 1818; x_wconf 86' lang='lat' dir='ltr'>rei,</span> <span class='ocrx_word' id='word_1_378' title='bbox 1171 1793 1242 1822; x_wconf 78' lang='lat' dir='ltr'>quae</span> 
     </span>
     <span class='ocr_line' id='line_1_75' title="bbox 670 1827 1241 1869; baseline -0.005 -10"><span class='ocrx_word' id='word_1_379' title='bbox 670 1836 835 1866; x_wconf 82' lang='lat' dir='ltr'>narratur,</span> <span class='ocrx_word' id='word_1_380' title='bbox 852 1839 924 1869; x_wconf 85' lang='lat' dir='ltr'>quae</span> <span class='ocrx_word' id='word_1_381' title='bbox 944 1829 1018 1858; x_wconf 87' lang='lat' dir='ltr'>alias</span> <span class='ocrx_word' id='word_1_382' title='bbox 1038 1827 1211 1857; x_wconf 74' lang='lat' dir='ltr'>auctoritas</span> <span class='ocrx_word' id='word_1_383' title='bbox 1231 1839 1241 1856; x_wconf 82' lang='lat'>.-</span> 
     </span>
     <span class='ocr_line' id='line_1_76' title="bbox 671 1873 1242 1915; baseline -0.005 -10"><span class='ocrx_word' id='word_1_384' title='bbox 671 1875 812 1915; x_wconf 83' lang='lat' dir='ltr'>adeoque</span> <span class='ocrx_word' id='word_1_385' title='bbox 827 1886 886 1915; x_wconf 83' lang='lat' dir='ltr'>pro</span> <span class='ocrx_word' id='word_1_386' title='bbox 902 1875 968 1914; x_wconf 86' lang='lat' dir='ltr'>ipsa</span> <span class='ocrx_word' id='word_1_387' title='bbox 989 1873 1173 1903; x_wconf 79' lang='lat' dir='ltr'>narratione</span> <span class='ocrx_word' id='word_1_388' title='bbox 1189 1884 1242 1914; x_wconf 83' lang='lat' dir='ltr'>po-</span> 
     </span>
     <span class='ocr_line' id='line_1_77' title="bbox 670 1919 1241 1961; baseline -0.004 -11"><span class='ocrx_word' id='word_1_389' title='bbox 670 1922 767 1951; x_wconf 87' lang='lat' dir='ltr'>nitur.</span> <span class='ocrx_word' id='word_1_390' title='bbox 783 1919 983 1961; x_wconf 76' lang='lat' dir='ltr'>lgiturfizceo</span> <span class='ocrx_word' id='word_1_391' title='bbox 1001 1919 1034 1949; x_wconf 86' lang='lat' dir='ltr'>h.</span> <span class='ocrx_word' id='word_1_392' title='bbox 1051 1919 1121 1949; x_wconf 78' lang='lat' dir='ltr'>facti</span> <span class='ocrx_word' id='word_1_393' title='bbox 1133 1919 1241 1959; x_wconf 76' lang='lat' dir='ltr'>prisca</span> 
     </span>
     <span class='ocr_line' id='line_1_78' title="bbox 671 1966 1242 2005; baseline -0.002 -9"><span class='ocrx_word' id='word_1_394' title='bbox 671 1974 717 1996; x_wconf 84' lang='lat' dir='ltr'>est</span> <span class='ocrx_word' id='word_1_395' title='bbox 736 1966 835 2005; x_wconf 81' lang='lat' dir='ltr'>fides,</span> <span class='ocrx_word' id='word_1_396' title='bbox 863 1966 1011 1996; x_wconf 82' lang='lat' dir='ltr'>narratio.</span> <span class='ocrx_word' id='word_1_397' title='bbox 1031 1966 1111 1995; x_wconf 80' lang='lat' dir='ltr'>Rem</span> <span class='ocrx_word' id='word_1_398' title='bbox 1137 1972 1242 1995; x_wconf 82' lang='lat' dir='ltr'>narrat</span> 
     </span>
     <span class='ocr_line' id='line_1_79' title="bbox 670 2003 1240 2051; baseline -0.002 -9"><span class='ocrx_word' id='word_1_399' title='bbox 670 2003 816 2042; x_wconf 81' lang='lat' dir='ltr'>traditam</span> <span class='ocrx_word' id='word_1_400' title='bbox 833 2011 871 2040; x_wconf 83' lang='lat' dir='ltr'>ab</span> <span class='ocrx_word' id='word_1_401' title='bbox 886 2011 1023 2051; x_wconf 82' lang='lat' dir='ltr'>antiquis</span> <span class='ocrx_word' id='word_1_402' title='bbox 1037 2008 1240 2042; x_wconf 58' lang='lat' dir='ltr'>homhibus:</span> 
     </span>
     <span class='ocr_line' id='line_1_80' title="bbox 670 2057 1242 2094; baseline -0.003 -6"><span class='ocrx_word' id='word_1_403' title='bbox 670 2058 725 2089; x_wconf 85' lang='lat' dir='ltr'>sed</span> <span class='ocrx_word' id='word_1_404' title='bbox 735 2080 744 2094; x_wconf 81' lang='lat'><em>‚</em></span> <span class='ocrx_word' id='word_1_405' title='bbox 760 2064 924 2088; x_wconf 77' lang='lat' dir='ltr'>constante</span> <span class='ocrx_word' id='word_1_406' title='bbox 945 2057 1025 2087; x_wconf 83' lang='lat' dir='ltr'>sama</span> <span class='ocrx_word' id='word_1_407' title='bbox 1035 2079 1043 2094; x_wconf 96' lang='lat'><strong>‚</strong></span> <span class='ocrx_word' id='word_1_408' title='bbox 1057 2057 1096 2087; x_wconf 78' lang='lat' dir='ltr'>nd</span> <span class='ocrx_word' id='word_1_409' title='bbox 1109 2058 1242 2087; x_wconf 78' lang='lat' dir='ltr'>seriores</span> 
     </span>
     <span class='ocr_line' id='line_1_81' title="bbox 672 2110 1002 2145; baseline -0.009 -10"><span class='ocrx_word' id='word_1_410' title='bbox 672 2111 775 2135; x_wconf 81' lang='lat' dir='ltr'>aetatcs</span> <span class='ocrx_word' id='word_1_411' title='bbox 789 2110 1002 2145; x_wconf 75' lang='lat' dir='ltr'>propagatam.</span> 
     </span>
    </p>

    <p class='ocr_par' dir='ltr' id='par_1_8' title="bbox 672 2148 1242 2239">
     <span class='ocr_line' id='line_1_82' title="bbox 720 2148 1240 2181; baseline -0.006 0"><span class='ocrx_word' id='word_1_412' title='bbox 720 2151 774 2181; x_wconf 80' lang='lat'>80.</span> <span class='ocrx_word' id='word_1_413' title='bbox 792 2152 840 2181; x_wconf 89' lang='lat' dir='ltr'>De</span> <span class='ocrx_word' id='word_1_414' title='bbox 856 2149 1064 2179; x_wconf 71' lang='lat' dir='ltr'>:edificatione</span> <span class='ocrx_word' id='word_1_415' title='bbox 1083 2148 1187 2179; x_wconf 80' lang='lat' dir='ltr'>classis</span> <span class='ocrx_word' id='word_1_416' title='bbox 1200 2148 1240 2178; x_wconf 77' lang='lat' dir='ltr'>cf.</span> 
     </span>
     <span class='ocr_line' id='line_1_83' title="bbox 672 2195 1242 2239; baseline -0.007 -11"><span class='ocrx_word' id='word_1_417' title='bbox 672 2208 744 2239; x_wconf 84' lang='lat' dir='ltr'>sup.</span> <span class='ocrx_word' id='word_1_418' title='bbox 763 2198 830 2234; x_wconf 90' lang='lat'>111,</span> <span class='ocrx_word' id='word_1_419' title='bbox 848 2197 865 2226; x_wconf 89' lang='lat'><em>5</em></span> <span class='ocrx_word' id='word_1_420' title='bbox 878 2219 885 2233; x_wconf 90' lang='lat'>‚</span> <span class='ocrx_word' id='word_1_421' title='bbox 906 2196 937 2226; x_wconf 85' lang='lat'>6.</span> <span class='ocrx_word' id='word_1_422' title='bbox 955 2195 1015 2226; x_wconf 83' lang='lat' dir='ltr'>Ida</span> <span class='ocrx_word' id='word_1_423' title='bbox 1031 2202 1135 2227; x_wconf 81' lang='lat' dir='ltr'>nutem</span> <span class='ocrx_word' id='word_1_424' title='bbox 1151 2204 1242 2225; x_wconf 76' lang='lat' dir='ltr'>mons</span> 
     </span>
    </p>
   </div>
  </div>
 </body>
</html>
