1414 2435
190 97 256 128 316
686 96 908 128 EXCURSUS

190 167 246 187 seu
269 156 357 186 Ccere
373 163 403 184 et
422 155 534 185 vicinis
551 156 647 194 locis,
663 155 826 193 adductis,
841 155 963 185 scilicet
981 164 1020 184 ex
1044 154 1126 194 agris
1149 163 1185 183 ac
1209 154 1285 184 vicis
1306 154 1391 184 circa

190 209 366 240 Minionem
389 208 525 239 fluvium
547 209 657 251 (nunc
678 209 860 252 sslugnone)
874 209 960 239 haud
982 208 1076 250 longe
1105 219 1121 238 a
1146 208 1388 239 Centumcellis:

187 266 304 306 exiguo
327 264 495 295 intervallo
523 276 632 296 versus
656 266 857 296 occidentem
879 265 942 294 fuit
964 264 1115 294 Gravisca
1134 263 1191 294 vel*
1208 252 1389 299 Grauiscae;

190 320 271 350 ultra
295 320 473 350 Minionem
495 320 535 350 ab
556 322 694 359 oriente,
717 331 825 351 versus
849 321 953 359 Caere,
974 319 1082 362 Pyrgi.
1099 321 1172 361 Egit
1190 319 1229 350 de
1245 321 1389 361 utrisque

189 375 356 416 diligenter
372 375 500 406 Cluver.
515 376 585 406 Ital.
600 388 632 417 p.
652 377 716 412 483
729 399 737 415 ,
756 377 834 416 495.
849 376 977 406 Servius
993 375 1033 405 ad
1047 375 1080 406 h.
1098 376 1120 406 l.
1134 377 1257 417 Pyrgos
1269 376 1312 406 ait
1321 386 1390 406 cas-

188 429 298 458 tellum
315 429 411 459 fuisse
428 430 657 460 nobilissimum
681 442 718 461 eo
739 438 899 470 tempore,
919 440 981 471 quo
1002 429 1095 459 Tusci
1102 428 1278 469 piraticam
1298 440 1389 460 exer-

189 483 312 512 cuerint
330 483 428 524 (nam
449 483 516 514 illic
541 484 724 526 metropolis
736 483 806 526 fitic
823 495 834 514 .·
854 484 893 514 ab
914 483 1045 514 indocto
1064 483 1193 513 homine
1212 483 1273 513 fuit
1292 483 1391 521 adjec-

189 536 280 578 tum)
294 547 302 568 :
318 537 527 579 quodpostea
542 547 764 581 expugnatum
780 550 801 568 α
816 538 981 578 Dionysio,
999 545 1138 577 tyranno
1159 537 1290 574 Sic-ilice,
1309 536 1387 567 dici-

188 598 241 621 tur
257 591 391 633 (diserte
408 601 555 624 narratur
570 605 619 624 res
635 605 652 624 a
666 594 812 625 Diodoro
822 596 895 632 XV,
919 599 976 631 14,
995 593 1054 622 ubi
1068 592 1152 624 conf.
1167 592 1346 633 Wesseling
1359 590 1372 633 )
1383 615 1392 629 ‚

186 647 226 676 de
246 659 308 688 quo
327 648 467 679 Lucilius
480 660 490 678 :
505 652 596 680 Scota
616 650 797 691 Pyrgentia.
813 648 915 690 Pyrgi
925 649 991 687 jam
1003 642 1117 679 Rutuli
1136 654 1226 678 aetate
1237 670 1246 686 ,
1258 649 1391 677 ineunte

187 713 258 733 saec.
275 704 307 732 V
325 713 332 732 :
352 705 449 733 ss'unc
470 704 562 734 ‘villa’
585 704 744 746 grandes,
772 703 892 744 oppida
908 714 1014 744 parva
1038 703 1128 744 prius
1151 704 1228 734 Itin.
1249 704 1284 741 1,
1303 703 1368 733 223
1382 725 1391 741 ,

189 763 267 793 224.
287 758 429 788 Omnino
448 765 534 789 totus
552 758 606 788 ille
628 759 743 789 Rutilii
758 758 850 788 locus
869 769 944 788 cum
957 757 1017 788 hac
1035 758 1183 788 carminis
1198 764 1287 798 parte
1301 768 1388 788 com-

185 810 344 851 parandus
368 818 424 841 est.
442 811 539 852 Quod
553 812 717 841 Graviscas
738 812 943 852 intempestus
962 812 1063 850 dixit,
1079 813 1177 842 situm
1198 812 1338 853 respexit
1355 813 1390 842 in

185 863 302 893 humili
326 876 362 894 ac
384 866 517 905 palustri
533 865 664 906 planitie
683 866 744 895 sub
759 866 923 896 montibus
940 867 1127 897 Cornetanis
1143 877 1160 895 a
1182 867 1260 896 laeva
1275 867 1389 898 Martae

185 917 338 949 fluminis.
362 920 461 950 Rutil.
485 921 559 950 Itin.
584 922 617 958 I,
644 921 708 950 282
730 921 908 959 Graviscae,
929 922 1017 961 Quas
1031 920 1153 961 premit
1169 919 1286 949 aestivae
1305 929 1388 960 saepe

180 973 312 1015 paludis
331 974 418 1005 odor.
445 975 524 1005 Cato
545 976 580 1005 in
604 976 713 1017 Origg.
732 975 828 1016 apud.
847 977 935 1006 Serv.
957 975 995 1005 ad
1012 975 1045 1006 h.
1070 975 1093 1006 l.
1117 974 1196 1004 Ideo
1225 973 1387 1004 Graviscae

185 1027 280 1057 dictae
297 1036 388 1064 sunt,
409 1028 498 1069 quod
507 1039 639 1069 gravem
662 1039 770 1059 aerem
789 1029 948 1059 sustinent
958 1040 969 1059 .·
985 1029 1074 1070 quod
1088 1030 1116 1059 si
1129 1030 1172 1059 ita
1188 1035 1235 1058 est
1245 1051 1253 1066 ‚
1268 1037 1386 1061 nomen

186 1092 201 1112 a
222 1082 374 1112 Romanis
391 1081 519 1111 demum
538 1082 589 1111 vel
603 1093 619 1111 a
635 1083 753 1112 Latinis
768 1081 908 1112 inditum
927 1093 993 1114 esse
1010 1082 1132 1112 debuit.

231 1137 271 1165 In
288 1136 349 1166 alio
364 1146 458 1165 versu
476 1135 539 1164 185
554 1134 684 1176 Ligures
699 1135 841 1164 Etruscis
857 1134 988 1164 comites
1002 1132 1110 1170 dedit3
1125 1134 1268 1165 vicinum
1284 1144 1389 1175 popm

184 1190 251 1220 lum
266 1213 274 1227 ,
290 1190 420 1230 quicum
447 1189 546 1218 multa
567 1188 649 1218 bella
667 1194 826 1230 gesserant
839 1195 961 1218 veteres
973 1189 1100 1218 Etrusci
1115 1197 1123 1218 :
1137 1198 1226 1218 nunc
1241 1199 1318 1219 vero
1335 1190 1390 1221 ad·

184 1243 299 1273 didisse
318 1254 371 1274 eos
391 1243 518 1273 videtur
534 1250 702 1284 propterea
713 1266 721 1282 ,
739 1243 892 1284 quoniam
908 1249 1057 1273 ornatum
1079 1241 1175 1272 dabat
1199 1244 1333 1273 carmini
1351 1254 1387 1275 ea

183 1309 278 1340 gens,
299 1299 417 1339 quippe
439 1298 477 1328 de
499 1309 561 1339 qua
581 1305 703 1328 veteres
725 1297 860 1336 fabulae,
879 1306 1045 1340 poetarum
1062 1297 1258 1328 carminibus
1275 1297 1389 1329 decan-

182 1359 271 1390 tatae,
300 1352 388 1382 fuere
410 1353 538 1394 plures3
560 1353 678 1393 quibus
705 1362 848 1383 caussam
876 1352 965 1382 dedit
991 1353 1178 1383 Graecormn
1204 1353 1386 1393 priscorum

183 1403 380 1448 ἀνιστορῃσία.
396 1408 430 1436 in
442 1406 491 1436 his
505 1407 584 1437 locis
595 1430 603 1445 ,
619 1406 696 1436 dum
713 1406 833 1438 Padum
844 1429 852 1445 ,
867 1418 892 1437 s.
905 1405 1090 1444 Eridanum,
1101 1407 1135 1436 iu
1148 1406 1299 1448 Ligurum
1310 1404 1384 1436 fini-

185 1462 245 1491 bus
264 1473 305 1491 ex
321 1469 428 1492 monte
446 1462 568 1492 Vesulo
584 1469 690 1492 ortum
713 1473 778 1492 una
795 1473 869 1492 cum
886 1463 974 1492 ostiis
989 1469 1020 1491 et
1034 1462 1166 1492 succino
1177 1483 1186 1499 ,
1207 1468 1276 1491 tum
1291 1461 1388 1491 Phae-

183 1517 328 1548 thontem
343 1524 374 1547 et
394 1518 543 1558 Cygnum
559 1516 597 1546 ad
610 1518 740 1558 Ligures
755 1517 903 1547 retulere.
917 1515 1115 1556 Pherecydes
1128 1517 1252 1557 primus
1267 1515 1388 1546 fabula·

181 1581 253 1600 rum
269 1570 381 1600 harum
396 1578 509 1600 auctor
523 1571 618 1600 fuisse
634 1570 759 1600 videtur
770 1582 778 1608 ;
791 1571 901 1600 saltem
917 1571 942 1599 is
958 1571 1080 1610 primus
1096 1568 1271 1599 Eridanum
1285 1569 1384 1600 edidit

181 1625 356 1656 secundum
376 1627 541 1667 Hyginum
560 1625 621 1655 fab.
644 1626 726 1662 1543
746 1625 885 1655 fabulam
901 1624 939 1654 de
958 1623 1155 1654 Phaethonte
1171 1631 1202 1654 et
1215 1624 1385 1656 Heliadum

182 1681 300 1711 electro
323 1681 416 1721 primi
443 1680 632 1721 AEoehylus,
660 1679 872 1717 Philoxenus,
895 1678 1069 1716 Nicander,
1089 1678 1275 1719 Euripides,
1296 1681 1388 1721 saty-

180 1747 245 1773 rus,
258 1735 429 1765 commenti
439 1745 504 1764 esse
519 1734 711 1764 videbantur
726 1734 829 1765 Plinio
844 1735 1016 1770 xxxvu,
1030 1743 1048 1762 α
1061 1756 1069 1771 ,
1080 1744 1105 1765 s.
1125 1744 1138 1763 1
1150 1743 1176 1772 x,
1192 1744 1219 1765 1.
1237 1735 1387 1775 Inprimis

180 1790 305 1830 Tragici
316 1790 348 1818 in
365 1788 414 1818 his
428 1788 542 1819 fabulis
555 1789 614 1819 sibi
630 1789 814 1829 placuerant
826 1811 834 1826 ,
846 1787 930 1818 unde
946 1788 1001 1817 has
1014 1787 1136 1818 fabulas
1150 1786 1302 1832 τραγικὴν
1313 1786 1386 1821 ὕλην

181 1842 317 1883 appellat
340 1842 453 1882 Polyb.
480 1844 531 1880 11,
555 1844 615 1880 16,
636 1845 686 1873 13.
713 1844 785 1873 Fuit
806 1843 840 1872 in
861 1843 909 1872 his
931 1853 1079 1883 quoque,
1100 1842 1189 1883 quod
1210 1842 1322 1883 populi
1345 1842 1386 1873 ad

180 1896 300 1927 Padum
317 1897 390 1925 atris
408 1897 547 1926 vestibus
569 1897 742 1926 utebantur
760 1907 767 1927 ε
783 1894 1000 1939 μελανείμονες
1022 1902 1135 1927 erant:
1154 1894 1242 1936 quod
1257 1906 1274 1925 a
1290 1895 1384 1926 luctu

177 1958 309 1991 propter
324 1950 528 1980 Phaethontis
541 1961 647 1980 casum
661 1951 695 1980 in
711 1961 832 1980 morem
847 1950 959 1980 abiisse
979 1955 1141 1979 narratum
1155 1954 1233 1979 erat.

227 2005 389 2035 Claudum
414 2015 525 2046 agmen
541 2006 708 2047 quingenti
724 2005 899 2035 Mantuani
913 2005 993 2035 ducc
1010 2005 1099 2033 Ocno
1114 2014 1143 2034 v.
1167 2003 1228 2043 198
1240 2014 1362 2036 ——212
1374 2029 1386 2044 ,

177 2070 289 2099 quem,
309 2059 433 2091 Tiberis
461 2067 491 2089 et
516 2061 646 2089 Mantus
671 2059 793 2098 filium,
819 2061 985 2090 Mantuam
1005 2057 1204 2095 condidisse,
1230 2064 1261 2088 et
1276 2060 1387 2090 matris

179 2124 294 2142 nomen
311 2113 381 2143 urbi
401 2115 587 2155 imposuisse
606 2122 770 2155 acceperat
784 2116 885 2145 Maro.
902 2115 1045 2143 Mantua·
1059 2114 1217 2153 originem
1234 2115 1387 2154 antiquis-

176 2168 285 2196 simam
305 2168 398 2197 fuisso
416 2180 541 2198 neccsse
561 2176 605 2199 cst
618 2193 625 2205 ,
645 2179 745 2209 quum
761 2175 852 2209 poeta
874 2167 912 2197 ad
929 2167 996 2196 haec
1017 2174 1160 2207 tempora
1181 2178 1250 2198 eam
1267 2167 1384 2198 referre

175 2229 270 2260 :uuus
285 2221 333 2249 sit.
350 2222 473 2252 Tiberis.
490 2221 575 2252 lilius
595 2234 661 2254 nou
678 2223 758 2254 male
771 2222 896 2253 habitus
917 2223 1042 2258 Ocnus,
1059 2231 1160 2264 quum
1186 2222 1226 2253 ab
1242 2222 1384 2254 Etruscis
