1414 2435
558 47 681 76 LIBER
705 47 779 76 XII.

75 105 274 154 Multaque
294 116 362 154 per
381 111 555 140 moestum
574 103 726 141 demens
744 103 858 141 effata
876 105 1061 154 furorem,

77 170 296 217 Purpureos
311 165 498 203 moritura
517 178 632 202 manu
653 165 831 203 discindit
850 167 1007 205 amictus
1020 196 1030 213 ‚

76 229 123 264 Et
136 226 279 263 nodum
298 224 470 261 informis
485 225 551 262 leti
567 225 675 262 trabe
688 227 804 262 nectit
821 225 870 263 ab
887 228 973 265 alta.

78 290 202 333 Quam
215 285 359 322 cladem
375 285 522 322 miserae
536 294 737 335 postquam
754 287 939 337 adcepere
953 288 1114 335 Latinae,

76 347 172 385 Filia
192 346 316 397 prima
334 358 450 382 manu
470 346 589 381 flavos
605 347 763 381 Lavinia
782 348 896 386 crinis

1225 359 1274 382 605

79 410 126 446 Et
141 419 269 444 roseas
284 406 424 443 laniata
443 417 555 455 genas
566 432 575 450 ‚
590 413 671 441 tum
685 412 812 441 cetera
831 405 975 441 circum

77 467 208 506 Turba
228 467 342 504 furit:
359 475 538 505 resonant
552 466 627 502 late
642 464 889 516 plangoribus
909 465 1019 502 aedes.

78 529 178 567 Hinc
191 536 309 564 totam
321 527 453 564 infelix
464 526 641 575 volgatur
657 525 756 562 fama
772 539 841 575 per
854 524 990 562 urbem
1005 540 1012 561 :

79 589 294 626 Demittunt
312 586 449 625 mentis
465 601 473 623 z
494 586 524 622 it
544 585 657 622 scissa
672 594 776 622 veste
794 585 950 622 Latinus
962 613 972 631 ‚

81 648 262 698 Conjugis
282 647 475 685 adtonitus
489 645 592 692 fatis,
610 644 793 695 urbisque
809 645 938 692 ruina3

1231 658 1281 681 610

84 708 271 745 Canitiem
286 707 470 745 inmundo
486 705 679 757 perfusam
692 707 851 756 pulvere
871 715 1027 755 turpans
1041 719 1049 740 :

84 768 301 818 *Multaque
315 781 356 805 se
368 768 537 813 incusat,
552 767 619 814 qui
635 778 712 801 non
727 765 922 815 adceperit
935 764 1039 801 ante*

83 828 338 866 *Dardanium
351 830 497 864 AEnean
507 854 517 871 ,
538 838 795 875 generumque
815 824 1018 861 adsciverit
1030 825 1163 862 ultra*

135 893 287 927 Interea
305 896 477 925 extremo
492 885 655 924 bellator
673 885 713 923 in
726 897 879 933 aequore
897 887 1048 922 Turnus

89 1024 226 1059 crimen,
246 1033 353 1060 reum,
378 1023 435 1063 qui
454 1023 581 1063 culpam
597 1033 661 1053 me-

87 1072 164 1101 ruit.
175 1087 220 1093 —
228 1069 306 1099 603.
317 1071 456 1099 Mortem
467 1070 661 1107 Amataejam

88 1122 271 1157 exspectare
287 1125 346 1144 nos
367 1115 483 1144 fecerat
505 1125 576 1155 sup.
598 1126 658 1145 vss.

90 1163 155 1199 62,
177 1162 232 1191 63.
255 1162 322 1191 Nec
340 1171 399 1201 pro
423 1160 498 1190 odio
526 1161 581 1190 illa
603 1171 661 1192 suo

88 1209 122 1238 in
138 1210 269 1239 AEneam
285 1213 443 1247 superstes
466 1208 577 1237 Turno
595 1218 660 1238 esse

88 1254 234 1285 debehat.
250 1252 309 1285 Sed
327 1253 443 1283 infame
465 1252 527 1283 hoc
549 1255 660 1283 mortis

87 1312 186 1343 genus
215 1307 341 1341 poetam
368 1300 515 1329 maluisse
541 1301 660 1329 mirum

87 1347 190 1378 videri
209 1347 314 1377 debet.
328 1346 452 1377 Scilicet
467 1356 527 1375 nec
540 1345 603 1376 hoc
621 1346 660 1376 ad

87 1395 137 1424 sui
151 1393 259 1424 saeculi
279 1403 407 1422 sensum
423 1393 657 1433 attemperavit,

87 1451 147 1470 nec
158 1439 199 1470 ad
209 1446 350 1470 nostram
363 1439 549 1480 opinionem
559 1445 604 1469 est
613 1438 660 1468 di-

85 1486 295 1526 judicandum
305 1497 314 1523 3
326 1492 373 1515 est
385 1486 470 1515 enim
483 1485 545 1515 hoc
560 1496 659 1526 genus

85 1534 197 1563 mortis
227 1532 391 1562 heroicum
421 1542 456 1561 ac
485 1533 638 1579 tragicum
649 1555 658 1569 ‚

85 1579 148 1609 hoc
163 1586 225 1616 est,
243 1578 436 1608 carminibus
453 1585 484 1608 et
500 1578 659 1620 tragoediis

88 1625 275 1655 Graecornm
300 1625 546 1665 frequentatum,
570 1625 658 1655 Mul—

87 1678 117 1700 ta
133 1671 276 1709 exempla
289 1671 324 1698 in
338 1671 376 1699 iis
390 1677 484 1707 sunt,
500 1681 571 1710 quae
585 1682 659 1700 con-

88 1716 183 1757 gessit
209 1714 320 1745 Cerda.
349 1713 467 1745 Nobile
493 1715 571 1746 adeo
603 1717 660 1746 leti

88 1772 189 1803 genus
209 1771 251 1790 ex
272 1760 405 1800 antiquo
429 1770 537 1797 more,
559 1762 659 1800 inpri-

86 1809 146 1838 mis
159 1808 193 1837 in
203 1806 337 1837 feminis.
353 1806 404 1836 Sic
413 1806 434 1836 J
436 1812 538 1835 ocasta
545 1806 659 1846 laqueo

88 1855 236 1896 spiritum
278 1852 457 1882 interclusit
469 1874 476 1888 ‚
516 1853 660 1892 Epicaste

88 1902 232 1932 Homero
246 1899 330 1929 dicta
344 1898 405 1930 od.
421 1901 451 1933 λ,
467 1909 530 1936 277
550 1909 595 1939 sq.
611 1899 660 1928 Sic

89 1946 327 1987 materUlyssis,
338 1945 493 1982 Anticlea,
502 1955 551 1985 ap.
563 1944 660 1975 eund.

90 1993 141 2024 Sic
160 1993 241 2024 Clite
260 2003 310 2034 ap.
327 1991 480 2033 Apollon.
503 1992 538 2028 Ι,
564 1991 659 2021 1063.

90 2039 142 2069 Sic
167 2038 296 2070 Phaedra
315 2045 347 2068 et
368 2038 446 2068 aliae.
467 2039 558 2068 Hanc
582 2037 660 2068 adeo

93 2090 226 2115 mortem
243 2084 383 2126 praetulit
408 2091 499 2125 poeta
514 2084 659 2114 historia-

91 2140 165 2160 rum
178 2129 270 2168 fidei,
286 2141 348 2172 qua
358 2130 444 2172 apud
452 2131 597 2163 Servium
607 2132 661 2161 Fa-

92 2176 165 2207 bius
187 2177 292 2207 Pictor
321 2179 466 2208 Amatam
494 2176 599 2208 inedia
628 2188 661 2209 se

260 2243 323 2277 IV.

713 1024 908 1053 interemisse
934 1022 1115 1054 tradiderat.
1142 1024 1186 1053 At
1214 1024 1286 1054 Piso

714 1069 801 1109 apud
810 1071 934 1099 Victor.
947 1071 1036 1110 Orig.
1052 1070 1092 1099 G.
1107 1071 1145 1100 R.
1167 1071 1203 1099 13
1215 1070 1287 1099 sim-

714 1115 840 1156 pliciter
855 1125 862 1146 :
889 1115 1056 1157 interfecto
1086 1115 1204 1145 Lacino
1222 1116 1234 1156 (
1251 1117 1286 1145 in

714 1172 822 1203 pugna
841 1173 914 1192 cum
927 1162 1079 1203 Rutulis)
1094 1168 1227 1191 mortem
1243 1163 1287 1192 A-

715 1215 831 1238 matam
857 1207 981 1238 sibimet
1005 1208 1199 1239 conscivisse.
1222 1210 1288 1238 No-

713 1255 789 1284 dum
809 1254 867 1284 leti
880 1255 1002 1295 egregie
1024 1254 1106 1284 dixit
1120 1264 1180 1294 pro
1196 1255 1284 1285 nodo

712 1301 857 1338 letifero3
873 1307 904 1330 et
932 1301 1029 1330 letum
1061 1300 1198 1341 informe
1225 1311 1285 1341 pro

714 1348 819 1387 turpi,
836 1347 934 1384 foedo,
949 1347 1078 1376 eximie!
1089 1347 1184 1376 -61
1195 1357 1221 1376 1.
1234 1349 1288 1377 Pa-

714 1393 785 1423 thos
808 1393 905 1423 habet
918 1403 1028 1422 versus
1054 1399 1085 1422 et
1112 1394 1286 1423 miseratio-

712 1449 787 1469 nem
808 1439 901 1476 facit;
918 1438 1082 1469 immundo
1101 1438 1287 1479 simpliciter

713 1493 823 1523 ornat,
841 1493 878 1516 ut
893 1486 951 1516 Ge.
967 1488 982 1516 I
993 1509 1002 1523 ‚
1021 1486 1075 1516 81.
1093 1485 1216 1515 Scilicet
1231 1482 1286 1515 κό-

712 1543 754 1562 νιν
790 1529 993 1562 αἰθαλόεσσαν
1029 1531 1186 1568 reddidit,
1214 1542 1287 1572 quae

713 1589 781 1609 non
796 1578 892 1609 modo
912 1579 951 1608 de
967 1579 1073 1608 cinere
1090 1578 1152 1607 foci
1166 1578 1201 1606 in
1213 1588 1286 1618 pro-

711 1626 836 1666 pinquo
858 1626 969 1655 stantis
991 1624 1053 1666 (ut
1067 1623 1158 1654 Iliad.
1177 1633 1210 1660 σ,
1241 1625 1283 1654 23

712 1670 751 1701 de
761 1671 912 1712 Achille),
923 1671 979 1701 sed
992 1678 1023 1700 et
1037 1670 1076 1700 de
1090 1670 1222 1710 pulvere
1236 1680 1285 1700 oc-

713 1719 815 1746 currit
826 1717 941 1758 Odyss.
966 1728 1008 1752 ω,
1030 1717 1068 1746 31
1078 1717 1107 1746 5.
1126 1714 1284 1745 Canitiem

712 1769 797 1791 terra
822 1769 919 1802 atque
948 1761 1054 1803 infuso
1075 1761 1207 1801 pulvere
1220 1760 1284 1801 foe-

713 1807 795 1836 dans
817 1817 828 1835 :
852 1808 1018 1847 praeiverat
1047 1808 1110 1844 jam
1142 1806 1284 1838 Catullus

713 1854 819 1883 LXIII
830 1875 839 1889 ,
857 1858 922 1888 224
934 1875 942 1890 ,
960 1859 997 1882 ut
1012 1853 1105 1882 eriam
1123 1853 1283 1882 monitum

714 1910 732 1929 a
751 1898 946 1930 Gnellio.——
959 1899 1025 1928 612
1038 1921 1047 1936 ‚
1068 1898 1147 1928 613.
1162 1899 1203 1927 Hi
1219 1897 1285 1928 duo

714 1955 822 1974 versus
836 1944 1055 1975 desiderantur
1067 1946 1101 1974 in
1112 1946 1206 1974 Rom.
1219 1946 1287 1975 Me-

715 1991 777 2021 dic.
808 1998 840 2021 et
871 1992 940 2021 aliis
963 1992 1095 2021 vetustis
1107 2013 1115 2027 ,
1143 1991 1284 2021 translati

714 2037 778 2067 hnc
788 2048 828 2067 ex
840 2037 896 2068 lib.
912 2040 959 2069 XI
971 2060 979 2074 ,
995 2044 1056 2075 471
1072 2060 1079 2074 ‚
1095 2038 1289 2075 47230n1is-

716 2086 743 2114 si
757 2087 849 2114 etiam
870 2095 887 2114 a
903 2084 1142 2126 Cuninghamo,
1161 2085 1285 2115 Brunc-

714 2131 787 2165 hio,
810 2129 858 2160 ed.
880 2133 981 2161 Parm.

764 2177 783 2206 6
793 2187 803 2206 1
812 2182 841 2212 4.
851 2176 1076 2208 Revocandum
1089 2178 1125 2207 in
1135 2177 1289 2216 animum,

1082 2248 1125 2285 24
