<?xml version="1.0" encoding="UTF-8"?>
<!DOCTYPE html PUBLIC "-//W3C//DTD XHTML 1.0 Transitional//EN"
    "http://www.w3.org/TR/xhtml1/DTD/xhtml1-transitional.dtd">
<html xmlns="http://www.w3.org/1999/xhtml" xml:lang="en" lang="en">
 <head>
  <title>
</title>
<meta http-equiv="Content-Type" content="text/html;charset=utf-8" />
  <meta name='ocr-system' content='tesseract 3.04.00' />
  <meta name='ocr-capabilities' content='ocr_page ocr_carea ocr_par ocr_line ocrx_word'/>
</head>
<body>
  <div class='ocr_page' id='page_1' title='image "./operahey04virguoft_0107.png"; bbox 0 0 1414 2435; ppageno 0'>
   <div class='ocr_carea' id='block_1_1' title="bbox 105 74 1294 260">
    <p class='ocr_par' dir='ltr' id='par_1_1' title="bbox 105 74 1294 260">
     <span class='ocr_line' id='line_1_1' title="bbox 605 74 1294 132; baseline 0.004 -12"><span class='ocrx_word' id='word_1_1' title='bbox 605 92 728 123; x_wconf 80' lang='lat' dir='ltr'>LIBER</span> <span class='ocrx_word' id='word_1_2' title='bbox 751 94 793 122; x_wconf 74' lang='lat' dir='ltr'>x,</span> <span class='ocrx_word' id='word_1_3' title='bbox 1086 74 1088 76; x_wconf 51' lang='grc'>’</span> <span class='ocrx_word' id='word_1_4' title='bbox 1255 102 1294 132; x_wconf 80' lang='lat'>97</span> 
     </span>
     <span class='ocr_line' id='line_1_2' title="bbox 106 146 1035 198; baseline 0.003 -14"><span class='ocrx_word' id='word_1_5' title='bbox 106 147 312 198; x_wconf 85' lang='lat' dir='ltr'>Sanguinei</span> <span class='ocrx_word' id='word_1_6' title='bbox 330 146 492 197; x_wconf 79' lang='lat' dir='ltr'>lugubre</span> <span class='ocrx_word' id='word_1_7' title='bbox 509 146 664 194; x_wconf 86' lang='lat' dir='ltr'>rubent,</span> <span class='ocrx_word' id='word_1_8' title='bbox 686 157 750 185; x_wconf 81' lang='lat' dir='ltr'>aut</span> <span class='ocrx_word' id='word_1_9' title='bbox 769 148 888 187; x_wconf 84' lang='lat' dir='ltr'>Sirius</span> <span class='ocrx_word' id='word_1_10' title='bbox 905 151 1035 197; x_wconf 82' lang='lat' dir='ltr'>ardor;</span> 
     </span>
     <span class='ocr_line' id='line_1_3' title="bbox 105 206 1088 260; baseline 0.003 -17"><span class='ocrx_word' id='word_1_11' title='bbox 105 207 190 253; x_wconf 87' lang='lat' dir='ltr'>Ille,</span> <span class='ocrx_word' id='word_1_12' title='bbox 210 208 310 244; x_wconf 88' lang='lat' dir='ltr'>sitim</span> <span class='ocrx_word' id='word_1_13' title='bbox 328 206 558 256; x_wconf 79' lang='lat' dir='ltr'>morbosque</span> <span class='ocrx_word' id='word_1_14' title='bbox 578 208 700 245; x_wconf 88' lang='lat' dir='ltr'>serens</span> <span class='ocrx_word' id='word_1_15' title='bbox 719 209 941 247; x_wconf 80' lang='lat' dir='ltr'>mortalibus</span> <span class='ocrx_word' id='word_1_16' title='bbox 962 210 1088 260; x_wconf 82' lang='lat' dir='ltr'>aegris,</span> 
     </span>
    </p>
   </div>
   <div class='ocr_carea' id='block_1_2' title="bbox 107 269 1010 315">
    <p class='ocr_par' dir='ltr' id='par_1_2' title="bbox 107 269 1010 315">
     <span class='ocr_line' id='line_1_4' title="bbox 107 269 1010 315; baseline 0.001 -10"><span class='ocrx_word' id='word_1_17' title='bbox 107 269 303 315; x_wconf 82' lang='lat' dir='ltr'><strong>Nascitur,</strong></span> <span class='ocrx_word' id='word_1_18' title='bbox 324 277 360 305; x_wconf 88' lang='lat' dir='ltr'>et</span> <span class='ocrx_word' id='word_1_19' title='bbox 379 269 474 305; x_wconf 89' lang='lat' dir='ltr'>laevo</span> <span class='ocrx_word' id='word_1_20' title='bbox 494 269 690 306; x_wconf 83' lang='lat' dir='ltr'>contristat</span> <span class='ocrx_word' id='word_1_21' title='bbox 708 269 847 306; x_wconf 84' lang='lat' dir='ltr'>lumine</span> <span class='ocrx_word' id='word_1_22' title='bbox 864 271 1010 307; x_wconf 85' lang='lat' dir='ltr'>coelum.</span> 
     </span>
    </p>
   </div>
   <div class='ocr_carea' id='block_1_3' title="bbox 105 328 1143 558">
    <p class='ocr_par' dir='ltr' id='par_1_3' title="bbox 105 328 1143 558">
     <span class='ocr_line' id='line_1_5' title="bbox 157 328 999 367; baseline 0.002 -2"><span class='ocrx_word' id='word_1_23' title='bbox 157 328 271 365; x_wconf 88' lang='lat' dir='ltr'>Haud</span> <span class='ocrx_word' id='word_1_24' title='bbox 290 335 415 365; x_wconf 87' lang='lat' dir='ltr'>tamen</span> <span class='ocrx_word' id='word_1_25' title='bbox 434 329 568 365; x_wconf 83' lang='lat' dir='ltr'>audaci</span> <span class='ocrx_word' id='word_1_26' title='bbox 584 331 713 366; x_wconf 89' lang='lat' dir='ltr'>Turno</span> <span class='ocrx_word' id='word_1_27' title='bbox 731 329 869 366; x_wconf 89' lang='lat' dir='ltr'>fiducia</span> <span class='ocrx_word' id='word_1_28' title='bbox 889 330 999 367; x_wconf 85' lang='lat' dir='ltr'>cessit</span> 
     </span>
     <span class='ocr_line' id='line_1_6' title="bbox 105 388 1029 439; baseline 0.002 -15"><span class='ocrx_word' id='word_1_29' title='bbox 105 388 236 425; x_wconf 82' lang='lat' dir='ltr'>Litora</span> <span class='ocrx_word' id='word_1_30' title='bbox 256 389 482 439; x_wconf 78' lang='lat' dir='ltr'>praecipere,</span> <span class='ocrx_word' id='word_1_31' title='bbox 503 397 540 425; x_wconf 89' lang='lat' dir='ltr'>et</span> <span class='ocrx_word' id='word_1_32' title='bbox 558 389 743 426; x_wconf 86' lang='lat' dir='ltr'>venientis</span> <span class='ocrx_word' id='word_1_33' title='bbox 761 390 901 439; x_wconf 82' lang='lat' dir='ltr'>pellere</span> <span class='ocrx_word' id='word_1_34' title='bbox 918 400 1029 427; x_wconf 85' lang='lat' dir='ltr'>terra.</span> 
     </span>
     <span class='ocr_line' id='line_1_7' title="bbox 105 446 1143 498; baseline 0 -14"><span class='ocrx_word' id='word_1_35' title='bbox 105 446 238 485; x_wconf 82' lang='lat' dir='ltr'>*Ultro</span> <span class='ocrx_word' id='word_1_36' title='bbox 258 448 402 484; x_wconf 86' lang='lat' dir='ltr'>animos</span> <span class='ocrx_word' id='word_1_37' title='bbox 425 448 522 484; x_wconf 89' lang='lat' dir='ltr'>tollit</span> <span class='ocrx_word' id='word_1_38' title='bbox 541 448 669 494; x_wconf 88' lang='lat' dir='ltr'>dictis,</span> <span class='ocrx_word' id='word_1_39' title='bbox 689 457 801 498; x_wconf 90' lang='lat' dir='ltr'>atque</span> <span class='ocrx_word' id='word_1_40' title='bbox 820 449 990 498; x_wconf 76' lang='lat' dir='ltr'>increpat</span> <span class='ocrx_word' id='word_1_41' title='bbox 1009 448 1143 485; x_wconf 79' lang='lat' dir='ltr'>ultro.*</span> 
     </span>
     <span class='ocr_line' id='line_1_8' title="bbox 107 508 1136 558; baseline 0 -13"><span class='ocrx_word' id='word_1_42' title='bbox 107 524 123 541; x_wconf 70' lang='grc' dir='ltr'>α</span> <span class='ocrx_word' id='word_1_43' title='bbox 144 508 257 555; x_wconf 92' lang='lat' dir='ltr'>Quod</span> <span class='ocrx_word' id='word_1_44' title='bbox 274 510 372 545; x_wconf 77' lang='lat' dir='ltr'>votis</span> <span class='ocrx_word' id='word_1_45' title='bbox 392 508 567 556; x_wconf 85' lang='lat' dir='ltr'>optastis,</span> <span class='ocrx_word' id='word_1_46' title='bbox 589 508 711 553; x_wconf 87' lang='lat' dir='ltr'>adest,</span> <span class='ocrx_word' id='word_1_47' title='bbox 731 509 965 558; x_wconf 81' lang='lat' dir='ltr'>perfringere</span> <span class='ocrx_word' id='word_1_48' title='bbox 985 509 1136 556; x_wconf 78' lang='lat' dir='ltr'>dextra3</span> 
     </span>
    </p>
   </div>
   <div class='ocr_carea' id='block_1_4' title="bbox 106 566 709 617">
    <p class='ocr_par' dir='ltr' id='par_1_4' title="bbox 106 566 709 617">
     <span class='ocr_line' id='line_1_9' title="bbox 106 566 709 617; baseline -0.002 -14"><span class='ocrx_word' id='word_1_49' title='bbox 106 569 151 603; x_wconf 92' lang='lat' dir='ltr'>In</span> <span class='ocrx_word' id='word_1_50' title='bbox 171 567 345 604; x_wconf 86' lang='lat' dir='ltr'>manibus</span> <span class='ocrx_word' id='word_1_51' title='bbox 365 570 468 604; x_wconf 86' lang='lat' dir='ltr'>Mars</span> <span class='ocrx_word' id='word_1_52' title='bbox 487 566 587 617; x_wconf 87' lang='lat' dir='ltr'>ipse,</span> <span class='ocrx_word' id='word_1_53' title='bbox 608 567 681 603; x_wconf 88' lang='lat' dir='ltr'>viri</span> <span class='ocrx_word' id='word_1_54' title='bbox 701 582 709 603; x_wconf 92' lang='lat'>:</span> 
     </span>
    </p>
   </div>
   <div class='ocr_carea' id='block_1_5' title="bbox 729 568 1298 618">
    <p class='ocr_par' dir='ltr' id='par_1_5' title="bbox 729 568 1298 618">
     <span class='ocr_line' id='line_1_10' title="bbox 729 568 1298 618; baseline -0.005 -15"><span class='ocrx_word' id='word_1_55' title='bbox 729 580 830 604; x_wconf 91' lang='lat' dir='ltr'>nunc</span> <span class='ocrx_word' id='word_1_56' title='bbox 847 568 1017 618; x_wconf 85' lang='lat' dir='ltr'>conjugis</span> <span class='ocrx_word' id='word_1_57' title='bbox 1037 577 1117 605; x_wconf 87' lang='lat' dir='ltr'>esto</span> <span class='ocrx_word' id='word_1_58' title='bbox 1251 578 1298 601; x_wconf 73' lang='lat'>280</span> 
     </span>
    </p>
   </div>
   <div class='ocr_carea' id='block_1_6' title="bbox 106 627 1168 678">
    <p class='ocr_par' dir='ltr' id='par_1_6' title="bbox 106 627 1168 678">
     <span class='ocr_line' id='line_1_11' title="bbox 106 627 1168 678; baseline -0.001 -13"><span class='ocrx_word' id='word_1_59' title='bbox 106 628 276 677; x_wconf 87' lang='lat' dir='ltr'>Quisque</span> <span class='ocrx_word' id='word_1_60' title='bbox 296 640 373 665; x_wconf 87' lang='lat' dir='ltr'>suae</span> <span class='ocrx_word' id='word_1_61' title='bbox 393 627 557 676; x_wconf 86' lang='lat' dir='ltr'>tectique</span> <span class='ocrx_word' id='word_1_62' title='bbox 575 639 738 676; x_wconf 80' lang='lat' dir='ltr'>memor3</span> <span class='ocrx_word' id='word_1_63' title='bbox 757 641 858 665; x_wconf 89' lang='lat' dir='ltr'>nunc</span> <span class='ocrx_word' id='word_1_64' title='bbox 875 640 1010 678; x_wconf 85' lang='lat' dir='ltr'>magna</span> <span class='ocrx_word' id='word_1_65' title='bbox 1029 628 1168 665; x_wconf 86' lang='lat' dir='ltr'>referto</span> 
     </span>
    </p>
   </div>
   <div class='ocr_carea' id='block_1_7' title="bbox 98 770 680 2237">
    <p class='ocr_par' dir='ltr' id='par_1_7' title="bbox 98 770 680 2237">
     <span class='ocr_line' id='line_1_12' title="bbox 106 770 680 811; baseline -0.002 -11"><span class='ocrx_word' id='word_1_66' title='bbox 106 780 174 811; x_wconf 85' lang='lat' dir='ltr'><strong>sqq.</strong></span> <span class='ocrx_word' id='word_1_67' title='bbox 187 793 195 809; x_wconf 89' lang='lat'><strong>,</strong></span> <span class='ocrx_word' id='word_1_68' title='bbox 211 770 269 800; x_wconf 91' lang='lat' dir='ltr'>nbi</span> <span class='ocrx_word' id='word_1_69' title='bbox 285 776 430 801; x_wconf 88' lang='lat' dir='ltr'>cometen</span> <span class='ocrx_word' id='word_1_70' title='bbox 448 776 596 800; x_wconf 81' lang='lat' dir='ltr'>exustum</span> <span class='ocrx_word' id='word_1_71' title='bbox 612 770 680 811; x_wconf 88' lang='lat' dir='ltr'>igni</span> 
     </span>
     <span class='ocr_line' id='line_1_13' title="bbox 106 816 680 857; baseline -0.002 -11"><span class='ocrx_word' id='word_1_72' title='bbox 106 823 138 846; x_wconf 90' lang='lat' dir='ltr'>et</span> <span class='ocrx_word' id='word_1_73' title='bbox 151 823 354 846; x_wconf 87' lang='lat' dir='ltr'>consumtum</span> <span class='ocrx_word' id='word_1_74' title='bbox 364 816 403 846; x_wconf 91' lang='lat' dir='ltr'>ab</span> <span class='ocrx_word' id='word_1_75' title='bbox 413 816 585 857; x_wconf 88' lang='lat' dir='ltr'>Ophiucho</span> <span class='ocrx_word' id='word_1_76' title='bbox 595 816 680 845; x_wconf 88' lang='lat' dir='ltr'>flam-</span> 
     </span>
     <span class='ocr_line' id='line_1_14' title="bbox 106 869 680 903; baseline -0.002 -11"><span class='ocrx_word' id='word_1_77' title='bbox 106 872 191 892; x_wconf 84' lang='lat' dir='ltr'>mare</span> <span class='ocrx_word' id='word_1_78' title='bbox 201 885 210 900; x_wconf 86' lang='lat'><strong><em>,</em></strong></span> <span class='ocrx_word' id='word_1_79' title='bbox 226 869 258 892; x_wconf 90' lang='lat' dir='ltr'>et</span> <span class='ocrx_word' id='word_1_80' title='bbox 272 872 364 892; x_wconf 87' lang='lat' dir='ltr'>coma</span> <span class='ocrx_word' id='word_1_81' title='bbox 386 872 494 903; x_wconf 86' lang='lat' dir='ltr'>quassa</span> <span class='ocrx_word' id='word_1_82' title='bbox 513 869 633 902; x_wconf 84' lang='lat' dir='ltr'>pestem</span> <span class='ocrx_word' id='word_1_83' title='bbox 648 869 680 892; x_wconf 89' lang='lat' dir='ltr'>et</span> 
     </span>
     <span class='ocr_line' id='line_1_15' title="bbox 108 908 676 947; baseline -0.002 -9"><span class='ocrx_word' id='word_1_84' title='bbox 108 908 219 938; x_wconf 84' lang='lat' dir='ltr'>famem</span> <span class='ocrx_word' id='word_1_85' title='bbox 229 909 399 938; x_wconf 80' lang='lat' dir='ltr'>immittere</span> <span class='ocrx_word' id='word_1_86' title='bbox 412 908 499 939; x_wconf 87' lang='lat' dir='ltr'>dicit.</span> <span class='ocrx_word' id='word_1_87' title='bbox 513 908 573 938; x_wconf 86' lang='lat' dir='ltr'>Sed</span> <span class='ocrx_word' id='word_1_88' title='bbox 589 908 676 947; x_wconf 88' lang='lat' dir='ltr'>Sirii,</span> 
     </span>
     <span class='ocr_line' id='line_1_16' title="bbox 106 954 680 995; baseline 0 -11"><span class='ocrx_word' id='word_1_89' title='bbox 106 965 162 984; x_wconf 89' lang='lat' dir='ltr'>seu</span> <span class='ocrx_word' id='word_1_90' title='bbox 175 955 326 985; x_wconf 81' lang='lat' dir='ltr'>caniculae</span> <span class='ocrx_word' id='word_1_91' title='bbox 341 955 535 995; x_wconf 80' lang='lat' dir='ltr'>comparatio</span> <span class='ocrx_word' id='word_1_92' title='bbox 545 960 610 984; x_wconf 82' lang='lat' dir='ltr'>tota</span> <span class='ocrx_word' id='word_1_93' title='bbox 626 954 680 984; x_wconf 91' lang='lat' dir='ltr'>de-</span> 
     </span>
     <span class='ocr_line' id='line_1_17' title="bbox 106 1000 678 1040; baseline -0.002 -10"><span class='ocrx_word' id='word_1_94' title='bbox 106 1000 202 1030; x_wconf 83' lang='lat' dir='ltr'>betur</span> <span class='ocrx_word' id='word_1_95' title='bbox 222 1003 364 1031; x_wconf 88' lang='lat' dir='ltr'>Homero</span> <span class='ocrx_word' id='word_1_96' title='bbox 382 1011 390 1032; x_wconf 91' lang='lat'>:</span> <span class='ocrx_word' id='word_1_97' title='bbox 408 1001 498 1031; x_wconf 86' lang='lat' dir='ltr'>Iliad.</span> <span class='ocrx_word' id='word_1_98' title='bbox 523 1011 561 1040; x_wconf 82' lang='grc' dir='ltr'>χ,</span> <span class='ocrx_word' id='word_1_99' title='bbox 579 1001 678 1030; x_wconf 86' lang='lat'>26—</span> 
     </span>
     <span class='ocr_line' id='line_1_18' title="bbox 109 1046 678 1087; baseline 0 -11"><span class='ocrx_word' id='word_1_100' title='bbox 109 1048 150 1076; x_wconf 83' lang='grc'>33</span> <span class='ocrx_word' id='word_1_101' title='bbox 180 1046 218 1076; x_wconf 90' lang='lat' dir='ltr'>de</span> <span class='ocrx_word' id='word_1_102' title='bbox 246 1047 380 1078; x_wconf 87' lang='lat' dir='ltr'>Achille.</span> <span class='ocrx_word' id='word_1_103' title='bbox 402 1047 484 1078; x_wconf 91' lang='lat' dir='ltr'>Cum</span> <span class='ocrx_word' id='word_1_104' title='bbox 508 1053 602 1084; x_wconf 85' lang='lat' dir='ltr'>aestu,</span> <span class='ocrx_word' id='word_1_105' title='bbox 623 1048 678 1087; x_wconf 91' lang='lat' dir='ltr'>qui</span> 
     </span>
     <span class='ocr_line' id='line_1_19' title="bbox 107 1092 677 1129; baseline 0 -8"><span class='ocrx_word' id='word_1_106' title='bbox 107 1093 167 1122; x_wconf 88' lang='lat' dir='ltr'>sub</span> <span class='ocrx_word' id='word_1_107' title='bbox 191 1092 300 1122; x_wconf 86' lang='lat' dir='ltr'>sideris</span> <span class='ocrx_word' id='word_1_108' title='bbox 319 1100 424 1123; x_wconf 90' lang='lat' dir='ltr'>ortum</span> <span class='ocrx_word' id='word_1_109' title='bbox 450 1094 595 1122; x_wconf 80' lang='lat' dir='ltr'>exoritur</span> <span class='ocrx_word' id='word_1_110' title='bbox 606 1115 614 1129; x_wconf 92' lang='lat'>‚</span> <span class='ocrx_word' id='word_1_111' title='bbox 643 1093 677 1122; x_wconf 86' lang='lat' dir='ltr'>in</span> 
     </span>
     <span class='ocr_line' id='line_1_20' title="bbox 109 1138 678 1169; baseline 0 -2"><span class='ocrx_word' id='word_1_112' title='bbox 109 1139 147 1167; x_wconf 90' lang='lat' dir='ltr'>iis</span> <span class='ocrx_word' id='word_1_113' title='bbox 163 1140 254 1168; x_wconf 78' lang='lat' dir='ltr'>terris</span> <span class='ocrx_word' id='word_1_114' title='bbox 272 1139 374 1169; x_wconf 78' lang='lat' dir='ltr'>febres</span> <span class='ocrx_word' id='word_1_115' title='bbox 395 1145 520 1168; x_wconf 85' lang='lat' dir='ltr'>tentant</span> <span class='ocrx_word' id='word_1_116' title='bbox 533 1138 678 1168; x_wconf 89' lang='lat' dir='ltr'>homines</span> 
     </span>
     <span class='ocr_line' id='line_1_21' title="bbox 107 1184 675 1226; baseline 0 -13"><span class='ocrx_word' id='word_1_117' title='bbox 107 1184 253 1226; x_wconf 68' lang='lat' dir='ltr'>maligna!</span> <span class='ocrx_word' id='word_1_118' title='bbox 269 1195 277 1216; x_wconf 74' lang='grc' dir='ltr'>ε</span> <span class='ocrx_word' id='word_1_119' title='bbox 301 1184 341 1215; x_wconf 87' lang='lat' dir='ltr'>cf.</span> <span class='ocrx_word' id='word_1_120' title='bbox 359 1184 510 1224; x_wconf 86' lang='lat' dir='ltr'>Apollon.</span> <span class='ocrx_word' id='word_1_121' title='bbox 535 1185 584 1217; x_wconf 82' lang='lat'>11,</span> <span class='ocrx_word' id='word_1_122' title='bbox 611 1184 675 1214; x_wconf 84' lang='lat'>518</span> 
     </span>
     <span class='ocr_line' id='line_1_22' title="bbox 106 1229 673 1267; baseline -0.004 -6"><span class='ocrx_word' id='word_1_123' title='bbox 106 1247 151 1252; x_wconf 92' lang='lat'>—</span> <span class='ocrx_word' id='word_1_124' title='bbox 171 1231 233 1261; x_wconf 83' lang='lat'>521</span> <span class='ocrx_word' id='word_1_125' title='bbox 251 1237 281 1260; x_wconf 89' lang='lat' dir='ltr'>et</span> <span class='ocrx_word' id='word_1_126' title='bbox 294 1230 399 1261; x_wconf 87' lang='lat' dir='ltr'>Schol.</span> <span class='ocrx_word' id='word_1_127' title='bbox 411 1230 478 1261; x_wconf 91' lang='lat' dir='ltr'>Cic.</span> <span class='ocrx_word' id='word_1_128' title='bbox 495 1229 534 1259; x_wconf 92' lang='lat' dir='ltr'>de</span> <span class='ocrx_word' id='word_1_129' title='bbox 548 1230 622 1261; x_wconf 87' lang='lat' dir='ltr'>Div.</span> <span class='ocrx_word' id='word_1_130' title='bbox 640 1232 654 1259; x_wconf 96' lang='lat' dir='ltr'>I</span> <span class='ocrx_word' id='word_1_131' title='bbox 665 1252 673 1267; x_wconf 92' lang='lat'>‚</span> 
     </span>
     <span class='ocr_line' id='line_1_23' title="bbox 110 1275 675 1314; baseline -0.004 -7"><span class='ocrx_word' id='word_1_132' title='bbox 110 1277 164 1314; x_wconf 77' lang='lat'>57,</span> <span class='ocrx_word' id='word_1_133' title='bbox 178 1283 208 1307; x_wconf 86' lang='lat' dir='ltr'>et</span> <span class='ocrx_word' id='word_1_134' title='bbox 222 1277 342 1313; x_wconf 82' lang='lat' dir='ltr'>Davis.;</span> <span class='ocrx_word' id='word_1_135' title='bbox 353 1275 428 1305; x_wconf 93' lang='lat' dir='ltr'>hinc</span> <span class='ocrx_word' id='word_1_136' title='bbox 442 1285 539 1306; x_wconf 81' lang='lat' dir='ltr'>mox:</span> <span class='ocrx_word' id='word_1_137' title='bbox 555 1276 616 1306; x_wconf 82' lang='lat' dir='ltr'>Ille</span> <span class='ocrx_word' id='word_1_138' title='bbox 634 1276 675 1306; x_wconf 85' lang='lat' dir='ltr'>si-</span> 
     </span>
     <span class='ocr_line' id='line_1_24' title="bbox 107 1321 678 1363; baseline -0.002 -12"><span class='ocrx_word' id='word_1_139' title='bbox 107 1322 162 1352; x_wconf 86' lang='lat' dir='ltr'>tim</span> <span class='ocrx_word' id='word_1_140' title='bbox 201 1322 386 1362; x_wconf 82' lang='lat' dir='ltr'>morbosque</span> <span class='ocrx_word' id='word_1_141' title='bbox 405 1321 531 1363; x_wconf 81' lang='lat' dir='ltr'>ferens,</span> <span class='ocrx_word' id='word_1_142' title='bbox 556 1338 602 1344; x_wconf 90' lang='lat'>—-</span> <span class='ocrx_word' id='word_1_143' title='bbox 627 1321 678 1351; x_wconf 82' lang='lat' dir='ltr'>Li-</span> 
     </span>
     <span class='ocr_line' id='line_1_25' title="bbox 106 1367 678 1409; baseline -0.003 -11"><span class='ocrx_word' id='word_1_144' title='bbox 106 1368 206 1409; x_wconf 83' lang='lat' dir='ltr'>quida</span> <span class='ocrx_word' id='word_1_145' title='bbox 222 1376 311 1398; x_wconf 83' lang='lat' dir='ltr'>nocte</span> <span class='ocrx_word' id='word_1_146' title='bbox 321 1379 331 1398; x_wconf 90' lang='lat'><em>:</em></span> <span class='ocrx_word' id='word_1_147' title='bbox 345 1368 492 1398; x_wconf 71' lang='lat' dir='ltr'>translate</span> <span class='ocrx_word' id='word_1_148' title='bbox 505 1367 544 1396; x_wconf 81' lang='lat' dir='ltr'>ab</span> <span class='ocrx_word' id='word_1_149' title='bbox 560 1378 630 1397; x_wconf 86' lang='lat' dir='ltr'>aere</span> <span class='ocrx_word' id='word_1_150' title='bbox 641 1367 678 1397; x_wconf 85' lang='lat' dir='ltr'>li-</span> 
     </span>
     <span class='ocr_line' id='line_1_26' title="bbox 107 1414 675 1455; baseline -0.002 -11"><span class='ocrx_word' id='word_1_151' title='bbox 107 1415 206 1455; x_wconf 88' lang='lat' dir='ltr'>quido</span> <span class='ocrx_word' id='word_1_152' title='bbox 217 1438 225 1453; x_wconf 92' lang='lat'>‚</span> <span class='ocrx_word' id='word_1_153' title='bbox 249 1425 307 1455; x_wconf 91' lang='lat' dir='ltr'>pro</span> <span class='ocrx_word' id='word_1_154' title='bbox 326 1414 418 1444; x_wconf 88' lang='lat' dir='ltr'>clara.</span> <span class='ocrx_word' id='word_1_155' title='bbox 428 1431 475 1436; x_wconf 89' lang='lat'>——</span> <span class='ocrx_word' id='word_1_156' title='bbox 489 1415 567 1451; x_wconf 82' lang='lat'>273.</span> <span class='ocrx_word' id='word_1_157' title='bbox 594 1415 675 1443; x_wconf 86' lang='lat' dir='ltr'>San-</span> 
     </span>
     <span class='ocr_line' id='line_1_27' title="bbox 103 1459 676 1502; baseline -0.003 -11"><span class='ocrx_word' id='word_1_158' title='bbox 103 1461 232 1502; x_wconf 79' lang='lat' dir='ltr'>gulneoe</span> <span class='ocrx_word' id='word_1_159' title='bbox 245 1461 338 1490; x_wconf 90' lang='lat' dir='ltr'>multi</span> <span class='ocrx_word' id='word_1_160' title='bbox 352 1471 402 1500; x_wconf 89' lang='lat' dir='ltr'>ap.</span> <span class='ocrx_word' id='word_1_161' title='bbox 418 1461 527 1490; x_wconf 87' lang='lat' dir='ltr'>Bnrm.</span> <span class='ocrx_word' id='word_1_162' title='bbox 540 1482 548 1496; x_wconf 91' lang='lat'>,</span> <span class='ocrx_word' id='word_1_163' title='bbox 561 1466 594 1489; x_wconf 89' lang='lat' dir='ltr'>et</span> <span class='ocrx_word' id='word_1_164' title='bbox 610 1459 676 1490; x_wconf 92' lang='lat' dir='ltr'>dno</span> 
     </span>
     <span class='ocr_line' id='line_1_28' title="bbox 106 1505 675 1546; baseline -0.002 -10"><span class='ocrx_word' id='word_1_165' title='bbox 106 1518 145 1537; x_wconf 79' lang='lat' dir='ltr'>ac</span> <span class='ocrx_word' id='word_1_166' title='bbox 165 1507 284 1546; x_wconf 66' lang='lat' dir='ltr'>Syrius.</span> <span class='ocrx_word' id='word_1_167' title='bbox 303 1508 359 1537; x_wconf 86' lang='lat' dir='ltr'>Est</span> <span class='ocrx_word' id='word_1_168' title='bbox 380 1512 485 1535; x_wconf 87' lang='lat' dir='ltr'>autem</span> <span class='ocrx_word' id='word_1_169' title='bbox 505 1505 603 1535; x_wconf 77' lang='lat' dir='ltr'>Sirius</span> <span class='ocrx_word' id='word_1_170' title='bbox 622 1505 675 1535; x_wconf 87' lang='lat' dir='ltr'>ad-</span> 
     </span>
     <span class='ocr_line' id='line_1_29' title="bbox 103 1549 676 1595; baseline -0.003 -12"><span class='ocrx_word' id='word_1_171' title='bbox 103 1554 225 1591; x_wconf 78' lang='lat' dir='ltr'>jectivae</span> <span class='ocrx_word' id='word_1_172' title='bbox 240 1553 366 1590; x_wconf 85' lang='lat' dir='ltr'>formae;</span> <span class='ocrx_word' id='word_1_173' title='bbox 382 1549 494 1594; x_wconf 69' lang='grc' dir='ltr'>Σείριος</span> <span class='ocrx_word' id='word_1_174' title='bbox 505 1550 586 1595; x_wconf 57' lang='lat' dir='ltr'>&amp;tq-*kp</span> <span class='ocrx_word' id='word_1_175' title='bbox 597 1575 606 1590; x_wconf 82' lang='lat'>‚</span> <span class='ocrx_word' id='word_1_176' title='bbox 617 1562 676 1582; x_wconf 90' lang='lat' dir='ltr'>un-</span> 
     </span>
     <span class='ocr_line' id='line_1_30' title="bbox 107 1598 677 1638; baseline -0.002 -9"><span class='ocrx_word' id='word_1_177' title='bbox 107 1599 145 1629; x_wconf 91' lang='lat' dir='ltr'>de</span> <span class='ocrx_word' id='word_1_178' title='bbox 160 1599 193 1630; x_wconf 89' lang='lat' dir='ltr'>h.</span> <span class='ocrx_word' id='word_1_179' title='bbox 207 1599 230 1629; x_wconf 92' lang='lat' dir='ltr'>l.</span> <span class='ocrx_word' id='word_1_180' title='bbox 251 1598 348 1628; x_wconf 79' lang='lat' dir='ltr'>Sirius</span> <span class='ocrx_word' id='word_1_181' title='bbox 364 1598 471 1629; x_wconf 86' lang='lat' dir='ltr'>ardor.</span> <span class='ocrx_word' id='word_1_182' title='bbox 485 1600 606 1628; x_wconf 89' lang='lat' dir='ltr'>Vocem</span> <span class='ocrx_word' id='word_1_183' title='bbox 622 1608 677 1638; x_wconf 88' lang='lat' dir='ltr'>pe-</span> 
     </span>
     <span class='ocr_line' id='line_1_31' title="bbox 107 1644 676 1686; baseline -0.002 -12"><span class='ocrx_word' id='word_1_184' title='bbox 107 1646 240 1686; x_wconf 82' lang='lat' dir='ltr'>regrinae</span> <span class='ocrx_word' id='word_1_185' title='bbox 268 1655 334 1675; x_wconf 89' lang='lat' dir='ltr'>esse</span> <span class='ocrx_word' id='word_1_186' title='bbox 357 1645 506 1686; x_wconf 84' lang='lat' dir='ltr'>originis,</span> <span class='ocrx_word' id='word_1_187' title='bbox 530 1644 676 1674; x_wconf 82' lang='lat' dir='ltr'>dubitare</span> 
     </span>
     <span class='ocr_line' id='line_1_32' title="bbox 106 1690 674 1731; baseline 0 -11"><span class='ocrx_word' id='word_1_188' title='bbox 106 1701 172 1720; x_wconf 92' lang='lat' dir='ltr'>non</span> <span class='ocrx_word' id='word_1_189' title='bbox 181 1690 463 1720; x_wconf 84' lang='lat' dir='ltr'>debebantveteres</span> <span class='ocrx_word' id='word_1_190' title='bbox 471 1691 674 1731; x_wconf 84' lang='lat' dir='ltr'>grammatici.</span> 
     </span>
     <span class='ocr_line' id='line_1_33' title="bbox 107 1735 678 1776; baseline 0 -10"><span class='ocrx_word' id='word_1_191' title='bbox 107 1735 284 1767; x_wconf 85' lang='lat' dir='ltr'>Wakefield</span> <span class='ocrx_word' id='word_1_192' title='bbox 303 1737 345 1766; x_wconf 89' lang='lat' dir='ltr'>ita</span> <span class='ocrx_word' id='word_1_193' title='bbox 368 1737 570 1776; x_wconf 79' lang='lat' dir='ltr'>interpunxit</span> <span class='ocrx_word' id='word_1_194' title='bbox 584 1746 592 1766; x_wconf 88' lang='lat'>:</span> <span class='ocrx_word' id='word_1_195' title='bbox 609 1738 678 1766; x_wconf 79' lang='lat' dir='ltr'>Aac</span> 
     </span>
     <span class='ocr_line' id='line_1_34' title="bbox 107 1781 674 1822; baseline 0 -10"><span class='ocrx_word' id='word_1_196' title='bbox 107 1782 207 1812; x_wconf 86' lang='lat' dir='ltr'>Sirius</span> <span class='ocrx_word' id='word_1_197' title='bbox 221 1782 320 1812; x_wconf 83' lang='lat' dir='ltr'>ardor</span> <span class='ocrx_word' id='word_1_198' title='bbox 327 1782 405 1818; x_wconf 87' lang='lat' dir='ltr'>Ille,</span> <span class='ocrx_word' id='word_1_199' title='bbox 420 1781 505 1811; x_wconf 79' lang='lat' dir='ltr'>sitim</span> <span class='ocrx_word' id='word_1_200' title='bbox 519 1782 674 1822; x_wconf 81' lang='lat' dir='ltr'>morbosq.</span> 
     </span>
     <span class='ocr_line' id='line_1_35' title="bbox 98 1826 675 1870; baseline -0.005 -11"><span class='ocrx_word' id='word_1_201' title='bbox 98 1828 212 1870; x_wconf 83' lang='lat' dir='ltr'>serens</span> <span class='ocrx_word' id='word_1_202' title='bbox 226 1828 408 1859; x_wconf 78' lang='lat' dir='ltr'>mortalibus</span> <span class='ocrx_word' id='word_1_203' title='bbox 431 1827 539 1868; x_wconf 76' lang='lat' dir='ltr'>aegris,</span> <span class='ocrx_word' id='word_1_204' title='bbox 563 1826 675 1857; x_wconf 81' lang='lat' dir='ltr'>Nasci-</span> 
     </span>
     <span class='ocr_line' id='line_1_36' title="bbox 107 1873 675 1913; baseline -0.005 -8"><span class='ocrx_word' id='word_1_205' title='bbox 107 1884 158 1905; x_wconf 84' lang='lat' dir='ltr'>tur</span> <span class='ocrx_word' id='word_1_206' title='bbox 168 1898 177 1911; x_wconf 93' lang='lat'>,</span> <span class='ocrx_word' id='word_1_207' title='bbox 200 1883 294 1905; x_wconf 82' lang='lat' dir='ltr'>et———.</span> <span class='ocrx_word' id='word_1_208' title='bbox 302 1875 370 1905; x_wconf 89' lang='lat' dir='ltr'>Erit</span> <span class='ocrx_word' id='word_1_209' title='bbox 387 1873 466 1903; x_wconf 89' lang='lat' dir='ltr'>adeo</span> <span class='ocrx_word' id='word_1_210' title='bbox 480 1873 675 1913; x_wconf 88' lang='lat' dir='ltr'>comparatio</span> 
     </span>
     <span class='ocr_line' id='line_1_37' title="bbox 106 1920 675 1961; baseline -0.007 -9"><span class='ocrx_word' id='word_1_211' title='bbox 106 1922 174 1951; x_wconf 84' lang='lat' dir='ltr'>haec</span> <span class='ocrx_word' id='word_1_212' title='bbox 182 1931 190 1952; x_wconf 91' lang='lat'><strong>:</strong></span> <span class='ocrx_word' id='word_1_213' title='bbox 199 1922 291 1951; x_wconf 80' lang='lat' dir='ltr'>umbo</span> <span class='ocrx_word' id='word_1_214' title='bbox 299 1920 404 1951; x_wconf 82' lang='lat' dir='ltr'>vomit</span> <span class='ocrx_word' id='word_1_215' title='bbox 412 1920 509 1961; x_wconf 80' lang='lat' dir='ltr'>ignes,</span> <span class='ocrx_word' id='word_1_216' title='bbox 516 1930 580 1949; x_wconf 81' lang='lat' dir='ltr'>non</span> <span class='ocrx_word' id='word_1_217' title='bbox 587 1928 675 1948; x_wconf 83' lang='lat' dir='ltr'>secus</span> 
     </span>
     <span class='ocr_line' id='line_1_38' title="bbox 109 1965 676 2005; baseline -0.005 -8"><span class='ocrx_word' id='word_1_218' title='bbox 109 1978 149 1997; x_wconf 83' lang='lat' dir='ltr'>ac</span> <span class='ocrx_word' id='word_1_219' title='bbox 159 1967 259 1997; x_wconf 83' lang='lat' dir='ltr'>Sirius</span> <span class='ocrx_word' id='word_1_220' title='bbox 267 1967 365 1997; x_wconf 85' lang='lat' dir='ltr'>ardor</span> <span class='ocrx_word' id='word_1_221' title='bbox 373 1966 427 1996; x_wconf 81' lang='lat' dir='ltr'>ille</span> <span class='ocrx_word' id='word_1_222' title='bbox 438 1965 586 1996; x_wconf 83' lang='lat' dir='ltr'>nascitur.</span> <span class='ocrx_word' id='word_1_223' title='bbox 595 1967 676 2005; x_wconf 89' lang='lat' dir='ltr'>Quae</span> 
     </span>
     <span class='ocr_line' id='line_1_39' title="bbox 107 2011 676 2053; baseline -0.005 -10"><span class='ocrx_word' id='word_1_224' title='bbox 107 2015 213 2044; x_wconf 88' lang='lat' dir='ltr'>nescio</span> <span class='ocrx_word' id='word_1_225' title='bbox 242 2024 282 2043; x_wconf 87' lang='lat' dir='ltr'>an</span> <span class='ocrx_word' id='word_1_226' title='bbox 310 2013 391 2043; x_wconf 90' lang='lat' dir='ltr'>bene</span> <span class='ocrx_word' id='word_1_227' title='bbox 417 2011 603 2053; x_wconf 86' lang='lat' dir='ltr'>procedant.</span> <span class='ocrx_word' id='word_1_228' title='bbox 630 2027 676 2034; x_wconf 87' lang='lat'>--</span> 
     </span>
     <span class='ocr_line' id='line_1_40' title="bbox 109 2057 676 2099; baseline -0.005 -10"><span class='ocrx_word' id='word_1_229' title='bbox 109 2065 187 2097; x_wconf 78' lang='lat'>274.</span> <span class='ocrx_word' id='word_1_230' title='bbox 202 2059 264 2090; x_wconf 87' lang='lat' dir='ltr'>Ille</span> <span class='ocrx_word' id='word_1_231' title='bbox 277 2059 427 2095; x_wconf 81' lang='lat' dir='ltr'>nascitur,</span> <span class='ocrx_word' id='word_1_232' title='bbox 446 2059 548 2089; x_wconf 89' lang='lat' dir='ltr'>oritur</span> <span class='ocrx_word' id='word_1_233' title='bbox 551 2057 676 2099; x_wconf 83' lang='lat' dir='ltr'>serens,</span> 
     </span>
     <span class='ocr_line' id='line_1_41' title="bbox 106 2103 676 2142; baseline -0.007 -6"><span class='ocrx_word' id='word_1_234' title='bbox 106 2106 139 2136; x_wconf 89' lang='lat' dir='ltr'>h.</span> <span class='ocrx_word' id='word_1_235' title='bbox 151 2116 178 2136; x_wconf 85' lang='lat' dir='ltr'>e.</span> <span class='ocrx_word' id='word_1_236' title='bbox 188 2105 241 2136; x_wconf 86' lang='lat' dir='ltr'>ille</span> <span class='ocrx_word' id='word_1_237' title='bbox 253 2112 328 2136; x_wconf 89' lang='lat' dir='ltr'>ortu</span> <span class='ocrx_word' id='word_1_238' title='bbox 339 2116 398 2136; x_wconf 89' lang='lat' dir='ltr'>suo</span> <span class='ocrx_word' id='word_1_239' title='bbox 408 2105 484 2142; x_wconf 85' lang='lat' dir='ltr'>fert,</span> <span class='ocrx_word' id='word_1_240' title='bbox 500 2103 584 2134; x_wconf 84' lang='lat' dir='ltr'>sitim</span> <span class='ocrx_word' id='word_1_241' title='bbox 595 2113 676 2133; x_wconf 89' lang='lat' dir='ltr'>mor-</span> 
     </span>
     <span class='ocr_line' id='line_1_42' title="bbox 108 2149 677 2192; baseline 0 -12"><span class='ocrx_word' id='word_1_242' title='bbox 108 2151 224 2192; x_wconf 83' lang='lat' dir='ltr'>bosque</span> <span class='ocrx_word' id='word_1_243' title='bbox 232 2174 242 2188; x_wconf 93' lang='lat'><strong><em>,</em></strong></span> <span class='ocrx_word' id='word_1_244' title='bbox 258 2152 393 2182; x_wconf 89' lang='lat' dir='ltr'>nimium</span> <span class='ocrx_word' id='word_1_245' title='bbox 405 2157 515 2181; x_wconf 86' lang='lat' dir='ltr'>aestnm</span> <span class='ocrx_word' id='word_1_246' title='bbox 525 2156 556 2180; x_wconf 87' lang='lat' dir='ltr'>et</span> <span class='ocrx_word' id='word_1_247' title='bbox 564 2149 677 2180; x_wconf 85' lang='lat' dir='ltr'>febres.</span> 
     </span>
     <span class='ocr_line' id='line_1_43' title="bbox 109 2195 679 2237; baseline -0.004 -10"><span class='ocrx_word' id='word_1_248' title='bbox 109 2196 241 2237; x_wconf 87' lang='lat' dir='ltr'>Adjecta</span> <span class='ocrx_word' id='word_1_249' title='bbox 262 2197 330 2228; x_wconf 83' lang='lat' dir='ltr'>haec</span> <span class='ocrx_word' id='word_1_250' title='bbox 349 2197 390 2228; x_wconf 86' lang='lat' dir='ltr'>ad</span> <span class='ocrx_word' id='word_1_251' title='bbox 411 2195 625 2228; x_wconf 83' lang='lat' dir='ltr'>exornandam</span> <span class='ocrx_word' id='word_1_252' title='bbox 647 2201 679 2225; x_wconf 88' lang='lat' dir='ltr'>et</span> 
     </span>
    </p>
   </div>
   <div class='ocr_carea' id='block_1_8' title="bbox 266 2262 330 2297">
    <p class='ocr_par' dir='ltr' id='par_1_8' title="bbox 266 2262 330 2297">
     <span class='ocr_line' id='line_1_44' title="bbox 266 2262 330 2297; baseline 0.016 -1"><span class='ocrx_word' id='word_1_253' title='bbox 266 2262 330 2297; x_wconf 91' lang='lat' dir='ltr'>IV.</span> 
     </span>
    </p>
   </div>
   <div class='ocr_carea' id='block_1_9' title="bbox 726 769 1307 2233">
    <p class='ocr_par' dir='ltr' id='par_1_9' title="bbox 732 769 1307 996">
     <span class='ocr_line' id='line_1_45' title="bbox 732 769 1303 811; baseline -0.002 -11"><span class='ocrx_word' id='word_1_254' title='bbox 732 769 984 811; x_wconf 85' lang='lat' dir='ltr'>amplificandam</span> <span class='ocrx_word' id='word_1_255' title='bbox 1017 771 1282 810; x_wconf 80' lang='lat' dir='ltr'>comparationem</span> <span class='ocrx_word' id='word_1_256' title='bbox 1295 792 1303 807; x_wconf 90' lang='lat'>‚</span> 
     </span>
     <span class='ocr_line' id='line_1_46' title="bbox 732 816 1305 857; baseline -0.002 -11"><span class='ocrx_word' id='word_1_257' title='bbox 732 827 773 846; x_wconf 86' lang='lat' dir='ltr'>ex</span> <span class='ocrx_word' id='word_1_258' title='bbox 805 826 893 846; x_wconf 89' lang='lat' dir='ltr'>more</span> <span class='ocrx_word' id='word_1_259' title='bbox 925 823 1027 857; x_wconf 84' lang='lat' dir='ltr'>poetae</span> <span class='ocrx_word' id='word_1_260' title='bbox 1057 816 1095 845; x_wconf 90' lang='lat' dir='ltr'>ad</span> <span class='ocrx_word' id='word_1_261' title='bbox 1123 817 1305 856; x_wconf 84' lang='lat' dir='ltr'>exemplum</span> 
     </span>
     <span class='ocr_line' id='line_1_47' title="bbox 733 862 1300 900; baseline -0.002 -8"><span class='ocrx_word' id='word_1_262' title='bbox 733 864 874 893; x_wconf 87' lang='lat' dir='ltr'>Homeri.</span> <span class='ocrx_word' id='word_1_263' title='bbox 894 879 940 885; x_wconf 76' lang='lat'>—</span> <span class='ocrx_word' id='word_1_264' title='bbox 957 862 1034 900; x_wconf 80' lang='lat'>275.</span> <span class='ocrx_word' id='word_1_265' title='bbox 1052 864 1144 892; x_wconf 80' lang='lat' dir='ltr'>Loevo</span> <span class='ocrx_word' id='word_1_266' title='bbox 1166 863 1300 897; x_wconf 82' lang='lat' dir='ltr'>lumine,</span> 
     </span>
     <span class='ocr_line' id='line_1_48' title="bbox 733 908 1305 951; baseline -0.002 -13"><span class='ocrx_word' id='word_1_267' title='bbox 733 910 833 939; x_wconf 82' lang='lat' dir='ltr'>noxio</span> <span class='ocrx_word' id='word_1_268' title='bbox 842 931 849 945; x_wconf 91' lang='lat'><strong>‚</strong></span> <span class='ocrx_word' id='word_1_269' title='bbox 863 915 900 938; x_wconf 92' lang='lat' dir='ltr'>ut</span> <span class='ocrx_word' id='word_1_270' title='bbox 916 908 1042 951; x_wconf 49' lang='lat' dir='ltr'>infelix.</span> <span class='ocrx_word' id='word_1_271' title='bbox 1061 908 1234 938; x_wconf 80' lang='lat' dir='ltr'>Contristat</span> <span class='ocrx_word' id='word_1_272' title='bbox 1245 919 1305 937; x_wconf 80' lang='lat' dir='ltr'>ca·—</span> 
     </span>
     <span class='ocr_line' id='line_1_49' title="bbox 734 954 1307 996; baseline -0.002 -11"><span class='ocrx_word' id='word_1_273' title='bbox 734 955 814 991; x_wconf 84' lang='lat' dir='ltr'>Ium,</span> <span class='ocrx_word' id='word_1_274' title='bbox 831 965 942 996; x_wconf 85' lang='lat' dir='ltr'>magna</span> <span class='ocrx_word' id='word_1_275' title='bbox 956 965 1028 985; x_wconf 86' lang='lat' dir='ltr'>cnm</span> <span class='ocrx_word' id='word_1_276' title='bbox 1044 955 1076 984; x_wconf 78' lang='lat' dir='ltr'>vi</span> <span class='ocrx_word' id='word_1_277' title='bbox 1088 977 1095 991; x_wconf 91' lang='lat'>‚</span> <span class='ocrx_word' id='word_1_278' title='bbox 1112 965 1183 995; x_wconf 88' lang='lat' dir='ltr'>pro,</span> <span class='ocrx_word' id='word_1_279' title='bbox 1198 954 1307 995; x_wconf 84' lang='lat' dir='ltr'>fulget.</span> 
     </span>
    </p>

    <p class='ocr_par' dir='ltr' id='par_1_10' title="bbox 726 1001 1304 2233">
     <span class='ocr_line' id='line_1_50' title="bbox 780 1001 1299 1042; baseline -0.002 -12"><span class='ocrx_word' id='word_1_280' title='bbox 780 1001 845 1039; x_wconf 81' lang='lat'>276</span> <span class='ocrx_word' id='word_1_281' title='bbox 861 1011 930 1042; x_wconf 86' lang='lat' dir='ltr'>sqq.</span> <span class='ocrx_word' id='word_1_282' title='bbox 957 1001 1060 1032; x_wconf 88' lang='lat' dir='ltr'>Turni</span> <span class='ocrx_word' id='word_1_283' title='bbox 1083 1007 1114 1030; x_wconf 87' lang='lat' dir='ltr'>et</span> <span class='ocrx_word' id='word_1_284' title='bbox 1132 1001 1255 1030; x_wconf 82' lang='lat' dir='ltr'>animus</span> <span class='ocrx_word' id='word_1_285' title='bbox 1283 1011 1299 1029; x_wconf 89' lang='lat' dir='ltr'>e</span> 
     </span>
     <span class='ocr_line' id='line_1_51' title="bbox 731 1045 1304 1087; baseline 0.002 -11"><span class='ocrx_word' id='word_1_286' title='bbox 731 1048 833 1076; x_wconf 86' lang='lat' dir='ltr'>oratio</span> <span class='ocrx_word' id='word_1_287' title='bbox 847 1047 940 1087; x_wconf 84' lang='lat' dir='ltr'>digna</span> <span class='ocrx_word' id='word_1_288' title='bbox 962 1047 1069 1077; x_wconf 92' lang='lat' dir='ltr'>heroe.</span> <span class='ocrx_word' id='word_1_289' title='bbox 1089 1045 1198 1076; x_wconf 82' lang='lat' dir='ltr'>Litora</span> <span class='ocrx_word' id='word_1_290' title='bbox 1220 1057 1304 1086; x_wconf 70' lang='lat' dir='ltr'>prce-</span> 
     </span>
     <span class='ocr_line' id='line_1_52' title="bbox 731 1092 1302 1133; baseline 0.004 -12"><span class='ocrx_word' id='word_1_291' title='bbox 731 1092 852 1132; x_wconf 81' lang='lat' dir='ltr'>cipere,</span> <span class='ocrx_word' id='word_1_292' title='bbox 880 1100 952 1123; x_wconf 86' lang='lat' dir='ltr'>ante</span> <span class='ocrx_word' id='word_1_293' title='bbox 980 1103 1105 1133; x_wconf 85' lang='lat' dir='ltr'>capere,</span> <span class='ocrx_word' id='word_1_294' title='bbox 1137 1103 1302 1133; x_wconf 83' lang='lat' dir='ltr'>occupare.</span> 
     </span>
     <span class='ocr_line' id='line_1_53' title="bbox 730 1138 1301 1180; baseline 0 -12"><span class='ocrx_word' id='word_1_295' title='bbox 730 1156 777 1161; x_wconf 88' lang='lat'>——</span> <span class='ocrx_word' id='word_1_296' title='bbox 790 1149 868 1179; x_wconf 86' lang='lat'>279.</span> <span class='ocrx_word' id='word_1_297' title='bbox 887 1138 1102 1180; x_wconf 63' lang='lat' dir='ltr'>Peffringem,</span> <span class='ocrx_word' id='word_1_298' title='bbox 1124 1149 1218 1179; x_wconf 83' lang='lat' dir='ltr'>grave</span> <span class='ocrx_word' id='word_1_299' title='bbox 1232 1150 1301 1168; x_wconf 78' lang='lat' dir='ltr'>ver-</span> 
     </span>
     <span class='ocr_line' id='line_1_54' title="bbox 730 1184 1299 1226; baseline 0 -12"><span class='ocrx_word' id='word_1_300' title='bbox 730 1184 809 1214; x_wconf 89' lang='lat' dir='ltr'>bum</span> <span class='ocrx_word' id='word_1_301' title='bbox 820 1207 829 1222; x_wconf 93' lang='lat'>‚</span> <span class='ocrx_word' id='word_1_302' title='bbox 847 1195 989 1226; x_wconf 84' lang='lat' dir='ltr'>pugnare</span> <span class='ocrx_word' id='word_1_303' title='bbox 1016 1185 1160 1215; x_wconf 89' lang='lat' dir='ltr'>cominus</span> <span class='ocrx_word' id='word_1_304' title='bbox 1171 1207 1180 1221; x_wconf 90' lang='lat'>,</span> <span class='ocrx_word' id='word_1_305' title='bbox 1200 1195 1299 1225; x_wconf 89' lang='lat' dir='ltr'>quum</span> 
     </span>
     <span class='ocr_line' id='line_1_55' title="bbox 729 1230 1300 1272; baseline 0.002 -13"><span class='ocrx_word' id='word_1_306' title='bbox 729 1230 833 1260; x_wconf 83' lang='lat' dir='ltr'>adhuc</span> <span class='ocrx_word' id='word_1_307' title='bbox 847 1237 946 1260; x_wconf 83' lang='lat' dir='ltr'>castra</span> <span class='ocrx_word' id='word_1_308' title='bbox 955 1237 1209 1272; x_wconf 83' lang='lat' dir='ltr'>oppugnassent:</span> <span class='ocrx_word' id='word_1_309' title='bbox 1225 1230 1300 1260; x_wconf 86' lang='lat' dir='ltr'>duc·</span> 
     </span>
     <span class='ocr_line' id='line_1_56' title="bbox 730 1275 1299 1317; baseline 0 -12"><span class='ocrx_word' id='word_1_310' title='bbox 730 1282 799 1305; x_wconf 85' lang='lat' dir='ltr'>tum</span> <span class='ocrx_word' id='word_1_311' title='bbox 829 1276 869 1306; x_wconf 88' lang='lat' dir='ltr'>ab</span> <span class='ocrx_word' id='word_1_312' title='bbox 899 1287 954 1313; x_wconf 91' lang='lat' dir='ltr'>eo,</span> <span class='ocrx_word' id='word_1_313' title='bbox 990 1276 1076 1316; x_wconf 89' lang='lat' dir='ltr'>quod</span> <span class='ocrx_word' id='word_1_314' title='bbox 1097 1275 1299 1317; x_wconf 78' lang='lat' dir='ltr'>perfringere</span> 
     </span>
     <span class='ocr_line' id='line_1_57' title="bbox 731 1321 1299 1362; baseline -0.002 -11"><span class='ocrx_word' id='word_1_315' title='bbox 731 1321 832 1351; x_wconf 76' lang='lat' dir='ltr'>aciem</span> <span class='ocrx_word' id='word_1_316' title='bbox 842 1344 851 1357; x_wconf 92' lang='lat'>‚</span> <span class='ocrx_word' id='word_1_317' title='bbox 877 1332 1082 1362; x_wconf 83' lang='lat' dir='ltr'>perrumpere</span> <span class='ocrx_word' id='word_1_318' title='bbox 1092 1343 1100 1357; x_wconf 92' lang='lat'>,</span> <span class='ocrx_word' id='word_1_319' title='bbox 1120 1327 1299 1362; x_wconf 79' lang='lat' dir='ltr'>pugnantes</span> 
     </span>
     <span class='ocr_line' id='line_1_58' title="bbox 731 1367 1299 1399; baseline -0.002 -2"><span class='ocrx_word' id='word_1_320' title='bbox 731 1367 893 1399; x_wconf 84' lang='lat' dir='ltr'>dicuntur.</span> <span class='ocrx_word' id='word_1_321' title='bbox 910 1385 955 1390; x_wconf 91' lang='lat'>-—</span> <span class='ocrx_word' id='word_1_322' title='bbox 975 1368 1050 1398; x_wconf 83' lang='lat'>280.</span> <span class='ocrx_word' id='word_1_323' title='bbox 1079 1368 1117 1396; x_wconf 79' lang='lat' dir='ltr'>In</span> <span class='ocrx_word' id='word_1_324' title='bbox 1152 1367 1299 1396; x_wconf 79' lang='lat' dir='ltr'>manibus</span> 
     </span>
     <span class='ocr_line' id='line_1_59' title="bbox 731 1412 1300 1454; baseline 0 -11"><span class='ocrx_word' id='word_1_325' title='bbox 731 1415 820 1443; x_wconf 84' lang='lat' dir='ltr'>Mars</span> <span class='ocrx_word' id='word_1_326' title='bbox 835 1413 901 1454; x_wconf 84' lang='lat' dir='ltr'>ipse</span> <span class='ocrx_word' id='word_1_327' title='bbox 919 1413 1000 1443; x_wconf 80' lang='lat' dir='ltr'>viris</span> <span class='ocrx_word' id='word_1_328' title='bbox 1015 1413 1092 1443; x_wconf 88' lang='lat' dir='ltr'>olim</span> <span class='ocrx_word' id='word_1_329' title='bbox 1109 1412 1229 1442; x_wconf 76' lang='lat' dir='ltr'>edjtum</span> <span class='ocrx_word' id='word_1_330' title='bbox 1239 1435 1248 1450; x_wconf 94' lang='lat'>‚</span> <span class='ocrx_word' id='word_1_331' title='bbox 1269 1421 1300 1443; x_wconf 89' lang='lat' dir='ltr'>et</span> 
     </span>
     <span class='ocr_line' id='line_1_60' title="bbox 729 1459 1298 1500; baseline 0.002 -11"><span class='ocrx_word' id='word_1_332' title='bbox 729 1461 773 1489; x_wconf 90' lang='lat' dir='ltr'>sic</span> <span class='ocrx_word' id='word_1_333' title='bbox 782 1460 947 1490; x_wconf 82' lang='lat' dir='ltr'>Mediceus</span> <span class='ocrx_word' id='word_1_334' title='bbox 955 1471 1026 1490; x_wconf 90' lang='lat' dir='ltr'>cum</span> <span class='ocrx_word' id='word_1_335' title='bbox 1036 1459 1103 1489; x_wconf 89' lang='lat' dir='ltr'>aliis</span> <span class='ocrx_word' id='word_1_336' title='bbox 1110 1482 1118 1496; x_wconf 87' lang='lat'>‚</span> <span class='ocrx_word' id='word_1_337' title='bbox 1128 1460 1211 1488; x_wconf 87' lang='lat' dir='ltr'>inter</span> <span class='ocrx_word' id='word_1_338' title='bbox 1218 1470 1298 1500; x_wconf 85' lang='lat' dir='ltr'>quos</span> 
     </span>
     <span class='ocr_line' id='line_1_61' title="bbox 730 1504 1296 1536; baseline 0.002 -1"><span class='ocrx_word' id='word_1_339' title='bbox 730 1512 792 1535; x_wconf 87' lang='lat' dir='ltr'>tres</span> <span class='ocrx_word' id='word_1_340' title='bbox 808 1505 905 1536; x_wconf 83' lang='lat' dir='ltr'>G01h.</span> <span class='ocrx_word' id='word_1_341' title='bbox 925 1516 998 1535; x_wconf 89' lang='lat' dir='ltr'>cnm</span> <span class='ocrx_word' id='word_1_342' title='bbox 1020 1505 1087 1536; x_wconf 88' lang='lat' dir='ltr'>Erf.</span> <span class='ocrx_word' id='word_1_343' title='bbox 1109 1504 1213 1534; x_wconf 84' lang='lat' dir='ltr'>Habet</span> <span class='ocrx_word' id='word_1_344' title='bbox 1234 1505 1296 1536; x_wconf 92' lang='lat' dir='ltr'>hoc</span> 
     </span>
     <span class='ocr_line' id='line_1_62' title="bbox 728 1549 1298 1592; baseline 0.002 -11"><span class='ocrx_word' id='word_1_345' title='bbox 728 1552 833 1592; x_wconf 87' lang='lat' dir='ltr'>ipsum</span> <span class='ocrx_word' id='word_1_346' title='bbox 858 1551 945 1592; x_wconf 90' lang='lat' dir='ltr'>quod</span> <span class='ocrx_word' id='word_1_347' title='bbox 971 1552 1111 1592; x_wconf 89' lang='lat' dir='ltr'>placeat,</span> <span class='ocrx_word' id='word_1_348' title='bbox 1135 1549 1216 1580; x_wconf 80' lang='lat' dir='ltr'>viris</span> <span class='ocrx_word' id='word_1_349' title='bbox 1237 1563 1298 1592; x_wconf 87' lang='lat' dir='ltr'>pro</span> 
     </span>
     <span class='ocr_line' id='line_1_63' title="bbox 729 1597 1297 1636; baseline 0 -9"><span class='ocrx_word' id='word_1_350' title='bbox 729 1598 837 1635; x_wconf 83' lang='lat' dir='ltr'>vobis3</span> <span class='ocrx_word' id='word_1_351' title='bbox 853 1597 907 1628; x_wconf 91' lang='lat' dir='ltr'>sed</span> <span class='ocrx_word' id='word_1_352' title='bbox 922 1608 996 1627; x_wconf 91' lang='lat' dir='ltr'>cnm</span> <span class='ocrx_word' id='word_1_353' title='bbox 1010 1598 1181 1636; x_wconf 82' lang='lat' dir='ltr'>adjuncto:</span> <span class='ocrx_word' id='word_1_354' title='bbox 1196 1597 1223 1626; x_wconf 90' lang='lat' dir='ltr'>si</span> <span class='ocrx_word' id='word_1_355' title='bbox 1236 1599 1297 1627; x_wconf 83' lang='lat' dir='ltr'>viri</span> 
     </span>
     <span class='ocr_line' id='line_1_64' title="bbox 728 1643 1292 1682; baseline -0.004 -7"><span class='ocrx_word' id='word_1_356' title='bbox 728 1645 812 1675; x_wconf 83' lang='lat' dir='ltr'>estis.</span> <span class='ocrx_word' id='word_1_357' title='bbox 836 1647 897 1675; x_wconf 92' lang='lat' dir='ltr'>Pro</span> <span class='ocrx_word' id='word_1_358' title='bbox 922 1644 1019 1674; x_wconf 90' lang='lat' dir='ltr'>altera</span> <span class='ocrx_word' id='word_1_359' title='bbox 1039 1644 1193 1682; x_wconf 86' lang='lat' dir='ltr'>lectione,</span> <span class='ocrx_word' id='word_1_360' title='bbox 1209 1643 1292 1680; x_wconf 73' lang='lat' dir='ltr'>viri,</span> 
     </span>
     <span class='ocr_line' id='line_1_65' title="bbox 727 1690 1297 1731; baseline -0.002 -11"><span class='ocrx_word' id='word_1_361' title='bbox 727 1700 823 1731; x_wconf 89' lang='lat' dir='ltr'>quam</span> <span class='ocrx_word' id='word_1_362' title='bbox 838 1691 1014 1731; x_wconf 84' lang='lat' dir='ltr'>Naugerius</span> <span class='ocrx_word' id='word_1_363' title='bbox 1027 1690 1153 1726; x_wconf 88' lang='lat' dir='ltr'>intulit,</span> <span class='ocrx_word' id='word_1_364' title='bbox 1166 1697 1225 1720; x_wconf 85' lang='lat' dir='ltr'>stat</span> <span class='ocrx_word' id='word_1_365' title='bbox 1235 1692 1297 1719; x_wconf 85' lang='lat' dir='ltr'>Ro-</span> 
     </span>
     <span class='ocr_line' id='line_1_66' title="bbox 727 1735 1296 1773; baseline -0.004 -7"><span class='ocrx_word' id='word_1_366' title='bbox 727 1747 811 1767; x_wconf 88' lang='lat' dir='ltr'>man.</span> <span class='ocrx_word' id='word_1_367' title='bbox 828 1746 900 1766; x_wconf 90' lang='lat' dir='ltr'>cnm</span> <span class='ocrx_word' id='word_1_368' title='bbox 915 1736 998 1773; x_wconf 84' lang='lat' dir='ltr'>aliis,</span> <span class='ocrx_word' id='word_1_369' title='bbox 1013 1736 1105 1765; x_wconf 87' lang='lat' dir='ltr'>etiam</span> <span class='ocrx_word' id='word_1_370' title='bbox 1119 1736 1176 1765; x_wconf 91' lang='lat' dir='ltr'>Ge.</span> <span class='ocrx_word' id='word_1_371' title='bbox 1187 1737 1212 1765; x_wconf 90' lang='lat' dir='ltr'><strong>F</strong></span> <span class='ocrx_word' id='word_1_372' title='bbox 1213 1735 1296 1764; x_wconf 86' lang='lat' dir='ltr'>abri-</span> 
     </span>
     <span class='ocr_line' id='line_1_67' title="bbox 729 1780 1295 1821; baseline -0.004 -10"><span class='ocrx_word' id='word_1_373' title='bbox 729 1783 770 1811; x_wconf 88' lang='lat' dir='ltr'>cii</span> <span class='ocrx_word' id='word_1_374' title='bbox 796 1781 923 1818; x_wconf 84' lang='lat' dir='ltr'>codice,</span> <span class='ocrx_word' id='word_1_375' title='bbox 945 1782 1001 1821; x_wconf 88' lang='lat' dir='ltr'>qui</span> <span class='ocrx_word' id='word_1_376' title='bbox 1020 1781 1083 1811; x_wconf 91' lang='lat' dir='ltr'>hoc</span> <span class='ocrx_word' id='word_1_377' title='bbox 1106 1780 1295 1821; x_wconf 84' lang='lat' dir='ltr'>praeferebat</span> 
     </span>
     <span class='ocr_line' id='line_1_68' title="bbox 727 1826 1298 1867; baseline -0.004 -10"><span class='ocrx_word' id='word_1_378' title='bbox 727 1834 887 1867; x_wconf 75' lang='lat' dir='ltr'>tamquam</span> <span class='ocrx_word' id='word_1_379' title='bbox 903 1828 1005 1856; x_wconf 86' lang='lat' dir='ltr'>acrius</span> <span class='ocrx_word' id='word_1_380' title='bbox 1021 1826 1218 1856; x_wconf 87' lang='lat' dir='ltr'>adhortantis</span> <span class='ocrx_word' id='word_1_381' title='bbox 1229 1836 1298 1855; x_wconf 79' lang='lat' dir='ltr'>ver-</span> 
     </span>
     <span class='ocr_line' id='line_1_69' title="bbox 726 1871 1294 1911; baseline -0.002 -8"><span class='ocrx_word' id='word_1_382' title='bbox 726 1874 872 1903; x_wconf 86' lang='lat' dir='ltr'>hum.·——</span> <span class='ocrx_word' id='word_1_383' title='bbox 885 1874 922 1901; x_wconf 87' lang='lat' dir='ltr'>In</span> <span class='ocrx_word' id='word_1_384' title='bbox 939 1871 1085 1901; x_wconf 78' lang='lat' dir='ltr'>manibus</span> <span class='ocrx_word' id='word_1_385' title='bbox 1107 1873 1196 1901; x_wconf 77' lang='lat' dir='ltr'>Illars</span> <span class='ocrx_word' id='word_1_386' title='bbox 1218 1871 1294 1911; x_wconf 78' lang='lat' dir='ltr'>ipse.</span> 
     </span>
     <span class='ocr_line' id='line_1_70' title="bbox 727 1917 1294 1950; baseline -0.002 -1"><span class='ocrx_word' id='word_1_387' title='bbox 727 1920 822 1950; x_wconf 79' lang='lat' dir='ltr'>Nunc</span> <span class='ocrx_word' id='word_1_388' title='bbox 840 1929 889 1947; x_wconf 89' lang='lat' dir='ltr'>res</span> <span class='ocrx_word' id='word_1_389' title='bbox 903 1917 942 1947; x_wconf 88' lang='lat' dir='ltr'>ad</span> <span class='ocrx_word' id='word_1_390' title='bbox 963 1917 1131 1947; x_wconf 81' lang='lat' dir='ltr'>discrimen</span> <span class='ocrx_word' id='word_1_391' title='bbox 1149 1917 1294 1948; x_wconf 83' lang='lat' dir='ltr'>adducta.</span> 
     </span>
     <span class='ocr_line' id='line_1_71' title="bbox 728 1962 1296 2005; baseline -0.004 -11"><span class='ocrx_word' id='word_1_392' title='bbox 728 1963 894 2005; x_wconf 82' lang='lat' dir='ltr'>Pugnandi</span> <span class='ocrx_word' id='word_1_393' title='bbox 906 1971 1043 2004; x_wconf 84' lang='lat' dir='ltr'>tempus,</span> <span class='ocrx_word' id='word_1_394' title='bbox 1059 1962 1145 2003; x_wconf 90' lang='lat' dir='ltr'>qnod</span> <span class='ocrx_word' id='word_1_395' title='bbox 1156 1964 1296 2004; x_wconf 79' lang='lat' dir='ltr'>optasti5‚</span> 
     </span>
     <span class='ocr_line' id='line_1_72' title="bbox 729 2008 1297 2050; baseline -0.002 -10"><span class='ocrx_word' id='word_1_396' title='bbox 729 2011 834 2047; x_wconf 88' lang='lat' dir='ltr'>adest;</span> <span class='ocrx_word' id='word_1_397' title='bbox 849 2009 881 2038; x_wconf 80' lang='lat' dir='ltr'>in</span> <span class='ocrx_word' id='word_1_398' title='bbox 894 2019 991 2039; x_wconf 83' lang='lat' dir='ltr'>manu</span> <span class='ocrx_word' id='word_1_399' title='bbox 996 2019 1121 2049; x_wconf 78' lang='lat' dir='ltr'>pugna,</span> <span class='ocrx_word' id='word_1_400' title='bbox 1134 2008 1297 2050; x_wconf 83' lang='lat' dir='ltr'>pugnandi</span> 
     </span>
     <span class='ocr_line' id='line_1_73' title="bbox 729 2054 1297 2097; baseline -0.005 -10"><span class='ocrx_word' id='word_1_401' title='bbox 729 2056 951 2097; x_wconf 82' lang='lat' dir='ltr'>opportunitas</span> <span class='ocrx_word' id='word_1_402' title='bbox 961 2054 1138 2085; x_wconf 86' lang='lat' dir='ltr'>est.Adhuc</span> <span class='ocrx_word' id='word_1_403' title='bbox 1148 2056 1233 2085; x_wconf 88' lang='lat' dir='ltr'>enim</span> <span class='ocrx_word' id='word_1_404' title='bbox 1243 2065 1297 2095; x_wconf 88' lang='lat' dir='ltr'>op-</span> 
     </span>
     <span class='ocr_line' id='line_1_74' title="bbox 729 2101 1295 2143; baseline -0.004 -11"><span class='ocrx_word' id='word_1_405' title='bbox 729 2102 883 2143; x_wconf 82' lang='lat' dir='ltr'>pugnatio</span> <span class='ocrx_word' id='word_1_406' title='bbox 909 2107 1083 2131; x_wconf 77' lang='lat' dir='ltr'>castrorum</span> <span class='ocrx_word' id='word_1_407' title='bbox 1108 2101 1190 2131; x_wconf 80' lang='lat' dir='ltr'>facta</span> <span class='ocrx_word' id='word_1_408' title='bbox 1212 2107 1295 2138; x_wconf 84' lang='lat' dir='ltr'>erat,</span> 
     </span>
     <span class='ocr_line' id='line_1_75' title="bbox 730 2146 1297 2189; baseline -0.004 -11"><span class='ocrx_word' id='word_1_409' title='bbox 730 2158 797 2189; x_wconf 79' lang='lat' dir='ltr'>non</span> <span class='ocrx_word' id='word_1_410' title='bbox 810 2149 873 2178; x_wconf 85' lang='lat' dir='ltr'>acie</span> <span class='ocrx_word' id='word_1_411' title='bbox 886 2153 1073 2188; x_wconf 84' lang='lat' dir='ltr'>pugnatum.</span> <span class='ocrx_word' id='word_1_412' title='bbox 1089 2146 1214 2188; x_wconf 66' lang='lat' dir='ltr'>Referte</span> <span class='ocrx_word' id='word_1_413' title='bbox 1231 2147 1297 2176; x_wconf 89' lang='lat' dir='ltr'>ani-</span> 
     </span>
     <span class='ocr_line' id='line_1_76' title="bbox 731 2192 1299 2233; baseline -0.007 -9"><span class='ocrx_word' id='word_1_414' title='bbox 731 2205 802 2232; x_wconf 87' lang='lat' dir='ltr'>mo,</span> <span class='ocrx_word' id='word_1_415' title='bbox 827 2203 948 2224; x_wconf 90' lang='lat' dir='ltr'>memor</span> <span class='ocrx_word' id='word_1_416' title='bbox 977 2199 1064 2231; x_wconf 81' lang='lat' dir='ltr'>esto,</span> <span class='ocrx_word' id='word_1_417' title='bbox 1087 2192 1175 2233; x_wconf 91' lang='lat' dir='ltr'>quod</span> <span class='ocrx_word' id='word_1_418' title='bbox 1203 2192 1299 2222; x_wconf 86' lang='lat' dir='ltr'>modo</span> 
     </span>
    </p>
   </div>
   <div class='ocr_carea' id='block_1_10' title="bbox 1146 2268 1170 2302">
    <p class='ocr_par' dir='ltr' id='par_1_11' title="bbox 1146 2268 1170 2302">
     <span class='ocr_line' id='line_1_77' title="bbox 1146 2268 1170 2302; baseline 0 0"><span class='ocrx_word' id='word_1_419' title='bbox 1146 2268 1170 2302; x_wconf 84' lang='lat'><strong>9</strong></span> 
     </span>
    </p>
   </div>
  </div>
 </body>
</html>
