1414 2435
602 62 725 111 man
747 64 791 99 x.

1229 73 1293 101 125

98 125 166 164 Cui
187 138 256 162 rex
273 123 418 162 aetherii
436 122 605 160 breviter
623 123 677 160 sic
695 123 796 160 fatur
814 123 968 175 Olympi
987 141 995 161 :

98 201 114 218 α
136 185 175 223 Si
194 197 300 221 mora
319 182 514 234 praesentis
531 182 615 228 leti,
633 190 857 232 tempusque
874 183 1017 222 caduco

98 248 242 283 01atur
258 244 407 295 juveni,
427 256 563 293 meque
581 242 656 279 hoc
674 243 727 280 ita
746 255 889 292 poneie
908 245 1041 291 sentis,

96 304 203 341 Tolle
222 304 311 354 fuga
327 306 516 349 Turnum,
537 311 650 352 atque
669 301 894 340 instantibus
913 304 1016 353 elipe
1036 304 1132 369 satis.

96 365 288 401 Hactenus
307 363 505 401 indulsisse
526 370 644 400 vacat.
666 362 733 400 Sin
752 362 864 400 altior
883 364 963 401 istis

1237 374 1291 399 ³625

96 422 178 459 Sub
195 422 372 472 precibus
391 423 504 460 venia
520 423 595 460 ulla
613 422 722 470 latet,
742 431 939 473 totumque
955 423 1102 461 moveri

96 483 289 520 Mutarive
305 493 415 534 putas
434 483 592 530 bellum,
611 496 695 534 spes
715 484 835 533 pascis
852 483 985 521 inanis.
1002 501 1017 517 υ

97 544 144 581 Et
162 546 261 580 Juno
279 543 537 593 adlacrymans
559 558 568 581 ε
588 561 604 578 «ι
625 543 729 590 Quid
744 544 793 591 si,
811 543 916 593 quod
931 556 1025 581 voce
1044 546 1230 594 gravaris,

97 719 220 738 memor
259 715 420 748 perpetuae
445 708 603 737 varietatis
631 709 666 738 in

96 753 220 783 duabus
237 764 307 783 voc.
330 764 464 783 onerare
483 760 514 782 et
529 763 662 790 ornare,

93 798 282 829 emendabat
304 799 429 828 ornavit
443 809 454 827 .·
477 798 565 838 quod
592 809 666 829 saue

45 866 50 870 .
94 851 127 874 et
140 846 245 884 ipsum
259 844 447 884 praeclarum
465 851 511 873 est
521 867 530 881 ‚
547 850 599 880 ut,
614 845 667 874 de-

94 900 216 920 corare.
231 891 270 920 Et
279 891 336 930 qui
349 890 479 920 donaria
491 890 527 919 in
540 890 665 930 templis

94 935 262 976 suspendit
273 958 282 973 ‚
306 936 360 966 ille
381 942 474 966 ornat
489 936 642 976 templum
656 946 665 968 :

94 981 184 1022 quod
205 992 294 1011 nune
315 992 373 1022 per
390 981 505 1012 limina
529 981 668 1012 declarat

93 1034 198 1068 poeta.
238 1027 524 1058 Accommodatum
558 1028 666 1066 itaque

93 1075 115 1104 J
117 1084 147 1104 ο.
176 1072 341 1104 Schraderi
369 1075 536 1103 inventum
563 1072 667 1102 dicam

95 1125 126 1148 et
149 1119 360 1159 ingeniosum.
383 1118 532 1148 Sollenne
559 1125 666 1148 tamen

95 1175 162 1194 non
186 1165 290 1193 minus
311 1171 357 1193 est
378 1164 500 1203 copiam
518 1174 665 1204 magnam

95 1220 152 1250 per
171 1209 320 1249 implere,
343 1220 476 1245 ornare,
495 1209 664 1240 declarare.

95 1257 174 1296 Sup.
188 1257 235 1285 III
247 1278 255 1292 ,
278 1255 343 1290 485
359 1257 429 1285 Nec
441 1255 526 1284 cedit
537 1254 662 1291 honori,

98 1303 128 1331 T
126 1301 338 1341 extilibusque
351 1307 465 1331 onerat
476 1300 579 1331 donis.
592 1303 665 1331 Lec-

93 1348 217 1377 tionem
234 1348 332 1387 igitur
351 1357 418 1377 non
436 1347 535 1376 ausim
554 1353 664 1376 contra

94 1402 204 1422 omnes
223 1393 349 1423 codices
364 1399 502 1429 mutare,
518 1402 590 1432 quae
604 1403 664 1422 nec

94 1439 159 1478 ipsa
189 1445 245 1469 aut
265 1440 370 1468 minus
385 1439 506 1478 poetica
518 1461 526 1475 ‚
539 1445 595 1468 aut
613 1438 665 1468 ab·

92 1484 205 1522 surda,
219 1491 274 1514 aut
298 1485 355 1514 alia
384 1483 423 1514 de
451 1494 558 1513 caussa
578 1483 665 1514 dam-

92 1507 205 1560 nanda⁷
224 1531 274 1561 sit.
303 1531 444 1560 Mutavit
464 1537 569 1560 tamen
585 1532 662 1560 VVa—

91 1575 238 1606 kefieldn
230 1577 339 1616 ‚quia
349 1598 359 1613 ‚
391 1576 516 1616 inquit,
543 1575 663 1616 putidae

92 1622 273 1662 tautologiae
289 1628 335 1652 est
354 1622 460 1651 multis
475 1622 628 1653 oneravi&

139 1667 218 1697 621.
241 1669 262 1697 J
264 1677 330 1696 uno
348 1666 410 1696 hoc
432 1668 594 1707 spectabat
604 1690 612 1705 ‚
626 1675 664 1698 ut

92 1714 238 1742 Turnum
254 1713 386 1742 omnino
400 1714 503 1742 morti
515 1714 661 1754 eriperet.

91 1759 177 1788 Huic
193 1758 334 1788 occurrit
353 1758 482 1797 Jupiter
497 1759 555 1794 sic,
573 1766 610 1788 ut
628 1760 662 1789 iu

90 1814 228 1844 praesens
248 1803 344 1833 modo
358 1810 484 1843 tempus
500 1803 561 1833 fata
582 1805 663 1834 Tur·

91 1851 127 1879 ni
154 1849 275 1879 differri
302 1850 450 1890 patiatur.
479 1849 564 1880 conf.
589 1859 660 1889 sup.

91 1897 172 1933 VII,
186 1896 250 1926 313
262 1905 330 1935 sqq.
347 1897 401 1925 Est
416 1905 492 1925 vero
509 1901 594 1924 totus
611 1894 660 1925 lo-

89 1952 148 1972 cus
157 1942 346 1972 Homericus
355 1940 443 1971 Iliad.
456 1952 498 1978 π,
511 1942 576 1980 439
590 1951 658 1980 sqq.

90 1988 149 2018 ubi
162 1989 182 2018 J
184 1989 239 2019 ovi
249 1987 464 2028 Sarpedonem
477 1987 573 2017 morti
585 1986 660 2016 sub-

90 2032 228 2065 ducturo
253 2034 349 2063 simili
373 2032 470 2063 modo
495 2031 661 2062 intercedit

91 2079 179 2110 Juno
192 2102 201 2117 ,
217 2090 253 2110 ac
267 2090 356 2109 nunc
377 2081 398 2110 J
400 2080 502 2109 unoni
521 2080 659 2119 Jupiter.

90 2141 138 2148 —
148 2125 227 2156 622.
240 2125 368 2156 Caduca
377 2147 387 2162 ‚
400 2124 554 2166 exquisite
562 2147 571 2160 ,
583 2134 658 2154 mox

87 2180 224 2210 casuro,
238 2171 290 2202 vel
302 2172 355 2202 cui
370 2181 447 2202 mox
461 2169 638 2201 cadendum
648 2192 657 2209 ,

718 709 920 739 moriendum
944 714 990 738 est
1007 717 1015 739 :
1034 715 1070 739 ut
1084 710 1150 747 VI,
1170 721 1201 741 v.
1223 713 1286 747 481

718 754 801 784 bello
819 755 953 791 caduci,
974 753 1129 785 cadentes.
1144 773 1190 778 —
1209 757 1286 787 623.

717 801 835 840 Meque
863 799 922 829 hoc
947 799 992 828 ita
1014 810 1138 839 ponere
1167 802 1265 832 sentis
1278 815 1288 832 .-

718 846 808 885 siqne
830 846 873 875 ita
888 845 950 875 hoc
971 845 1088 875 factum
1102 846 1290 887 interpreta-

719 891 762 920 ris
776 913 784 928 ,
799 893 835 921 in
853 891 940 921 huuc
955 901 1082 920 sensum
1101 893 1217 933 accipis
1227 916 1235 931 ‚
1252 903 1289 925 ut

717 937 753 966 in
764 947 839 967 eum
860 937 993 967 modum
1012 947 1028 966 a
1047 948 1097 967 me
1113 940 1286 969 constitua-

718 989 772 1012 tur
790 994 877 1013 nunc
894 983 976 1014 hoc:
990 983 1057 1014 scil.
1078 990 1115 1013 nt
1127 986 1230 1014 Turni
1243 986 1287 1015 sa-

718 1035 748 1058 ta
762 1028 950 1059 differantur
960 1052 968 1066 ‚
983 1039 1050 1058 non
1064 1035 1100 1058 ut
1113 1036 1286 1061 mutentur.

719 1076 842 1104 Ponere
858 1075 967 1109 docte,
983 1073 1096 1104 τιθέναι
1112 1085 1172 1113 pro
1187 1072 1288 1106 διατι-

718 1117 815 1156 θέναι,
833 1118 997 1155 ordinare,
1021 1121 1224 1151 constituere.
1242 1139 1288 1146 —-

719 1165 761 1194 62
768 1165 798 1195 5.
832 1167 938 1194 Vacat
975 1165 1162 1204 exquisitius
1192 1177 1287 1206 qnam

717 1209 794 1239 licet
803 1220 814 1239 .·
827 1210 909 1239 nihil
918 1210 1010 1240 ultra.
1018 1228 1065 1232 —
1075 1211 1153 1241 626.
1171 1213 1286 1249 Venia,

717 1256 879 1285 concessio
895 1265 903 1286 :
924 1255 1012 1295 quod
1035 1256 1206 1286 concedam
1217 1280 1225 1295 ‚
1242 1260 1287 1288 in-

715 1300 872 1342 dulgeam.

763 1347 842 1377 628.
859 1345 937 1376 Belli
955 1347 1076 1376 exitum
1092 1346 1216 1376 fatalem
1229 1348 1287 1378 im-

716 1399 873 1422 mutatum
903 1402 970 1421 non
998 1393 1039 1421 iri
1065 1393 1192 1432 Jupiter
1214 1404 1287 1433 pro-

717 1440 919 1468 nuntiaverat
941 1447 949 1467 :
972 1437 1012 1468 de
1033 1439 1143 1468 Turno
1159 1438 1205 1468 nil
1221 1449 1286 1469 me-

717 1485 861 1515 minerat.
893 1486 982 1514 Juno
1014 1484 1120 1523 itaque
1151 1485 1266 1515 Jovem
1277 1508 1286 1523 ,

715 1539 812 1570 quem
825 1529 885 1560 sibi
895 1529 1096 1570 placatiorem
1111 1529 1214 1566 videt,
1230 1541 1286 1560 seu

719 1575 778 1605 alia
796 1575 836 1606 de
861 1585 969 1605 caussa
980 1597 988 1612 ‚
1004 1585 1060 1604 seu
1076 1576 1209 1605 Veneris
1222 1576 1288 1613 jur-

714 1621 764 1662 gia
781 1623 919 1652 veritum
930 1643 938 1657 ‚
956 1628 1058 1651 cetera
1072 1620 1110 1651 de
1124 1622 1227 1651 Turni
1240 1624 1286 1652 vi-

715 1673 746 1697 ta
762 1673 793 1697 et
808 1668 1027 1698 incolumitate
1036 1667 1144 1706 eloqui
1157 1677 1222 1697 non
1233 1677 1285 1697 au-

713 1713 790 1743 dere
817 1713 985 1749 arbitrata,
1004 1713 1128 1741 utinam
1156 1712 1210 1748 id,
1237 1712 1284 1742 in-

715 1760 802 1799 quit,
824 1758 913 1798 quod
938 1758 1061 1787 disertis
1084 1756 1188 1786 verbis
1210 1768 1283 1797 pr0⁴

714 1805 839 1833 mittere
872 1803 951 1833 mihi
989 1802 1126 1843 gravaris
1137 1823 1145 1838 ‚
1176 1804 1283 1833 animo

713 1849 822 1878 saltem
830 1855 861 1878 et
869 1849 1033 1878 voluntate
1044 1857 1197 1877 annueres
1204 1871 1213 1884 ‚
1227 1851 1284 1879 sei-

712 1895 796 1931 licet,
807 1900 843 1924 ut
858 1896 970 1924 Turno
986 1894 1049 1922 vita
1065 1899 1144 1922 esset
1158 1894 1282 1924 incolu-

711 1941 785 1970 mis!
805 1939 892 1980 Quid
905 1939 935 1968 si
953 1939 1036 1968 valet
1055 1938 1139 1968 idem
1150 1961 1159 1976 ,
1176 1940 1278 1979 quod,

711 1996 768 2016 cm
782 1995 863 2015 non.
858 1986 871 2008 Ρ
885 1984 961 2026 quid
974 1985 1022 2014 ni.
1018 1985 1030 2005 Ρ
1045 1981 1075 2014 τί
1089 1985 1158 2022 οὑνς
1171 1983 1197 2015 εἰ
1206 1984 1281 2024 καὶ,

694 2031 790 2072 -quid
812 2031 886 2061 mali
912 2030 986 2061 inde
1013 2007 1158 2060 futurum’
1181 2039 1279 2065 esset.

711 2079 756 2115 si;
786 2077 851 2115 vel,
875 2084 1029 2117 quantum
1041 2098 1050 2113 ‚
1072 2086 1165 2116 quam
1197 2088 1280 2118 mag-

711 2134 789 2153 num
805 2122 838 2153 id
854 2123 953 2160 foret,
969 2123 1049 2152 si—
1062 2121 1207 2162 reditque
1222 2124 1277 2153 ad-

712 2179 751 2200 eo
766 2169 919 2201 sententia
934 2168 971 2199 ad
988 2169 1158 2208 optativam
1172 2179 1180 2200 :
1197 2179 1216 2199 ο
1231 2171 1274 2199 si!

1084 2232 1149 2269 11*
