1414 2435
93 73 104 92 1
114 68 154 98 42
590 61 785 92 AENELDOS

89 123 172 158 Hoc
194 128 317 157 tamen
333 116 466 155 infelix
485 115 663 156 miseram
682 118 855 157 solabere
874 129 1052 169 mortem;

89 182 216 216 AEneae
235 178 360 228 magni
380 177 513 215 dextra
532 179 646 216 cadis.
665 196 680 213 υ
697 183 871 231 Increpat
890 181 992 218 ultro
1239 191 1287 215 8³0

91 239 308 277 Cunctantis
327 238 469 284 socios,
490 247 527 276 et
545 248 646 276 terra
665 239 838 278 sublevat
857 241 999 292 ipsum,

91 300 281 349 Sanguine
299 306 514 349 turpantem
532 308 676 337 comtos
694 300 741 337 de
759 313 865 338 more
885 302 1050 351 capillos.

144 362 293 395 Interea
309 359 456 408 genitor
474 357 645 396 Tiberini
665 359 712 397 ad
730 360 894 398 fluminis
913 361 1052 398 undam

90 419 254 456 Volnera
273 418 439 456 siccabat
456 419 638 469 lymphis,
660 432 874 470 corpusque
890 421 1041 458 levabat

90 478 250 516 Arboris
268 478 424 515 adclinis
442 487 578 515 trunco
599 494 607 515 ε
628 480 762 529 procul
783 493 880 516 aerea
899 480 1012 516 ramis
1237 490 1285 514 835

90 538 288 588 Dependet
304 537 428 588 galea,
448 545 486 574 et
505 547 615 587 prato
635 538 765 589 gravia
784 551 889 576 arma
906 539 1116 588 quiescunt.

91 600 199 634 Stant
218 598 305 634 lecti
322 598 466 634 circum
481 598 659 648 juvenes;
679 600 760 648 ipse
781 611 897 648 aeger,
915 598 1115 643 anhelans,

90 657 193 693 Colla
212 656 333 702 fovet,
356 657 460 694 fusus
477 670 688 707 propexam
706 659 745 694 in
764 667 917 707 pectore
937 657 1116 705 barbam3

87 716 211 752 Multa
230 728 344 765 super
363 718 489 751 Lauso
509 717 668 766 rogitat,
687 717 924 766 multumque
941 717 1114 762 remittit,

89 774 166 820 Qui
188 782 386 820 revocent,
406 774 604 823 moestique
624 776 746 812 ferant
766 776 941 812 mandata
958 776 1135 825 parentis.
1238 787 1286 814 ⁸40

88 837 138 871 At
156 835 323 873 Lausum
342 833 435 872 socii
454 835 665 874 exanimem
684 848 799 886 super
819 848 922 872 arma
942 835 1115 874 ferebant

88 975 189 1015 patria
206 984 279 1003 cnm
295 980 384 1014 patre
399 974 564 1004 exsulabat
578 977 658 1004 Lan-

87 1031 151 1051 sus.
176 1037 224 1043 —-
248 1021 325 1051 832.
355 1021 482 1051 Comeos
506 1021 546 1050 de
572 1032 659 1051 more

86 1068 315 1097 Etruscorum:
330 1067 419 1107 quod
433 1078 473 1097 ex
487 1068 566 1097 vasis
579 1068 660 1098 aliis-

85 1123 147 1153 que
160 1115 375 1144 monumentis
389 1113 588 1154 intelligitur.

137 1161 214 1190 833.
237 1158 407 1200 Sequentia
434 1158 473 1189 de
498 1160 659 1190 Mezentio

88 1214 238 1247 tanquam
248 1207 281 1236 in
298 1205 404 1235 tabula
417 1205 559 1235 exhibita
573 1212 657 1236 sunt.

87 1253 274 1284 Declaratur
290 1252 394 1289 locus,
420 1252 561 1292 positus,
576 1253 658 1282 actio

87 1301 163 1340 ipsa.
182 1298 298 1329 Similis
313 1298 404 1328 locus
420 1297 510 1328 Iliad.
535 1308 565 1335 ε,
589 1298 656 1338 692

86 1355 153 1386 sqq.
170 1345 209 1375 de
230 1345 422 1384 Sarpedone.
441 1344 583 1374 Vulnera
597 1344 656 1374 sic-

86 1391 181 1421 cabat
197 1390 348 1431 (ymplu's,
370 1391 557 1431 sanguinem
571 1391 658 1420 siste-

86 1437 140 1467 bat
157 1437 270 1478 frigida
285 1447 376 1477 aqua.
394 1438 597 1478 Ignoramus‚
618 1447 658 1466 an

86 1484 209 1524 primus
224 1483 286 1513 hoc
301 1493 396 1512 ausus
409 1484 450 1512 sit
463 1484 573 1520 Maro;
588 1483 658 1512 imi-

86 1536 169 1559 tatus
195 1536 242 1559 est
265 1529 381 1559 Statius
409 1530 423 1557 I
448 1528 550 1558 Theb.
578 1529 655 1566 527.

85 1576 167 1606 Nam
193 1574 307 1617 τέρσειν
333 1581 364 1604 et
390 1571 576 1616 τερσαίνειν,
602 1574 658 1603 sed

85 1631 180 1662 aqua?
199 1622 331 1651 notione
353 1630 419 1650 non
439 1620 575 1657 adjecta,
593 1621 657 1658 jam

86 1669 244 1698 Homerus
259 1667 297 1697 de
315 1666 446 1696 vulnere
464 1666 597 1697 dixerat.
612 1683 658 1690 —«

86 1714 163 1745 835.
193 1713 328 1744 Acclivis
351 1720 383 1742 et
404 1713 540 1743 acclivus
563 1713 657 1754 pleri-

85 1771 148 1800 que
168 1760 262 1791 codd.
287 1767 319 1790 et
341 1766 417 1790 vett.
443 1759 527 1797 edd.,
545 1766 575 1789 et
591 1759 657 1789 fue-

85 1813 161 1836 runt
177 1806 256 1837 adeo
270 1807 330 1836 viri
345 1806 432 1835 docti
443 1829 451 1843 ,
469 1806 611 1836 Valesius
625 1813 656 1836 et

85 1853 202 1890 emta,
233 1854 289 1894 qui
315 1853 460 1883 vitiosam
487 1853 655 1882 lectionem

84 1899 300 1929 defenderent.
324 1898 469 1930 Acclim's
488 1900 537 1930 vel
552 1898 654 1929 adcli-

85 1946 134 1975 nis
148 1947 308 1983 meliores,
332 1948 466 1977 Roman.
486 1946 605 1977 Medic.
625 1952 657 1975 et

84 1993 152 2028 alii,
172 2004 246 2022 cum
269 1993 389 2023 Servio.
412 2009 460 2015 ·—-
481 2006 497 2018 «
521 1992 652 2027 Procul,

87 2038 181 2068 modo
194 2040 296 2076 juxta,
312 2045 347 2068 ut
362 2039 426 2069 Ecl.
441 2040 503 2073 VI,
527 2039 576 2075 16,
590 2041 658 2069 Ser-

87 2086 176 2120 vius,
207 2100 220 2110 »ι
245 2096 311 2114 non
328 2085 418 2115 male.
444 2084 554 2115 Eidem
574 2083 658 2114 vide-

87 2137 138 2159 tur
164 2141 293 2159 novasse
318 2130 349 2160 h.
373 2131 393 2161 l.
412 2138 503 2172 poeta
521 2130 659 2161 adclinis

85 2183 115 2205 et
135 2187 315 2217 proflatam
335 2177 463 2206 barbam
476 2189 489 2214 ;
508 2176 657 2218 equidem

711 982 866 1005 novatum
896 975 1034 1005 dicerem
1070 977 1175 1016 primo
1215 977 1286 1006 loco

712 1021 892 1062 quiescunt,
907 1023 1027 1060 jacent,
1047 1021 1086 1051 de
1102 1023 1194 1052 armis
1205 1044 1213 1060 ,
1227 1033 1283 1052 seu

713 1068 838 1108 clypeo.
852 1069 983 1098 —838.
999 1067 1202 1109 Collafiwce,
1219 1079 1284 1098 sus-

712 1115 793 1143 tinet
806 1122 901 1154 caput
911 1114 1032 1143 arboris
1045 1121 1172 1144 trunco.
1186 1116 1285 1144 Fusus

713 1159 861 1195 barbam,
886 1160 1007 1189 habens
1031 1159 1179 1197 barbam,
1199 1170 1283 1190 eam-

713 1217 775 1246 que
789 1216 981 1246 propexam,
997 1206 1100 1236 fusam
1112 1206 1147 1236 in
1161 1212 1284 1246 pectus,

713 1262 779 1282 non
803 1253 943 1282 otiosum
969 1258 1032 1290 est,
1054 1251 1109 1282 sed
1130 1251 1168 1281 ad
1198 1250 1284 1295 ἑνοίρ·

711 1308 800 1341 γειοιν
827 1299 1018 1328 narrationis
1044 1297 1283 1338 requirebatur,

711 1344 789 1374 dum
813 1344 852 1374 ad
872 1351 1022 1374 truncum
1038 1344 1210 1374 acclinatus
1232 1354 1283 1374 ca-

710 1392 776 1431 pite
800 1390 956 1428 demisso,
984 1390 1127 1421 recubat.
1151 1392 1190 1420 111
1208 1401 1285 1430 pec-

711 1443 794 1472 tore,
824 1448 884 1477 pro
915 1438 949 1466 in
975 1443 1110 1477 pectus,
1138 1443 1175 1465 ut
1202 1436 1284 1466 benc

711 1485 812 1520 Serv„
831 1483 1027 1522 antique.——
1039 1483 1115 1521 839.
1135 1481 1284 1511 Multum-

711 1539 772 1568 que
799 1528 945 1564 remittit,
975 1527 1061 1557 haud
1085 1527 1183 1557 dubie
1205 1527 1283 1558 doc-

713 1575 792 1611 tius,
808 1577 901 1604 Rom.
918 1580 949 1603 et
964 1572 1083 1603 Medic.
1101 1583 1174 1603 cum
1194 1574 1282 1604 Gud.

711 1630 759 1660 pr.
786 1620 919 1651 Mentel.
941 1626 972 1649 et
996 1620 1107 1649 ceteris
1131 1626 1282 1660 praestan-

712 1666 847 1696 tioribus
870 1676 877 1696 :
897 1667 1003 1706 itaque
1020 1673 1104 1695 recte
1124 1673 1283 1707 receperat

710 1714 870 1742 Heinsius.
895 1711 1022 1742 Excidit
1046 1719 1150 1742 tamen
1174 1719 1206 1742 et
1221 1711 1283 1742 hoc

709 1760 884 1789 Burmanni
909 1759 1087 1789 recensioni
1111 1765 1142 1788 et
1166 1759 1283 1788 iterum

709 1805 833 1835 illatum
852 1805 982 1846 vulgare
1001 1805 1187 1845 multosque.

758 1853 799 1888 84
809 1863 835 1883 1.
856 1852 918 1882 Hic
937 1862 1086 1893 magnum
1106 1857 1233 1891 poetam
1248 1851 1281 1880 iu

709 1898 758 1928 his
776 1909 927 1940 agnosce,
945 1897 1036 1939 quod
1051 1904 1116 1926 arte
1134 1907 1190 1926 sua
1206 1897 1281 1926 effe-

710 1946 770 1982 cit,
791 1952 826 1975 ut
841 1945 1008 1981 Mezentii,
1029 1950 1093 1973 tam
1111 1943 1206 1972 invisi
1228 1942 1283 1972 ho-

711 1992 823 2028 minis,
847 1991 1049 2020 miseratione
1070 1990 1192 2019 animos
1210 2000 1283 2019 nos-

712 2044 777 2067 tros
796 2043 946 2077 tangeret.
970 2036 1138 2067 Rationem
1160 2043 1190 2066 et
1214 2047 1277 2066 mo·

711 2083 804 2119 dum,
823 2089 853 2112 et
869 2092 940 2123 qua:
964 2082 1016 2112 illa
1035 2083 1115 2119 sint,
1140 2093 1196 2123 per
1211 2093 1283 2123 quae

712 2129 777 2159 hirc
801 2129 922 2163 effecit.
949 2128 1075 2158 videant
1099 2129 1211 2159 harum
1233 2139 1282 2159 re-

712 2187 782 2206 rum
804 2174 947 2205 studiosi.
969 2177 1069 2217 Super
1091 2186 1203 2212 arma,
1232 2185 1282 2206 su-
