1414 2435
596 80 721 110 LIBER
746 81 788 109 X.
1232 90 1245 113 1
1258 94 1268 112 1

1279 85 1294 113 §J

137 140 187 175 At
207 139 324 175 Pallas
345 135 488 186 magnis
509 135 646 172 emittit
666 136 813 173 viribus
832 136 996 184 hastam,

81 196 323 247 *Vaginaque
343 209 436 234 cava
454 196 660 246 fulgentem
678 195 820 246 deripit
840 198 1000 235 ensem.*

82 257 150 294 Illa
171 259 321 304 volans,
342 256 512 294 humeris
532 265 692 307 surgunt
713 271 789 306 qua
809 259 972 307 tegmina
993 271 1156 307 summa,

81 317 238 363 Incidit,
257 326 392 367 atque,
412 317 514 353 viam
532 317 655 367 clypei
673 318 804 354 molita
823 330 892 367 per
911 331 1014 363 oras,

81 376 251 413 Tandem
272 377 387 413 etiam
406 389 543 426 magno
567 377 719 413 strinxit
738 377 784 413 de
805 389 968 428 corpore
986 379 1117 415 Turni.

80 436 153 472 Hic
170 439 321 474 Turnus
341 437 442 474 ferro
463 437 662 487 praefixum
683 437 803 474 robur
823 448 934 475 acuto

78 497 123 531 In
142 496 310 533 Pallanta
330 497 397 533 diu
416 496 559 533 librans
574 497 685 546 jacit,
707 506 820 547 atque
837 499 890 535 ita
911 499 1012 535 satur
1031 515 1038 536 :

1236 511 1285 539 480

80 572 95 588 α
116 555 300 604 Adspice,
320 570 411 592 num
430 569 538 606 mage
555 557 604 592 sit
622 565 796 593 nostrum
815 557 1050 607 penetrabile
1069 559 1196 597 telum.
1215 577 1231 593 »

77 614 254 662 Dixerat3
278 625 315 653 at
332 617 528 666 clypeum,
549 624 605 653 tot
625 616 718 652 ferri
739 624 862 666 terga,
882 626 937 653 tot
956 618 1059 663 aeris,

78 677 202 720 Quem
222 676 329 725 pellis
348 676 485 712 totiens
505 675 619 712 obeat
637 675 874 713 circumdata
894 677 1010 721 tauri,

78 733 254 771 Vibranti
272 735 440 772 medium
459 735 586 784 cuspis
607 735 889 773 transverberat
909 736 1005 782 ictu,

78 903 180 927 morte
195 897 297 927 Turni
310 897 447 926 instante
463 906 470 927 :
486 898 563 926 Non
572 908 653 939 pug-

78 954 155 973 nam
170 943 335 983 adspicere
348 942 432 972 hanc
449 943 548 972 oculis
558 966 566 979 ‚
587 955 651 973 non

72 989 202 1029 soedera
213 1013 221 1027 ,
244 1000 386 1030 possum.
400 1007 447 1012 --
463 990 539 1028 475.
565 990 651 1020 Diri-

70 1036 124 1076 pic
149 1047 316 1076 perperam
341 1036 484 1076 plerique
507 1036 602 1066 codd.
622 1043 654 1066 et

77 1081 148 1111 edd.
176 1089 247 1112 aute
274 1084 398 1118 Heius„
431 1084 488 1122 qui
515 1082 654 1112 illustrat

75 1127 228 1168 deripere.
239 1130 288 1158 De
300 1128 362 1158 hoc
379 1138 473 1157 versu
486 1127 578 1157 valde
589 1138 653 1158 am-

77 1174 173 1215 bigo;
201 1174 316 1204 inutile
345 1174 430 1203 enim
454 1180 486 1203 et
514 1176 653 1204 otiosum

76 1220 139 1250 hoc
154 1220 265 1250 intulit
279 1226 371 1260 poeta
384 1230 393 1257 ;
409 1220 491 1249 ensis
505 1220 652 1249 nondum

76 1273 200 1307 poterat
215 1277 280 1296 esse
295 1275 383 1302 usus;
398 1266 650 1305 exspectandum

75 1314 161 1343 enim
173 1335 181 1349 ‚
196 1319 232 1342 ut
248 1313 325 1342 alter
338 1312 458 1342 hastam
473 1313 647 1349 emitteret,

73 1359 177 1389 donec
197 1360 330 1399 propius
352 1357 519 1394 accedere,
545 1365 576 1387 et
596 1368 649 1388 co-

74 1406 180 1435 minus
195 1415 336 1446 pugnare
348 1411 491 1445 possent.

123 1452 188 1490 476
201 1474 210 1488 ‚
233 1458 310 1489 477.
338 1451 495 1492 Tegmina
523 1449 649 1480 humeri

73 1509 129 1528 seu
157 1497 357 1530 humerorum
385 1507 453 1527 non
481 1507 546 1526 esse
573 1507 647 1537 pos-

72 1551 148 1575 sunt
163 1544 290 1580 thorax,
305 1550 342 1573 ut
355 1543 452 1584 vulgo
467 1544 646 1583 accipiunt;

72 1601 147 1621 nam
162 1590 250 1621 hasta
272 1601 350 1620 mox
363 1600 421 1630 per
437 1589 543 1630 clypei
559 1599 648 1619 oram

72 1637 181 1666 venire
196 1643 362 1667 narratur:
378 1637 485 1676 itaque
502 1635 647 1677 tegmina

72 1681 273 1712 humerorum
290 1681 330 1711 ad
346 1684 451 1722 ipsum
466 1682 560 1711 illum
580 1682 647 1722 cly-

72 1739 179 1768 peum,
199 1728 371 1758 referemus
393 1737 401 1758 :
429 1727 518 1757 hasta
535 1728 648 1758 volans

73 1774 209 1816 desuper
247 1785 304 1814 per
349 1783 504 1803 summam
542 1773 648 1813 clypei

72 1831 162 1851 oram
181 1821 295 1851 incidit
316 1827 347 1850 et
361 1826 526 1859 penetrat,
546 1818 648 1848 donec

73 1877 192 1909 corpus
215 1868 320 1898 Turni
343 1867 486 1907 stringat.
513 1865 564 1894 Bis
590 1865 648 1905 igi-

73 1920 126 1943 tm·
154 1914 242 1944 idem
268 1913 350 1943 dixit
373 1921 380 1942 ζ
407 1919 534 1953 tegmen
561 1921 646 1940 sum-

73 1970 159 1990 mum
175 1959 375 1990 humerorum
391 1965 422 1988 et
439 1968 512 1988 oras
527 1956 645 1997 clypei}

74 2013 106 2035 et
120 2017 182 2046 qua
195 2007 341 2046 superior
356 2005 461 2046 clypei
473 2015 544 2045 pars
557 2003 647 2033 attol-

74 2052 151 2082 litur
162 2075 171 2089 ,
202 2054 321 2082 eminet
349 2059 421 2082 ante
454 2051 626 2080 humerum
636 2072 644 2086 ‚

75 2097 160 2128 dicta
171 2098 224 2128 illa
239 2106 285 2128 est
297 2109 436 2139 surgere.
456 2096 645 2128 Tenendum

74 2151 180 2174 antem
195 2146 301 2175 auimo
313 2167 322 2181 ,
341 2142 465 2188 ἄντυγα
478 2143 585 2184 clypei
602 2150 646 2172 te-

75 2191 220 2221 nuiorem
240 2201 305 2221 esse
322 2190 483 2227 umbone,
511 2189 648 2220 facilius-

707 908 770 938 que
802 897 959 938 perforari
990 908 1093 938 posse.
1123 916 1169 921 —
1205 902 1281 938 478.

706 946 837 973 Partem
863 943 961 973 etiam
985 944 1083 975 Goth.
1110 955 1196 983 sec.;
1218 958 1281 977 me-

706 990 872 1020 morabilis
896 991 992 1020 lectio
1004 1013 1012 1026 ‚
1036 992 1098 1020 nisi
1116 993 1151 1020 in
1171 993 1282 1022 codice

708 1042 772 1065 tam
793 1037 914 1066 recenti
931 1044 962 1067 et
977 1037 1078 1066 nitide
1100 1037 1155 1067 sed
1169 1039 1283 1069 inscite

707 1083 826 1122 scripto
846 1084 933 1111 casui
947 1084 1056 1121 potius
1069 1083 1179 1113 deberi
1195 1085 1281 1115 vide-

706 1134 806 1164 retur,
818 1128 1176 1168 autinterpretamento.
1188 1132 1282 1172 Mag-

708 1173 745 1202 m'
766 1175 870 1214 Sprot.
892 1174 1077 1203 Destrinxit
1093 1176 1195 1216 Bigot.
1217 1188 1280 1207 sec.

705 1221 823 1249 Moret.
837 1242 845 1256 ,
869 1226 899 1249 et
916 1219 1075 1249 detrinxic
1092 1222 1190 1252 Goth.
1208 1227 1279 1253 tert.

704 1266 856 1295 Heinsius
877 1275 936 1294 nec
960 1267 1028 1305 ipse
1051 1266 1188 1296 hahebat
1204 1279 1283 1308 quo·

703 1311 800 1341 modo
828 1311 993 1351 expediret
1015 1309 1048 1341 τὸ
1069 1312 1202 1342 strinxit
1215 1314 1274 1351 cle,

702 1365 734 1387 et
759 1358 875 1396 conjic.
901 1357 1034 1387 strinxit
1058 1368 1111 1394 se,
1143 1366 1174 1389 at
1201 1370 1279 1390 mox

701 1403 826 1445 stn'ngic
840 1403 982 1434 absolute
1003 1414 1062 1444 pro
1077 1415 1109 1434 se
1130 1406 1256 1447 stringit
1267 1430 1275 1444 ‚

701 1452 886 1491 stringitur,
907 1450 1030 1479 dictum
1050 1452 1185 1491 accipit3
1209 1463 1277 1483 non

702 1496 796 1526 video
816 1507 882 1536 quo
907 1507 1012 1526 sensa.
1030 1498 1105 1527 Non
1129 1498 1278 1528 veniebat

701 1543 734 1572 in
755 1550 893 1572 mentem
916 1543 994 1572 viris
1013 1542 1114 1572 doctis
1134 1554 1200 1573 esse
1215 1543 1277 1574 hoc

701 1599 839 1630 graecum
856 1598 864 1618 :
879 1590 933 1619 τοῦ
957 1586 1101 1630 σώματος
1118 1587 1276 1628 ἐπέζεσεν,

704 1632 865 1679 ἐπέγραψε
876 1658 884 1672 ,
905 1645 948 1665 sc.
963 1634 1054 1677 μέρῡς
1071 1647 1110 1666 τι.
1130 1653 1177 1659 -
1191 1638 1255 1674 478
1269 1661 1277 1675 ‚

705 1687 782 1722 479.
808 1681 868 1711 Hic
899 1683 1030 1711 Turnus.
1059 1682 1178 1720 Pallas,
1208 1685 1275 1712 exi-

703 1738 839 1769 guarum
864 1728 982 1756 nrium
1015 1728 1180 1764 conscius,
1206 1738 1276 1758 cor-

701 1774 788 1813 poris
806 1780 929 1813 partem
950 1772 1101 1802 nudatam
1123 1774 1276 1812 petierat;

701 1826 811 1848 contra
825 1821 954 1849 Turnus
964 1841 972 1855 ,
988 1818 1111 1848 viribus
1125 1817 1275 1858 confisus,

701 1864 842 1894 medium
867 1863 1015 1894 Pallantis
1041 1864 1192 1904 clypeum
1215 1873 1277 1895 tra-

698 1911 779 1949 jicit.
793 1927 841 1934 —-
859 1910 936 1946 481.
953 1910 1049 1940 Color
1065 1911 1219 1942 orationis
1234 1923 1274 1942 ex

698 1956 789 1987 Iliad.
818 1959 856 1992 λ,
891 1957 976 1993 384,
1006 1957 1090 1996 391,
1124 1957 1200 1997 392.
1223 1975 1272 1983 -—

702 2004 778 2039 483.
812 2003 956 2032 Variavit
990 2009 1202 2040 structuram,
1233 2015 1274 2034 ne

701 2049 815 2080 eodem
845 2056 954 2078 tenore
981 2055 1166 2089 sequeretur
1191 2060 1200 2080 :
1226 2057 1275 2080 tot

700 2096 832 2126 laminas
861 2095 936 2125 ferri
971 2102 1001 2124 et
1035 2095 1124 2130 aeris;
1154 2095 1277 2136 πτύχας

700 2143 860 2172 Homerus
881 2141 964 2171 dixit
977 2152 985 2178 ;
1000 2149 1046 2170 tot
1059 2140 1144 2170 tauri
1158 2150 1247 2183 terga
1259 2167 1267 2178 ,

701 2188 732 2220 h.
752 2199 799 2227 e.,
821 2194 868 2218 tot
885 2189 986 2226 coria,
1007 2187 1125 2229 quihus
1142 2188 1272 2229 clypeus

1102 2252 1118 2266 η,

1054 2265 1098 2288 ΙΟ
