1414 2435
621 107 743 138 LIBER
767 107 826 138 IX.
1301 112 1317 140 7

130 163 246 201 Saevit
265 162 304 199 in
320 160 506 208 absenti53
522 161 693 199 conlecta
712 163 843 211 fatigat
863 161 999 198 edendi

131 225 189 259 Ex
206 223 318 270 longo
337 220 482 267 rabies,
502 229 539 257 et
554 221 662 259 siccae
683 221 863 271 sanguine
884 221 1021 258 fauces.

133 280 246 319 Haud
266 280 374 317 aliter
392 281 556 326 Rutulo,
575 294 704 318 muros
725 290 762 318 et
781 289 903 317 castra
920 279 1061 324 tuenti,
1298 282 1330 306 6⁵

133 342 338 388 Ignescunt
355 339 441 385 irae,
459 347 496 376 et
516 340 621 377 duris
643 341 753 377 dolor
771 339 919 376 ossibus
940 338 1069 384 ardet3

135 399 222 443 Qua
239 405 358 435 tentet
375 399 521 435 ratione
541 399 682 444 aditus,
701 407 738 435 et
756 411 832 447 qua
848 398 910 434 via
930 398 1075 434 clausos

134 457 312 493 Excutiat
330 460 498 495 Teucros
513 458 630 502 vallo,
648 466 759 506 atque
779 456 949 493 effundat
967 456 1007 491 in
1026 466 1166 504 aequor.

137 516 321 562 Classem,
342 529 426 565 quae
442 518 551 553 lateri
569 525 781 553 castrorum
800 516 978 565 adjuncta
995 514 1154 560 latebat,

138 574 352 624 Aggeribus
371 584 521 625 septam
536 576 679 612 circum
698 584 735 612 et
754 574 971 611 fluvialibus
990 574 1118 620 undis,
1306 590 1336 613 7⁰

139 634 310 679 Invadit,
331 635 528 684 sociosque
548 635 721 671 incendia
740 634 863 683 poscit
882 632 1048 677 ovantis3

141 696 268 742 Atque
287 706 441 730 manum
460 695 553 743 pinu
573 693 746 742 flagranti
765 691 934 729 fervidus
953 690 1095 740 implet.

143 754 242 789 Tum
259 764 352 788 vero
370 752 596 789 incumbunt
613 768 623 799 3
640 759 751 801 urget
767 750 968 800 praesentia
982 749 1119 795 Turni,

142 814 269 861 Atque
287 812 407 848 omnis
428 812 574 849 facibus
593 812 714 862 pubes
734 811 942 860 accingitur
961 810 1063 848 atris.

144 871 349 920 Diripuere
368 872 491 917 focos;
509 873 657 922 piceum
679 873 752 908 fert
771 871 915 908 fumida
933 871 1060 907 lumen
1313 878 1343 908 τ5

146 931 279 977 Taeda,
300 939 337 968 et
356 932 599 969 commixtam
617 932 808 969 Volcanus
832 931 878 967 ad
898 939 998 967 astra
1018 929 1193 966 favillam.

149 1099 271 1138 impetu
285 1097 408 1128 dictum
421 1099 563 1129 occurrit
576 1109 583 1130 :
600 1101 658 1130 inf.
672 1102 704 1130 X
713 1123 722 1137 ,

153 1154 217 1183 727
246 1143 388 1184 improba
417 1156 474 1174 ora
501 1146 533 1176 h.
564 1157 590 1176 e.
621 1146 722 1177 avida.

151 1189 419 1230 Quandoquidem
440 1191 597 1231 improbus
621 1194 723 1222 omni—

151 1246 197 1266 no
208 1242 254 1265 est
263 1237 390 1274 nimius,
400 1238 531 1275 multus,
544 1238 723 1270 vehemens.

152 1282 350 1312 Illustratum
365 1283 405 1312 ab
430 1284 519 1314 aliis:
544 1285 632 1315 conf.
653 1296 723 1325 sup.

155 1328 272 1368 Georg.
286 1330 316 1365 Ι,
342 1339 404 1368 119
421 1336 452 1359 et
471 1330 511 1359 ad
530 1331 603 1366 146.
623 1332 729 1371 Asper

155 1380 277 1410 autem,
294 1382 495 1414 exasperatus
514 1376 553 1405 de
571 1377 616 1405 ira
632 1383 663 1405 et
678 1387 726 1405 ra-

155 1419 219 1450 bie.
242 1419 395 1449 Absentes
417 1421 450 1451 h.
480 1421 502 1451 l.
530 1421 568 1451 de
596 1422 728 1451 inclusis

156 1465 283 1495 ovibus,
305 1468 407 1496 Suave
431 1473 536 1497 autem
559 1468 622 1497 hoc
643 1468 730 1498 soevic

158 1511 192 1541 in
208 1510 370 1547 absentes,
387 1513 475 1552 quod
489 1515 601 1543 imitati
615 1515 729 1554 passim

157 1563 234 1587 sunt
256 1557 331 1588 alii:
352 1560 428 1589 Stat.
452 1561 501 1596 II,
519 1559 621 1591 Theb.
646 1561 728 1597 1333

158 1603 230 1632 Val.
254 1604 302 1634 Fl.
324 1606 389 1641 III,
409 1605 490 1645 589,
507 1606 564 1636 ubi
580 1618 610 1636 v.
628 1608 728 1636 Inter-

158 1655 240 1689 pret.
250 1665 299 1673 ·—·
309 1650 364 1686 63,
379 1650 434 1685 64.
450 1653 584 1688 Ornate3
594 1653 690 1681 fames
701 1660 732 1682 et

159 1695 227 1723 sitis
252 1696 414 1725 excruciat
430 1707 512 1727 eum.
528 1715 575 1720 -—-
595 1699 649 1735 67.
676 1700 732 1727 Le-

160 1739 294 1780 gebatur
311 1751 318 1771 :
335 1751 400 1781 qna
415 1741 494 1777 via,
510 1742 572 1772 hoc
587 1750 632 1773 est
643 1766 651 1779 ,
667 1754 732 1784 qua

160 1792 249 1827 parte
267 1785 325 1816 via
334 1809 343 1822 ‚
363 1788 498 1816 accessio
514 1789 555 1817 ad
569 1800 676 1819 muros
689 1799 732 1818 es-

160 1838 223 1869 set,
246 1839 283 1861 ut
306 1833 388 1862 bene
411 1833 534 1863 Fabu'c.
565 1835 731 1875 exposuit,

161 1888 203 1908 ne
217 1877 277 1908 via
291 1889 350 1919 pro
363 1886 453 1909 sexto
468 1890 540 1909 casu
551 1880 731 1909 haberetur.

163 1925 243 1954 Satis
262 1931 366 1955 tamen
385 1925 550 1965 probabile
567 1927 645 1956 mihi
670 1933 732 1963 est,

163 1980 236 2010 quoe
252 1970 314 2000 via
331 1982 349 2001 a
365 1973 499 2001 Marone
518 1972 612 2002 fuisse
635 1973 732 2012 scrip-

163 2022 306 2057 tum,fflt
329 2018 365 2047 in
389 2017 522 2047 alterum
547 2018 732 2048 deflexum:

163 2062 273 2102 sicque
286 2065 380 2094 Rom.
405 2073 478 2093 cum
494 2064 651 2104 plerisque
667 2064 734 2093 aliis

164 2108 246 2137 Pier.
263 2115 295 2138 et
309 2111 414 2149 Sprot.
427 2110 596 2140 exhibebat
605 2122 614 2147 3
636 2111 733 2151 idque

164 2162 253 2183 nunc
267 2157 463 2195 reposui.——
475 2158 554 2196 Quae
572 2157 651 2192 via,
669 2157 733 2186 adi-

166 2204 216 2228 tus
229 2199 268 2231 ad
279 2211 404 2233 muros:
419 2203 563 2233 excutiat
580 2204 729 2239 Teucros,

777 1099 957 1129 facultatem
974 1105 1005 1128 et
1022 1097 1155 1128 modum
1169 1096 1348 1138 suppeditet

777 1145 928 1175 eliciendi
947 1155 1010 1175 eos.
1025 1162 1072 1168 —-
1092 1145 1146 1175 68.
1167 1146 1206 1173 In
1222 1153 1348 1184 (equum

778 1194 872 1222 Rom.
888 1198 919 1221 et
936 1191 1053 1222 Medic.
1074 1201 1147 1220 cum
1160 1190 1269 1231 fragm.
1285 1191 1349 1218 Va-

779 1239 832 1267 tic.
860 1248 877 1266 a
904 1248 988 1267 man.
1014 1248 1076 1277 pr.‚
1102 1237 1170 1277 pari
1192 1234 1349 1276 siguifica-

779 1285 883 1320 tione,
901 1284 943 1312 ait
960 1284 1070 1312 Heius.
1090 1285 1203 1318 Recte,
1227 1292 1286 1310 nec
1306 1289 1351 1311 ta-

779 1340 853 1359 men
863 1329 970 1358 eadem
982 1339 1090 1358 rerum
1099 1329 1242 1357 notione.
1253 1327 1353 1357 Aliud

781 1383 844 1412 est,
871 1375 903 1404 in
920 1385 1046 1415 oequum
1071 1374 1176 1403 locum
1200 1373 1291 1411 elici,
1316 1381 1354 1404 ut

781 1432 812 1451 v.
845 1421 887 1450 55
924 1431 1015 1461 aequo
1043 1431 1157 1460 campo
1188 1430 1221 1449 se
1253 1419 1352 1455 dare,-

782 1466 866 1496 alind
879 1468 913 1496 in
927 1477 1044 1507 aequor,
1061 1477 1118 1496 seu
1131 1476 1269 1506 camp05.
1284 1467 1354 1496 Hoc

782 1513 940 1554 vulgatius
958 1514 1041 1543 inter
1055 1519 1181 1553 poetas;
1206 1511 1288 1542 illud
1304 1513 1354 1541 in-

782 1566 830 1589 ter
859 1560 1029 1599 scriptores
1060 1559 1277 1589 historiarum.
1310 1576 1356 1581 -—

784 1606 909 1645 AEqnor
925 1615 1111 1645 camporum
1134 1604 1220 1634 haud
1246 1604 1354 1635 dubie.

847 1661 900 1689 70.
938 1651 1131 1691 Compar-ant
1173 1650 1355 1690 exemplum

784 1697 932 1726 Hectoris
948 1704 979 1726 et
993 1696 1088 1725 verba
1103 1696 1139 1726 ll.
1158 1706 1184 1733 o,
1206 1706 1220 1732 ‘7
1234 1696 1271 1724 16
1286 1706 1354 1736 sqq.

784 1760 831 1765 —
847 1753 900 1780 72.
915 1741 1081 1777 Fervidas,
1102 1748 1137 1771 ut
1145 1741 1290 1782 fervidus
1306 1741 1354 1770 in-

785 1795 849 1817 stat
872 1789 938 1823 IX,
955 1788 1019 1817 350
1033 1798 1041 1823 ;
1055 1789 1104 1823 X,
1127 1787 1190 1824 788
1209 1793 1240 1816 et
1255 1787 1295 1817 al.
1309 1805 1356 1810 -—

788 1839 842 1870 74.
857 1832 1046 1873 Accingicur
1056 1832 1192 1870 facibus,
1206 1840 1356 1870 armatur,

785 1879 973 1915 instruitur,
1002 1884 1039 1907 ut
1059 1879 1157 1909 altero
1178 1880 1249 1909 loco
1272 1887 1357 1909 recte

787 1927 873 1956 Serv.
886 1947 894 1961 ‚
917 1931 954 1954 ut
973 1923 1051 1954 adeo
1074 1926 1192 1955 mirum
1212 1935 1282 1956 non
1297 1926 1355 1961 sit,

787 1978 911 2011 poetam
942 1980 1037 2010 supra
1064 1973 1127 2001 VII
1138 1993 1147 2008 ,
1181 1971 1241 2010 187
1276 1971 1355 2001 limo

787 2017 959 2057 trabeaque
974 2015 1165 2046 succinctum
1181 2017 1356 2048 dixisse-

789 2064 842 2100 75.
859 2065 975 2099 Focos,
1006 2073 1085 2103 quos
1107 2073 1125 2093 a
1148 2064 1277 2094 Rutulis
1300 2075 1355 2093 ex-

786 2109 905 2150 templo
919 2116 1096 2139 exstructos
1110 2109 1206 2139 fuisse
1219 2111 1357 2151 cogitan-

786 2155 863 2185 dum
889 2163 954 2192 est;
983 2154 1123 2196 adeoque
1147 2166 1233 2185 nunc
1262 2155 1356 2185 taedas

786 2213 842 2232 seu
871 2202 993 2243 stipites
1024 2202 1060 2232 in
1090 2201 1162 2232 foco
1199 2201 1354 2232 ardentes.
