1414 2435
133 83 197 114 258

637 82 837 114 AENEIDOS

137 144 249 179 Hunc
269 152 492 189 congressus
512 148 550 176 et
567 139 671 177 hunc
679 155 690 186 3
711 140 819 177 illum
835 139 982 177 eminus
1000 155 1008 176 ε
1031 139 1178 177 eminus
1199 137 1313 176 ambo

139 199 387 246 Imbrasidas,
408 199 597 237 Glaucum
615 208 729 250 atque
750 200 899 247 Laden,
921 213 1018 250 quos
1037 199 1232 237 Imbrasus
1251 200 1334 249 ipse

139 261 337 299 Nun-ierat
355 259 492 309 Lycia,
512 259 748 311 paribusque
768 269 974 297 ornaverat
994 261 1126 306 armis,

140 323 210 358 Vel
230 321 404 358 conferre
422 334 595 367 manum,
615 321 676 358 vel
695 333 794 370 equo
813 329 1046 371 praevertere
1062 330 1207 358 ventos.

1300 327 1348 356 345

141 386 252 420 Parte
271 383 344 419 alia
360 381 486 419 media
502 381 692 419 Eumedes
708 381 748 418 in
767 381 900 432 praelia
919 382 1059 430 fertur,

140 442 301 494 Antiqui
319 443 445 493 proles
462 441 564 479 bello
580 441 765 492 praeclara
781 442 959 488 Dolonis3

143 503 307 540 Nomine
326 515 440 540 avum
457 503 646 550 referens,
667 502 794 540 animo
813 501 1066 551 manibusque
1086 509 1311 552 parentem:

143 563 222 609 Qui
241 563 454 613 quondam,
474 572 599 601 castra
614 571 658 600 ut
676 564 853 600 Danaum
871 562 1088 613 speculator
1108 561 1245 608 adiret,

143 627 270 661 Ausus
291 624 428 661 Pelidae
446 625 614 674 pretium
631 623 705 662 sibi
722 637 881 675 poscere
898 637 1052 672 currus3

1305 629 1355 654 350

142 686 255 723 Illum
273 685 439 735 Tydides
461 686 534 723 alio
554 699 626 736 pro
646 685 786 724 talibus
805 686 906 724 ausis

144 746 295 783 Adfecit
316 746 461 795 preti03
480 759 551 782 nec
571 747 678 795 equis
699 745 869 796 adspirat
887 746 1056 783 Achillis.

143 807 257 844 Hunc
275 805 410 854 procul
428 813 471 841 ut
493 817 628 854 campo
649 808 802 842 Turnus
821 806 1019 855 prospexit
1039 814 1190 856 aperto,

147 868 246 904 Ante
263 866 338 902 levi
353 865 482 916 jaculo
501 865 656 916 longum
669 878 740 921 per
759 866 870 902 inane
890 874 1060 912 secutus;

148 1010 212 1039 cies
226 1019 308 1050 saepe
327 1008 366 1039 ab
389 1010 530 1039 Homero
551 1009 653 1040 oculis
668 1009 723 1039 ob-

146 1056 256 1095 jicitur
277 1065 285 1086 5
309 1067 339 1086 v,
369 1055 459 1085 lliad.
478 1058 515 1092 λ,
545 1056 629 1095 531,
657 1056 722 1092 534

149 1102 286 1139 -536;
310 1112 347 1139 υ,
378 1102 442 1142 498
470 1112 535 1142 seq.
564 1120 611 1125 --
645 1103 722 1138 342.

151 1149 344 1189 Congressus
365 1159 440 1178 cum
464 1148 538 1186 illo,
567 1150 723 1179 cominus

149 1192 288 1235 συνάψας
311 1192 367 1230 τὰς
385 1194 502 1237 χεῖρας.
519 1213 564 1218 --
584 1197 660 1231 343.
676 1197 724 1226 De

147 1241 260 1272 Laden
276 1242 356 1271 forte
371 1241 511 1271 dubitari
524 1249 638 1282 potest.
656 1242 723 1272 Alii

147 1287 277 1322 Laben.
303 1288 471 1327 Hyadem,
506 1289 640 1325 ladem,
670 1291 723 1319 la-

146 1335 228 1370 den,
256 1335 385 1371 Caden,
406 1334 560 1372 Eladen‚
586 1335 722 1374 Raden,

146 1381 277 1412 Icidem.
294 1381 355 1412 Sed
371 1378 480 1417 Λάδης
503 1382 585 1412 nihil
606 1381 722 1419 habet,

147 1427 238 1469 quod
255 1435 421 1469 repugnet.
444 1428 606 1459 Ladonem
627 1439 723 1470 supra

147 1484 279 1514 quoque
303 1474 460 1511 x·idimus;
483 1482 513 1504 et
541 1483 616 1506 nota
639 1475 724 1505 Lade

148 1521 252 1550 insula
262 1543 271 1558 ,
281 1521 395 1551 Mileto
411 1528 575 1561 praetenta.
587 1539 632 1545 ——
644 1522 722 1557 345.

147 1568 193 1597 Ut
224 1577 279 1596 seu
315 1567 454 1607 pedites,
488 1578 543 1597 seu
575 1579 615 1598 ex
639 1578 725 1609 equo

148 1620 339 1654 pugnarent.

196 1659 262 1694 346
276 1669 344 1699 sqq.
361 1661 527 1701 Ingeniose
548 1660 722 1691 Eumedem

148 1715 236 1735 nunc
257 1706 291 1735 in
311 1717 437 1736 carmen
458 1717 552 1736 suum
568 1707 724 1748 produxit

147 1759 178 1782 et
195 1753 338 1789 ornavit,
355 1759 504 1793 tanquam
526 1764 585 1784 avo
609 1756 724 1784 Eume-

146 1798 185 1828 de
205 1806 235 1828 et
261 1805 350 1839 patre
375 1799 502 1829 Dolone
523 1807 633 1830 natum
653 1810 660 1831 :
679 1801 719 1831 cf.

147 1844 236 1875 Iliad.
252 1856 291 1883 κ,
310 1847 387 1882 3ῐ4.
407 1847 567 1877 Homerus
591 1846 720 1888 quidem

149 1892 188 1921 de
204 1891 329 1922 Dolone
343 1888 378 1926 ἦν
395 1889 429 1922 δὲ
446 1903 489 1928 τις
507 1892 535 1923 ἐν
551 1892 720 1936 Τρώεσσιν,

148 1937 201 1967 sed
225 1939 280 1979 qui
306 1946 351 1969 tot
378 1939 435 1969 alia
460 1941 658 1978 meminerit,
687 1942 721 1971 iu

146 1985 263 2024 quibus
277 1985 438 2016 versandis
447 1994 478 2016 et
488 1986 722 2030 ornandistpoe-

148 2037 205 2068 tm,
220 2032 365 2071 inprimis
389 2034 517 2075 tragici,
536 2044 591 2063 seu
605 2041 640 2063 ut
659 2045 717 2065 no-

145 2077 241 2107 vitate
255 2084 285 2106 et
301 2080 449 2109 varietate
468 2080 640 2118 delectent,
661 2091 717 2112 seu

144 2134 204 2164 pro
221 2124 345 2154 consilii
363 2124 561 2163 diversitate,
591 2126 630 2157 ab
654 2128 717 2158 Ho-

144 2180 232 2200 mero
253 2180 312 2199 sno
338 2171 509 2209 recedunt,
535 2184 601 2204 non
626 2175 717 2204 mira-

142 2215 250 2254 bitur,
275 2217 441 2248 Maronem
467 2219 499 2249 h.
526 2219 545 2250 Ι.
571 2220 631 2250 sibi
649 2227 713 2251 tan-

776 1016 846 1039 tum
866 1009 963 1039 licere
980 1016 1125 1050 putasse,
1147 1016 1183 1040 ut
1206 1016 1237 1039 et
1259 1009 1354 1040 nobi-

776 1056 838 1085 lem
860 1063 891 1086 et
906 1057 1021 1086 fortem
1045 1056 1161 1086 faceret
1180 1056 1351 1087 Dolonem.

777 1102 867 1132 Vidit
881 1101 943 1132 hoc
958 1102 1043 1132 idem
1057 1102 1203 1133 Macrob.
1218 1104 1249 1131 V
1260 1126 1268 1140 ‚
1291 1103 1330 1133 16
1343 1126 1352 1140 ‚

778 1159 837 1179 nec
859 1149 961 1190 placet
983 1148 1094 1179 Cerdae
1114 1155 1352 1187 commentum,

779 1197 834 1235 qni
849 1195 994 1225 animum
1011 1206 1189 1237 manusque
1207 1196 1245 1226 ad
1266 1197 1354 1237 igna-

776 1243 860 1272 viam
884 1241 991 1273 trahit.
1014 1242 1121 1273 Multo
1142 1243 1249 1273 minus
1270 1243 1354 1273 inter

777 1299 812 1319 ea
826 1289 959 1319 referam
973 1312 981 1326 ,
996 1299 1068 1330 quae
1087 1291 1180 1320 Maro
1195 1296 1353 1330 superstes

777 1337 868 1377 operi
890 1335 1117 1366 emendaturus
1141 1337 1260 1366 fuisset.
1286 1337 1353 1367 Nec

777 1393 837 1423 pro
855 1384 1101 1413 Homericorum
1113 1382 1251 1414 heroum
1265 1393 1353 1413 more

778 1430 885 1459 Dolon
899 1429 977 1460 adeo
990 1431 1123 1471 ignavus
1136 1429 1236 1460 homo
1252 1429 1352 1460 videri

778 1475 883 1506 debet.
915 1475 1056 1518 Antiqui
1084 1486 1144 1516 pro
1175 1475 1294 1506 nobilis
1322 1483 1353 1506 et

778 1523 902 1564 magni,
917 1523 1004 1553 serv.
1022 1539 1069 1545 —
1086 1522 1164 1552 352.
1181 1523 1252 1552 Nec
1266 1522 1355 1562 equis

777 1568 923 1609 adspirat
935 1567 1073 1597 Achillis
1091 1574 1214 1598 mutato
1229 1575 1350 1609 tempo-

778 1625 831 1651 re,
859 1625 918 1655 pro
945 1614 1140 1655 adspiravit,
1165 1614 1274 1655 paullo
1291 1614 1351 1645 du-

777 1662 854 1691 rius.
881 1662 1012 1691 Dictum
1036 1672 1111 1691 cum
1138 1669 1285 1702 respectu
1311 1661 1351 1692 ad

777 1718 872 1736 ausus
882 1719 895 1743 ;
911 1715 947 1737 ut
961 1709 1023 1746 jam
1043 1718 1058 1737 a
1076 1707 1230 1738 Diomede
1243 1707 1353 1749 depr&

777 1754 877 1784 llenso
892 1755 921 1784 ei
933 1754 1087 1784 exciderit
1103 1765 1215 1796 magna
1231 1755 1285 1785 illa
1300 1765 1354 1785 au-

777 1800 863 1831 dacia
874 1824 882 1839 ‚
911 1811 974 1842 qua
1006 1801 1136 1832 Achillis
1163 1811 1263 1842 equos
1288 1800 1350 1831 sibi

776 1859 836 1889 pro
858 1847 1002 1878 mercede
1028 1847 1258 1889 explorationis
1279 1856 1350 1887 pac-

776 1901 828 1925 tus
851 1902 940 1926 erat:
962 1905 1021 1925 nec
1045 1901 1115 1924 tum
1135 1893 1190 1923 ille
1213 1893 1349 1934 amplius

777 1941 949 1982 adspiravit
963 1941 1003 1971 ad
1019 1939 1154 1971 Achillis
1172 1949 1283 1980 equos.
1304 1941 1345 1972 cf.

775 1998 837 2019 vss.
852 1988 873 2018 l.
891 1999 919 2018 c.
936 1987 1028 2017 Iliad.
1047 1997 1085 2024 κ,
1102 1992 1185 2023 401,
1208 1991 1285 2022 402.
1303 2005 1349 2011 —

776 2035 853 2070 354.
869 2036 928 2065 Per
941 2033 1073 2074 longum
1088 2034 1224 2073 spatium
1239 2033 1348 2071 jaculo

771 2081 961 2122 insequutus
980 2079 1039 2121 (ut
1059 2086 1143 2110 recte
1161 2079 1313 2122 Servius)
1331 2091 1348 2112 e

769 2126 949 2167 longinquo
976 2120 1158 2166 vuluerffls'ee
1185 2126 1348 2168 putandus

769 2179 825 2204 est.
838 2173 922 2204 Hinc
939 2173 991 2203 ille
1009 2172 1208 2204 semfanimis
1225 2174 1344 2215 lapsus-

767 2230 829 2260 que
853 2231 864 2249 .·
892 2227 923 2250 et
953 2221 1103 2257 Turnus,
1128 2221 1192 2262 qm
1221 2220 1341 2252 hastam
