1414 2435
77 69 120 98 62
577 63 770 94 AENEIDOS

76 125 151 164 Sed
172 125 278 161 furor
300 121 494 159 ardentem
513 119 728 170 caedisque
720 133 850 158 insana
866 122 1006 172 cupido
1220 133 1268 166 7⁶0

73 187 159 235 Egit
177 185 216 221 in
232 183 303 220 adv
306 194 421 218 ersos.

74 243 265 293 Principio
282 241 488 286 Phalerim,
509 250 564 286 et,
583 241 727 277 succiso
746 241 909 291 poplite,
926 246 1059 292 Gygen

75 303 243 352 Excipit3
262 301 352 338 hinc
368 309 495 351 raptas
518 299 749 350 fugientibus
769 301 906 351 ingerit
925 302 1049 339 hastas

77 367 121 400 In
140 371 268 412 tergus
289 376 297 398 z
317 363 417 398 Juno
433 360 532 397 vires
549 360 790 410 animumque
808 362 1006 400 ministrat,

73 423 191 461 Addit
211 422 349 470 Halym
365 421 561 466 comitem,
581 429 618 457 et
636 421 784 458 confixa
802 422 951 472 Phegea
968 435 1108 473 parma.
1219 432 1267 466 765

72 487 231 533 Ignaros
252 482 388 519 deinde
404 482 443 518 in
463 481 581 517 muris
599 484 838 530 Martemque
857 483 1008 529 cientis,

72 543 380 592 Alcandrumque
388 570 398 588 ‚
409 541 639 591 Haliumque
649 568 659 586 ‚
674 544 946 592 Noemonaque
955 571 965 589 ,
981 545 1268 595 Prytanimque;

73 605 223 652 Lyncea
243 601 458 639 tendentem
479 609 630 647 contra,
650 601 852 651 sociosque
872 597 1090 640 vocantem⁴

72 663 249 700 Vibranti
268 661 393 712 gladio
411 660 595 707 connixus
615 660 663 697 ab
681 674 817 711 aggere
836 662 970 699 dexter

73 726 246 772 Occupat
264 737 272 758 z
290 721 380 758 huic
398 734 475 757 uno
493 721 682 770 dejectum
699 722 909 757 comminus
929 722 1006 758 ictu
1222 740 1269 765 77⁰

72 787 167 821 Cum
187 784 292 833 galea
311 782 421 831 longe
436 781 555 830 jacuit
571 789 697 828 caput.
720 781 813 815 Inde
834 781 1001 818 ferarum

71 846 310 881 Vastatorem
330 845 535 889 Amycum,
555 851 632 888 quo
652 851 728 875 non
749 839 895 877 felicior
915 841 1009 878 alter

71 907 225 953 Unger-e
245 902 319 939 tela
336 913 469 945 manu,
490 900 709 949 ferrumque
729 913 875 937 armare
895 914 1060 949 veneno;
1090 905 1106 914 ‘

71 965 119 1000 Et
140 962 305 1011 Clytium
326 959 521 1006 AEohden,
543 969 580 996 et
597 959 759 996 amicum
779 960 940 998 Crethea
960 961 1097 1008 Musi53

73 1021 235 1058 Crethea
251 1023 449 1057 Musarum
467 1018 663 1066 comitem,
683 1019 746 1056 cui
765 1020 932 1057 carmina
949 1033 1098 1071 semper
1220 1032 1269 1064 775

71 1166 209 1199 Rutulis.
226 1183 271 1189 —-
287 1165 363 1203 760.
390 1165 434 1194 At
464 1164 517 1193 ille
545 1174 642 1194 occae-

72 1219 138 1243 eata
157 1219 262 1242 mente
278 1211 317 1242 ad
332 1210 450 1241 caedem
465 1210 644 1240 faciendum

71 1260 147 1288 ruit.

118 1305 195 1342 762.
211 1302 300 1334 Ordo
322 1310 385 1340 est,
408 1303 515 1343 inquit
530 1304 642 1333 Serta·
633 1327 641 1333 .

72 1352 197 1391 Excipit
213 1349 261 1390 (in
276 1361 308 1379 se
323 1348 516 1389 irruentem)
530 1356 561 1379 et
576 1359 644 1379 suc·

70 1397 148 1427 cidit
160 1397 330 1438 poplitem3
347 1403 384 1426 ut
396 1407 469 1436 sup.
487 1397 549 1434 537
569 1398 643 1426 Pos

70 1443 149 1473 tibus
179 1443 272 1472 laesit
301 1442 417 1473 adesis.
456 1442 543 1472 Idem
577 1443 640 1480 763

69 1497 179 1530 raptas
193 1489 260 1518 scil.
282 1488 321 1518 de
344 1499 498 1519 caesorum
514 1488 644 1519 cadave-

69 1537 167 1566 ribus.
185 1553 232 1558 —
250 1535 325 1573 765.
343 1535 519 1575 Phegeum,
535 1545 643 1574 parma

69 1580 219 1612 transfixa
241 1581 441 1616 confossum,
457 1587 486 1610 et
504 1581 569 1618 766
586 1581 643 1611 Al-

68 1627 222 1658 candrum
239 1633 269 1656 et
287 1634 407 1656 ceteros
427 1637 564 1667 pugnam
581 1629 643 1667 agi-

70 1682 170 1704 tantes
185 1675 219 1702 in
233 1674 331 1702 muris
346 1683 469 1701 aversos
486 1673 594 1709 caedit,
612 1679 643 1702 at

69 1723 234 1762 Lynceum
270 1719 445 1749 adversum.
482 1736 528 1742 —
563 1719 641 1757 767.

68 1770 179 1807 Quum
201 1765 253 1794 hic
269 1775 378 1794 versus
397 1765 435 1794 ad
451 1765 585 1795 verbum
603 1776 643 1795 ex

70 1815 209 1843 Homero
225 1821 398 1841 conversus
416 1812 471 1847 sit,
489 1811 596 1851 ibique
609 1813 643 1841 ii-

69 1859 140 1890 dem
165 1859 309 1889 homines
338 1857 376 1887 ab
406 1857 519 1898 Ulysse
547 1858 641 1887 occisi

68 1912 246 1938 narrentur,
265 1904 392 1934 Servius
406 1903 478 1933 inde
492 1914 641 1944 apparere

68 1954 124 1986 ait,
143 1963 207 1981 non
223 1951 262 1981 ad
275 1950 455 1985 historiam,
471 1950 525 1980 sed
542 1950 579 1980 ad
593 1961 641 1979 or-

68 2006 177 2028 natum
189 1998 340 2038 poematis
351 1996 419 2027 liaec
434 1998 560 2027 nomina
575 2007 641 2037 per-

69 2046 179 2075 tinere.
196 2044 257 2073 Sed
274 2044 343 2083 quis
363 2043 488 2073 tandem
502 2042 575 2073 iude
590 2053 640 2072 or-

68 2097 160 2120 natus
179 2091 322 2119 exsistit?
339 2089 420 2119 dicat
436 2090 558 2130 aliquis.
574 2090 640 2120 Sci-

67 2137 139 2167 licet
156 2136 194 2165 ad
217 2134 378 2178 ἐνάργειειν
403 2137 590 2166 narrationis
611 2142 642 2165 et

69 2183 107 2214 ad
131 2184 273 2214 animum
300 2184 335 2213 in
362 2194 428 2214 rem
456 2189 641 2224 praesentem

696 1162 919 1193 deducendum
932 1164 1030 1200 valet,
1046 1166 1073 1194 si
1087 1175 1154 1196 non
1169 1168 1269 1197 omni-

696 1221 740 1241 no
754 1211 849 1241 caesos
868 1206 933 1240 e'sse
949 1211 1066 1242 multos
1091 1211 1192 1250 dicas,
1216 1224 1269 1244 ve-

696 1267 768 1287 rum
784 1258 878 1286 etiam
893 1259 1082 1288 nominatim
1097 1269 1150 1289 eos
1165 1270 1270 1300 perse·

696 1304 813 1344 quatis.
824 1314 959 1342 —77o.
972 1305 1169 1350 Comparant
1179 1305 1268 1336 Iliad.

697 1347 731 1386 ξ,
747 1355 832 1390 497·
825 1373 832 1387 ,
846 1360 880 1387 υ,
899 1350 976 1386 48ῐ.
992 1368 1040 1374 -—
1057 1361 1133 1389 771.
1151 1355 1270 1395 Αιμονα.

697 1394 786 1439 θήρης
802 1414 846 1419 -
861 1395 962 1427 ἐσθλὸν
979 1397 1135 1440 θηρητῆρα
1151 1405 1211 1429 etc.
1230 1399 1269 1429 ll

697 1453 730 1480 σ,
747 1449 800 1483 49.
812 1461 859 1466 —
894 1454 946 1481 72.
963 1443 1108 1478 Feltcmr,
1123 1445 1267 1484 peritior,

698 1496 733 1519 ut
752 1489 845 1525 alibi,
872 1500 1011 1530 quoque.
1036 1491 1136 1519 Manu
1162 1497 1268 1527 vacat,

696 1535 752 1564 sed
770 1535 942 1572 adjectum,
959 1536 1110 1575 quoniam
1126 1535 1165 1565 de
1186 1537 1269 1577 peri-

697 1582 739 1610 tia
767 1582 880 1622 agitur.
913 1574 976 1616 Ῐους
1011 1592 1047 1623 7:
1035 1579 1167 1619 (sceau,
1203 1593 1270 1613 non

696 1628 756 1656 nisi
782 1627 954 1657 admodum
982 1627 1191 1658 barbarorum
1214 1639 1270 1669 po-

695 1673 845 1713 pulorum
863 1684 948 1709 mos,
968 1674 1002 1703 in
1027 1673 1123 1704 Iliade
1147 1675 1202 1704 vix
1219 1685 1271 1705 oc-

697 1721 810 1755 currit,
832 1719 887 1749 scd
903 1721 936 1749 in
950 1719 1065 1761 odyss.
1083 1724 1118 1758 λ,
1136 1721 1270 1751 260.—

699 1772 762 1803 774
787 1777 833 1805 sq.
858 1768 976 1795 Suaves
1001 1777 1110 1796 versus
1130 1765 1175 1801 de,
1195 1767 1270 1797 Cre-

697 1812 770 1842 theo
799 1812 917 1852 lyrico,
951 1822 1089 1852 quorum
1121 1812 1269 1852 praeclara

695 1859 830 1888 imitatio
849 1865 894 1887 est
907 1859 940 1888 iu
957 1858 1093 1888 Leonida
1107 1857 1267 1893 Gloveriiv

694 1904 752 1934 ubi
772 1904 810 1934 de
827 1904 1016 1934 Aristandro
1039 1906 1094 1939 lv.
1112 1904 1176 1934 213
1196 1915 1266 1946 sqq.

693 1950 771 1991 (lib.
792 1953 833 1986 V,
852 1951 917 1989 239
929 1949 950 1989 ).
975 1951 1048 1980 Fuit
1071 1951 1119 1980 vir
1134 1949 1264 1987 doctus,

693 1998 748 2036 qui
763 1997 931 2027 Horatium
946 1997 1058 2035 respici
1073 2003 1212 2036 putaret,
1226 2007 1266 2027 ne

693 2050 794 2083 poetce
818 2043 1025 2071 amicissimus
1052 2042 1149 2073 homo
1174 2043 1267 2084 plane

694 2089 729 2118 in
751 2089 946 2119 Maroniauis
968 2088 1164 2118 carminibus
1188 2099 1267 2129 prae-

695 2136 806 2165 teritus
824 2134 994 2165 videretur.
1017 2134 1079 2166 Sed
1095 2135 1166 2165 talia
1183 2134 1268 2166 affir-

696 2192 780 2216 mare
793 2188 825 2214 et
838 2181 978 2212 refellere
993 2191 1082 2223 :eque
1095 2183 1128 2212 in
1139 2188 1270 2223 promtu
