1414 2435
116 85 130 112 7
139 78 158 108 4
601 66 795 99 AENEIDOS

114 127 273 167 Excidia
292 125 480 170 obtestor,
499 123 609 161 liceat
628 123 818 160 dimittere
836 123 884 160 ab
904 124 1017 162 armis

113 189 346 227 Incolumem
361 183 579 229 Ascanium,
597 183 708 221 liceat
725 196 921 234 superesse
939 194 1127 235 nepotem.

115 251 250 285 AEneas
268 258 356 283 sane
375 244 513 294 ignotis
525 244 690 295 jactetur
709 244 750 280 in
767 244 897 291 undis3

115 313 179 355 Et,
196 316 472 357 quamcumque
490 305 591 342 viam
610 304 759 341 dederit
776 307 963 351 Fortuna,
978 315 1175 355 sequatur:

115 372 228 407 Hunc
247 377 391 416 tegere,
409 373 447 402 et
465 365 557 402 dirae
576 366 722 402 valeam
740 365 953 403 subducere
971 379 1122 416 pugnae.
1278 374 1309 399 50

115 432 181 466 Est
200 427 404 473 Amathus,
425 434 480 463 est
497 426 595 463 celsa
613 426 708 462 mihi
727 426 896 476 Paphus,
916 436 1029 476 atque
1048 427 1231 477 Cythera,

114 488 320 537 Idaliaeque
339 486 494 532 domus3
513 485 647 536 positis
665 485 848 535 inglorius
869 487 982 523 armis

114 548 251 598 Exigat
270 547 333 584 hic
350 559 501 584 aevum:
522 558 659 596 magna
678 545 823 582 ditione
837 544 974 595 jubeto

115 607 305 657 Carthago
324 620 372 657 pr
374 613 473 643 emat
491 605 717 652 Ausoniam3
738 605 832 641 nihil
851 618 898 641 ιιι
899 605 1012 642 bibus
1029 592 1118 642 inde

113 667 294 706 Obstabit
311 670 368 716 Ty
371 666 448 702 riis.
471 667 573 711 Quid
590 653 735 716 pestem
754 664 916 702 evadeie
938 665 1029 702 belli
1284 675 1314 700 55

114 731 135 764 J
139 727 237 773 uvit‚
254 736 291 764 et
311 725 509 775 Argolicos
528 725 695 760 medium
716 725 854 773 fugisse
874 737 943 774 per
961 725 1077 774 ignis,

115 788 264 836 Totque
283 787 398 821 maris
413 792 606 832 vastaeque
622 783 806 820 exhausta
826 783 996 834 pericula
1015 793 1144 830 terrae,

115 949 223 970 rarum
255 936 415 968 clauditur
444 936 536 967 orbis.
560 954 606 960 —
632 943 686 975 47.

114 983 338 1020 Ascan1'um...‚
355 994 398 1014 sc.
410 983 461 1013 cui
475 993 608 1024 regnum
624 984 688 1012 Ita-

114 1032 167 1062 lioe
180 1033 390 1071 Romanaque
406 1029 500 1059 tellus
514 1029 669 1059 debentur
675 1041 687 1064 ,-

112 1078 170 1108 lib.
186 1079 252 1116 IV,
269 1077 354 1116 275,
371 1083 402 1107 et
417 1087 432 1106 a
450 1086 514 1117 quo
533 1086 610 1117 gens
628 1077 688 1106 Ju-

110 1124 155 1155 lia
167 1123 315 1154 oriunda.

163 1170 218 1206 48.
237 1171 324 1200 Sane
343 1179 467 1210 semper
485 1167 564 1198 mihi
579 1167 689 1208 displi-

117 1218 211 1247 cuit:
235 1216 294 1246 etsi
323 1226 392 1246 nou
420 1217 534 1257 ignoro
560 1214 689 1245 defendi

114 1273 206 1303 posse
217 1286 226 1301 ,
243 1273 302 1292 nec
321 1269 426 1292 tamen
442 1268 479 1291 ut
492 1271 620 1291 sensum
633 1260 689 1292 ha-

114 1309 205 1346 beat,
231 1319 324 1349 quem
343 1308 441 1350 vulgo
464 1307 630 1343 tribuunt,
652 1314 689 1338 ut

115 1356 175 1392 sit,
191 1355 282 1385 valde
297 1365 304 1386 :
322 1365 381 1385 nec
400 1361 437 1385 ut
453 1365 526 1384 cum
541 1354 688 1384 irrisione

116 1402 201 1431 dicta
228 1403 363 1432 innuat:
384 1411 453 1431 eam
476 1402 562 1430 enim
586 1402 688 1431 inesse

116 1458 184 1478 non
207 1447 322 1485 vide03
341 1447 396 1478 sed
423 1455 459 1477 ut
483 1447 687 1488 simpliciter,

117 1494 227 1524 saltem
248 1505 322 1525 cum
338 1504 442 1524 amaro
463 1493 590 1530 dolore,
614 1504 689 1524 con-

116 1539 246 1570 cedatur
268 1540 402 1570 alterum
415 1562 423 1576 ,
440 1540 538 1569 altero
562 1546 667 1569 sumto
683 1549 691 1570 ε

117 1582 178 1622 δὴ,
198 1582 238 1618 δή
266 1584 315 1629 ῥα..
338 1587 501 1616 Habemus
526 1595 602 1615 vero
626 1595 691 1615 me-

115 1631 230 1663 liorem
244 1632 415 1662 lectionem
434 1633 568 1663 Romani
587 1637 691 1661 vetus-

116 1678 229 1708 tissimi
241 1701 249 1716 ,
263 1685 294 1708 et
303 1678 431 1708 alterins
447 1678 582 1708 Pieriani
593 1699 601 1714 ,
617 1687 691 1707 cum

117 1726 223 1764 Sprot.
238 1731 269 1754 et
285 1724 384 1754 Goth.
402 1734 464 1754 sec.
483 1724 603 1754 [Encas
615 1733 691 1763 pro-

119 1770 172 1800 cul
190 1770 211 1801 i.
238 1772 309 1801 Hoc
333 1770 515 1810 amplector.
537 1771 636 1800 Porro
661 1769 693 1800 in

121 1816 184 1846 oris
209 1817 331 1857 aliquot
350 1817 431 1847 Pier.
453 1833 500 1839 ——
523 1817 560 1845 ln
589 1815 692 1847 undis.

122 1864 196 1893 Erat
222 1874 308 1893 nuuc
336 1863 369 1892 in
394 1873 431 1893 eo
453 1869 490 1893 ut
515 1862 632 1893 rediret
655 1873 694 1892 ex

120 1910 268 1946 Etruria,
296 1909 404 1940 Tiberi
436 1909 596 1939 devectus.
624 1910 695 1939 Hoc

122 1962 227 1986 tamen
245 1957 357 1996 respici
369 1966 436 1985 non
453 1962 542 1996 puto.
558 1954 619 1986 Sed
630 1978 638 1992 ,
653 1966 696 1985 se-

123 2001 162 2031 de
180 2003 214 2032 in
231 2002 320 2033 Italia
340 2008 450 2044 negata
461 2025 470 2039 ‚
484 2003 599 2032 iterum
618 2011 695 2032 con-

125 2048 303 2078 scendenda
329 2049 436 2079 suisset
461 2051 565 2079 AEneae
588 2048 695 2086 navis,

124 2100 154 2123 et
175 2094 344 2124 errandum
368 2106 423 2135 per
442 2097 587 2137 ignotum
601 2104 697 2125 mare.

125 2141 172 2170 in.
191 2152 220 2171 v.
243 2148 284 2180 49
307 2148 492 2181 comparant
513 2142 699 2182 interpretes

121 2197 228 2218 versus
256 2187 294 2217 de
323 2188 504 2228 Sarpedone
535 2187 622 2218 Iliad.
654 2197 697 2226 π,

743 937 808 972 436
820 959 828 974 ,
845 937 922 975 437,
937 937 1119 972 438.—5o.
1135 939 1239 975 Hunc,
1256 940 1314 969 As-

740 984 866 1013 canium
885 983 994 1013 saltem
1012 983 1104 1014 liceat
1118 991 1240 1026 tegere,
1258 996 1312 1026 pe-

741 1030 850 1059 riculis
861 1029 1045 1066 subducem
1055 1029 1188 1074 ὑπάγειν
1197 1053 1206 1068 ,
1221 1030 1315 1060 ὑπεκ-

742 1075 861 1119 φέρειν,
883 1077 1042 1107 Homeric.
1062 1076 1152 1107 Iliad.
1169 1078 1207 1114 λ,
1230 1077 1311 1115 1633

743 1132 756 1154 ε
767 1145 776 1161 ,
795 1123 872 1153 318.

791 1170 830 1200 51
843 1192 851 1206 ,
882 1169 935 1200 52.
961 1171 1080 1209 Repete
1107 1179 1202 1210 supra
1230 1169 1314 1199 dicta

742 1215 780 1246 ad
797 1218 867 1247 AEn.
883 1215 940 1245 lib.
957 1217 990 1251 Ι,
1010 1215 1078 1246 680
1097 1222 1128 1245 et
1149 1216 1227 1246 681.
1248 1217 1312 1245 Do-

743 1273 811 1292 mus
832 1261 951 1292 Idalioe
974 1261 1068 1292 dictae
1092 1272 1157 1292 esse
1179 1269 1314 1303 possunt

741 1309 858 1350 plurali
878 1319 1013 1338 numero
1025 1319 1033 1346 ;
1046 1308 1138 1339 docte
1155 1318 1229 1338 sane
1244 1317 1252 1338 :
1270 1308 1314 1338 fe·-

740 1366 808 1385 ram
825 1362 928 1385 tamen
941 1365 1001 1385 nec
1017 1356 1122 1385 minus
1133 1377 1141 1391 ‚
1159 1361 1195 1384 nt
1208 1355 1248 1384 sit
1260 1354 1315 1384 do-

742 1412 809 1431 mus
833 1401 950 1432 Idalia·
971 1409 1081 1439 terrae,
1103 1403 1156 1436 τῆς
1175 1394 1313 1435 maiix.

742 1449 791 1479 Sic
816 1448 903 1478 lucos
928 1447 1045 1477 Idalia
1069 1446 1202 1478 dixerat.
1228 1446 1312 1477 conf.

743 1493 782 1524 ad
805 1494 862 1524 lib.
884 1495 916 1529 1,
939 1493 1017 1524 681.
1042 1494 1164 1522 Domus
1181 1503 1241 1534 pro
1260 1492 1315 1522 ha-

743 1539 897 1569 bitatione
909 1561 917 1575 ,
935 1538 1018 1569 sede.
1036 1539 1197 1568 Dicuntur
1209 1546 1315 1569 autem

743 1585 787 1615 dii
804 1596 907 1614 amare
928 1592 1025 1614 terras
1048 1595 1117 1621 eas,
1140 1584 1318 1625 frequenta-

744 1643 777 1662 re
793 1638 824 1661 et
836 1630 1012 1661 inhabitare
1024 1653 1031 1667 ‚
1045 1641 1118 1672 quae
1131 1632 1207 1671 ipsis
1219 1641 1319 1661 sacra-

745 1685 784 1708 tae
808 1685 900 1713 sunt,
926 1679 961 1706 in
984 1677 1102 1717 quibus
1126 1677 1243 1718 templa
1266 1687 1318 1708 eo-

744 1734 817 1754 rum
839 1731 924 1754 sunt.
946 1741 993 1746 —
1011 1723 1072 1760 53,
1100 1724 1153 1759 54.
1177 1725 1319 1765 Respicit

746 1771 837 1801 Jovis
852 1770 949 1799 verba
963 1769 1072 1811 paullo
1087 1777 1158 1800 aute
1170 1779 1249 1800 vers.
1266 1780 1318 1800 ια.

748 1816 834 1847 conf.
860 1818 930 1847 AEn.
946 1818 980 1852 1,
1013 1826 1052 1856 ¹9
1069 1826 1137 1856 sqq.
1159 1815 1263 1845 Verba
1280 1816 1318 1850 ad

747 1862 900 1893 invidiam
923 1864 1028 1904 gravia
1050 1872 1058 1893 :
1084 1871 1203 1903 magna
1227 1862 1319 1892 ‹licio-

749 1921 809 1944 ne,
825 1910 948 1949 potenti
970 1908 1104 1948 imperio
1116 1931 1124 1943 ,
1144 1914 1174 1937 et
1192 1917 1320 1948 premat

748 1966 808 1997 pro
833 1961 946 1984 teneat.
963 1971 1008 1977 ——·
1023 1955 1075 1989 5⁴¹..
1093 1953 1191 1986 Inde.
1208 1954 1246 1984 ab
1262 1957 1319 1985 As-

750 2002 842 2031 canio
853 2024 861 2037 ,
882 2007 911 2030 et
928 2001 995 2038 ejus
1008 2001 1141 2041 posteris
1151 2022 1159 2037 ‚
1177 2001 1262 2031 nulla
1276 2012 1321 2031 es-

751 2054 783 2077 to
813 2057 900 2077 mora
934 2046 1068 2077 colouiae
1095 2047 1219 2087 Tyriae,
1256 2058 1320 2089 quo

750 2095 856 2123 minus
884 2094 1054 2134 imperium
1084 2093 1180 2123 itali-‘e
1211 2104 1320 2124 conse-

751 2146 877 2181 quatur.
904 2157 950 2163 ——
983 2140 1036 2170 55.
1060 2142 1183 2169 Peseem
1216 2140 1321 2182 simpl.

752 2185 885 2229 ὄλεθροι,
900 2187 1084 2228 perniciem.
1099 2193 1135 2216 ut
1149 2193 1231 2218 recte
1247 2187 1322 2219 Cer-
