1414 2435
124 83 188 117 340
388 77 612 108 EXCURSUS
637 76 670 105 ΙΙ
694 76 754 106 AD
780 77 945 107 LIBRUM
970 78 1045 108 XII.

263 137 347 166 Tum
363 145 474 164 manus
489 134 633 164 Ausonia
643 156 652 172 ,
667 140 699 164 et
710 139 817 176 gentes
829 145 945 164 venere
958 135 1094 172 Sicanae3

261 188 383 229 Saepius
401 195 433 218 et
444 199 564 219 nomen
579 189 687 229 posuit
701 188 846 219 Saturnia
864 187 970 219 tellus.

263 245 347 273 Tum
362 253 469 284 reges,
486 253 639 284 asperque
650 243 781 273 immani
797 252 930 284 corpore
945 242 1067 280 Tibris,

262 298 293 328 A
308 308 373 339 quo
391 304 464 339 post
481 298 550 329 Itali
561 320 570 336 ,
587 305 645 328 ecc,

125 369 165 398 Et
185 368 212 396 si
233 376 372 407 quaeras,
396 377 461 407 quo
489 376 562 407 rege
584 366 650 407 geri
677 365 760 395 bella
791 344 971 406 potueriut,
988 364 1101 395 Picum
1124 363 1319 404 designavit3

123 420 217 451 Picus
236 431 350 461 equum
375 419 529 456 domitor,
549 421 614 449 VII
624 441 633 456 ,
659 419 734 459 189.
751 420 861 459 Itaque
875 418 978 449 Latini
992 417 1070 448 adeo
1086 418 1171 448 inter
1185 418 1322 459 populos

123 473 291 504 bellicosos
303 472 415 503 habiti.
430 472 529 513 Apud
542 472 697 504 Ovidium
708 495 717 511 ,
733 472 817 503 libro
834 473 883 503 III
899 473 1067 502 Fastorum
1077 494 1085 510 ,
1104 482 1146 512 79
1160 482 1228 513 sqq.

262 544 302 573 Et
317 549 423 572 tamen
435 548 508 572 ante
523 551 634 572 omnes
652 542 789 571 Martem
801 541 929 571 coluere
943 540 1066 581 priores
1081 548 1089 569 τ

308 597 380 626 Hoc
395 594 523 625 dederat
535 594 648 625 studiis
664 594 779 624 bellica
792 594 886 625 turba
900 595 975 624 suis.

265 666 974 679 .............

260 703 348 732 Mars
360 704 450 732 Latio
468 702 668 732 venerandus
685 709 752 732 erat
762 725 770 740 ‚
787 704 863 743 quia
877 701 1026 742 praesidet
1041 701 1134 731 armis
1151 710 1158 729 :

309 756 408 784 Arma
420 755 493 784 ferae
508 756 595 795 genti
610 766 742 795 remque
754 755 915 797 decusque
931 754 1058 784 dabant.

168 819 268 860 Apud
285 819 488 850 Macrobium
501 820 559 851 lib.
579 821 627 850 111
638 843 647 858 ‚
665 821 729 858 lv,
746 822 776 850 V
794 827 825 850 et
843 822 909 858 VI,
925 821 1010 850 inter
1023 820 1134 850 laudes
1148 825 1250 861 poetae
1264 819 1321 848 im-

123 873 280 911 modicas,
295 883 376 914 saepe
399 875 433 903 in
461 873 665 904 tenuioribus
687 881 874 915 occupatas,
890 873 1172 914 reprehenduntur
1194 882 1321 912 quoque

122 927 207 957 haud
226 938 329 968 pauca
345 928 412 957 sine
426 927 541 958 idonea
554 928 675 957 ratione
685 950 693 965 ,
709 934 741 958 et
753 938 794 958 ex
808 928 984 958 subtilitate
1000 928 1204 970 grammatico
1218 926 1323 968 digna.

122 983 203 1010 Sunt
216 987 320 1010 tamen
337 981 372 1009 in
389 980 439 1010 his
452 980 625 1016 nonnulla,
642 991 714 1020 quae
729 980 829 1012 fundo
842 992 902 1012 suo
914 982 1062 1012 destituta
1074 992 1143 1012 non
1155 987 1229 1011 sunt
1238 1003 1246 1017 ,
1265 981 1323 1010 etsi

121 1034 262 1074 profecta
283 1034 434 1075 pleraque
453 1045 493 1064 ex
509 1045 547 1065 eo
559 1057 568 1073 ,
587 1034 675 1075 quod
690 1041 793 1076 poetae
810 1036 898 1066 haud
913 1037 1048 1078 contigit
1066 1037 1157 1074 operi
1177 1035 1320 1066 ultimam

122 1097 250 1117 manum
269 1087 447 1119 admovere.
462 1089 510 1117 Ita
525 1099 637 1118 verum
657 1095 721 1122 est.
736 1088 826 1124 quod
840 1089 897 1120 lib.
918 1092 959 1122 V.
982 1090 1021 1116 ιδ
1044 1091 1203 1123 monetur,
1217 1088 1323 1116 nomi-

121 1142 191 1170 nari
203 1142 316 1181 passim
332 1141 418 1170 viros
433 1139 530 1169 fortes
543 1145 574 1169 et
587 1139 695 1169 ornari
705 1160 714 1176 ,
730 1149 869 1180 quorum
885 1150 963 1170 mox
976 1141 1060 1170 inter
1072 1139 1181 1181 praelia
1194 1139 1322 1170 nullum

121 1195 275 1235 insignius
288 1195 408 1224 facinus
424 1199 690 1224 commemoratur
700 1215 710 1232 ,
724 1200 761 1223 ut
769 1193 921 1225 Virbium
937 1196 1008 1226 AEn.
1019 1196 1099 1232 VII,
1117 1206 1132 1233 7
1141 1195 1181 1224 52
1195 1205 1204 1233 ;
1218 1201 1248 1224 et
1261 1194 1322 1225 Cu-

123 1258 277 1287 pavonem
292 1250 322 1279 X
334 1271 342 1286 ,
362 1248 438 1278 186.

537 1551 760 1575 EXCURSUUM
788 1552 899 1575 runs.
