1414 2435
605 69 728 100 LIBER
753 70 828 99 XII.

118 126 242 163 Multa
256 127 384 164 virum
400 126 561 162 volitans
580 125 645 163 dat
662 125 776 163 fortia
795 137 959 175 corpora
978 126 1054 164 lcto
1074 142 1082 161 ε

122 186 335 224 Semineces
351 185 472 223 volvit
491 187 648 233 multos,
670 194 736 223 aut
756 186 905 236 agmina
923 200 1041 224 curru

122 248 302 292 Protei-it,
321 256 385 284 aut
406 256 533 297 raptas
553 246 787 297 fugientibus
806 247 944 297 ingerit
964 246 1102 285 hastas.
1276 257 1323 281 330

123 308 254 353 Qualis
275 308 377 358 apud
393 309 507 358 gelidi
523 321 641 358 quum
661 308 818 345 flumina
835 308 1005 345 concitus
1024 307 1145 345 Hebri

123 369 360 418 Sanguineus
379 373 535 406 Mavors
555 370 690 419 clypeo
708 370 898 419 increpat,
919 379 1033 418 atque
1054 368 1213 407 furentis

121 430 223 466 Bella
239 443 396 468 movens
414 431 571 467 inmittit
591 443 710 480 equos
728 445 736 466 t
758 431 811 467 illi
831 443 984 480 aequore
1006 439 1139 480 aperto

120 492 218 527 Ante
235 493 356 529 Notos
374 491 669 541 Zephyrumque
688 490 835 536 volant3
857 491 973 540 gemit
991 491 1123 527 ultima
1142 491 1255 541 pulsu

120 550 268 588 Thraca
286 552 445 601 pedum,
466 552 686 601 circumque
704 561 796 588 atrae
814 550 1044 587 Formidinis
1064 563 1150 597 ora,
1275 559 1321 584 333

120 613 286 661 Iraeque,
303 612 550 661 Insidiaeque,
570 612 632 649 (lei
649 611 869 658 comitatus,
882 620 1058 661 aguntur.

120 673 220 709 Talis
240 685 357 721 equos
378 672 502 710 alacer
520 673 646 710 media
663 673 763 709 inter
780 672 912 722 praelia
931 674 1083 709 Turnus

120 733 313 771 Fumantis
333 732 472 775 sudore
491 734 632 782 quatit,
654 732 871 769 miserabile
887 733 992 768 caesis

121 792 304 830 Hostibus
325 793 526 838 insultan53
545 792 689 842 spargit
706 791 841 841 rapida
861 792 1003 841 ungula
1022 804 1130 829 rores

121 851 373 901 Sanguineos,
394 851 588 901 mixtaque
608 865 723 888 cruor
740 851 908 888 calcatur
927 864 1052 888 arena.
1277 863 1322 892 340

119 916 278 963 Jamque
290 912 373 949 neci
391 912 688 961 Sthenelumque
702 911 819 956 dedit,
834 912 1144 961 Thamyrimquc,
1162 912 1414 967 Pholumque,

121 1049 208 1068 nunc
224 1049 284 1079 pro
298 1061 306 1075 ‚
328 1039 504 1073 animosus,
527 1036 650 1073 audax;
668 1044 699 1066 et

125 1084 254 1114 molitur
279 1091 381 1125 poetae
411 1083 516 1124 simpl.
539 1093 599 1123 pro
630 1093 698 1113 mo-

126 1137 198 1167 vet,
225 1130 366 1170 adeoque
391 1136 524 1165 tractat,
547 1130 636 1169 regit.
653 1147 700 1152 ——

129 1178 205 1207 330.
225 1178 344 1207 Hascas
358 1184 485 1216 raptas,
508 1175 611 1216 simpl.
626 1186 696 1206 cor-

127 1230 243 1264 reptas,
255 1229 406 1263 arreptas.
416 1223 466 1253 Sic
482 1232 573 1262 saepe.
592 1223 697 1253 Curru

127 1276 238 1300 vectus
255 1280 322 1300 non
338 1275 462 1309 poterat
477 1268 579 1298 hastas
592 1280 608 1298 e
624 1269 696 1299 vnl-

127 1317 258 1346 neribns
274 1316 405 1346 eductas
423 1322 454 1345 et
468 1321 572 1355 raptas
582 1315 695 1353 jacere.

175 1363 239 1393 331
255 1373 301 1403 sq.
319 1361 456 1392 Mirifice
470 1369 603 1392 exornat
616 1372 698 1392 com-

125 1410 322 1450 parationem
363 1409 565 1439 Homericam
584 1432 592 1446 ,
640 1410 699 1438 etsi

126 1455 327 1496 simplicitate
377 1461 408 1484 et
447 1455 598 1496 gravitate
631 1465 698 1484 non

124 1502 231 1532 minus
257 1502 433 1543 insignem;
454 1500 543 1531 Iliad.
570 1512 609 1537 η,
632 1502 695 1541 298

125 1559 193 1589 sqq.
224 1547 318 1578 Adde
346 1547 437 1578 Iliad.
463 1557 480 1577 υ
493 1570 501 1585 ,
537 1548 601 1579 208
631 1558 695 1588 seq.

126 1595 229 1624 Aliter
243 1595 396 1635 expressit
409 1595 516 1625 locum
532 1594 625 1624 Silius
646 1605 695 1634 ap.

127 1640 220 1670 Cerd.
237 1639 286 1680 (1,
303 1641 368 1675 433
386 1638 477 1681 sqq.)
493 1642 591 1670 Marti
609 1640 698 1670 sedes

126 1686 256 1726 proprie
276 1687 429 1726 assignata
446 1686 580 1716 Thracia
596 1697 603 1717 :
623 1698 697 1728 ergo

126 1730 159 1762 h.
174 1731 195 1762 l.
212 1731 245 1761 in
257 1731 334 1771 ripis
347 1732 457 1761 Hebri.
469 1749 515 1755 --
527 1733 604 1762 332.
620 1734 700 1762 San-

123 1777 259 1819 guineos
288 1777 386 1807 Goth.
414 1787 476 1807 sec.
489 1800 498 1814 ‚
522 1777 577 1807 sed
604 1789 700 1818 equos

126 1825 222 1854 nimis
251 1830 425 1853 retractum
466 1830 521 1853 est.
563 1824 699 1864 Sangui-

128 1881 223 1900 neum
254 1871 363 1900 Heius.
395 1871 478 1908 conj.
492 1891 500 1906 ‚
526 1871 699 1911 ingeniose.

127 1916 188 1947 Sed
203 1916 285 1947 nihil
297 1923 344 1946 est
355 1916 441 1956 quod
457 1917 491 1945 in
508 1923 633 1956 recepta
650 1927 698 1946 re-

127 1962 324 2002 prehendas,
341 1962 484 1992 concitus
500 1969 545 1992 est
566 1973 624 2003 pro
648 1962 699 1992 ad-

127 2008 258 2048 verbio,
271 2010 441 2040 concitate.
461 2011 595 2038 latonae
605 2011 697 2039 Rom.

128 2054 248 2086 Medic.
258 2078 268 2094 ‚
282 2055 422 2096 adeoque
434 2056 612 2092 veterrimi,
631 2062 698 2084 tum

128 2100 287 2133 Montalb.
302 2102 432 2132 Vratisl.
444 2124 452 2139 ‚
475 2113 535 2132 nec
560 2101 698 2132 deterius

127 2145 209 2176 illud
220 2169 229 2184 ,
247 2154 284 2177 ut
296 2147 384 2178 facile
400 2147 496 2178 feram
512 2147 545 2178 id
557 2148 698 2190 praeferri

128 2201 144 2221 a
155 2192 281 2225 Wakef.
291 2195 426 2225 Doctius
437 2201 540 2227 tamen
553 2195 696 2226 alterum.

752 1035 834 1066 Vide
862 1036 901 1066 ad
941 1038 1021 1066 VIII
1032 1059 1040 1074 ‚
1070 1037 1147 1074 527.
1182 1039 1322 1080 Ine-repit

753 1081 888 1124 atquef
904 1083 992 1114 Leid.
1009 1089 1038 1112 et
1055 1083 1153 1114 Goth.
1168 1086 1322 1126 tert.fre-

754 1129 870 1158 mentis
882 1129 1000 1160 Medic.
1021 1140 1038 1159 a
1050 1141 1092 1160 m.
1108 1140 1156 1170 pr.
1173 1149 1220 1155 -—
1241 1134 1323 1163 San-

748 1175 884 1216 gainem
895 1188 907 1211 ;
922 1175 1063 1216 gaudens
1085 1179 1238 1218 sanguine
1249 1201 1257 1216 ,
1275 1178 1323 1210 αἱ-

751 1220 902 1263 μοχαρτζς.
923 1225 970 1251 Ita
993 1223 1120 1253 Servius
1136 1233 1144 1259 3
1163 1234 1226 1263 qua
1247 1235 1323 1256 auc·

751 1270 878 1298 toritate
899 1269 1017 1298 nescio.
1043 1270 1123 1299 Nam
1149 1269 1223 1299 alias
1244 1280 1325 1302 esset

751 1321 900 1344 cruentus
916 1337 924 1350 ,
957 1315 1110 1355 sanguine
1142 1326 1320 1356 respersus,

752 1359 923 1403 αἱματόεις.
952 1360 1115 1397 Concitus,
1147 1364 1323 1402 concitate,

752 1408 863 1448 clypeo
877 1407 1022 1448 increpat
1031 1430 1039 1443 ,
1059 1407 1150 1437 docte
1162 1430 1170 1445 ‚
1183 1419 1243 1449 pro
1261 1410 1328 1452 cly-

750 1465 847 1494 peum
860 1461 978 1491 movet,
990 1455 1101 1494 quatit,
1118 1461 1201 1484 rotat
1214 1465 1222 1485 ε
1238 1456 1325 1495 quod

751 1501 870 1530 faciens
914 1500 1002 1530 alliso
1029 1500 1145 1541 clypeo
1183 1503 1325 1533 sonitum

750 1548 843 1583 facit,
882 1547 1032 1587 clypeum
1069 1548 1144 1576 facit
1185 1558 1325 1588 crepare.

750 1596 830 1625 Nam
844 1592 1005 1622 diversum
1021 1599 1079 1630 est,
1096 1593 1243 1634 elypeum
1257 1595 1330 1635 pul-

750 1651 818 1671 sare
833 1639 930 1669 hasta.
960 1640 1010 1670 Sic
1029 1640 1142 1679 aliquis
1165 1639 1260 1670 hasta
1281 1643 1328 1671 in-

751 1694 877 1727 crepat;
895 1696 962 1715 non
989 1686 1114 1727 clypeo.
1138 1686 1236 1715 Bella
1260 1697 1327 1716 mo-

754 1743 846 1768 vens,
872 1731 975 1771 simpl.
1005 1742 1064 1772 pro
1087 1731 1222 1768 faciens,
1246 1742 1328 1773 pug-

754 1789 844 1808 nans.
877 1777 1004 1807 Thraca
1037 1787 1078 1806 ex
1109 1775 1216 1819 Θρνῖκτ.
1228 1798 1236 1812 ,
1265 1788 1325 1818 pro

752 1824 894 1854 Thracia.
909 1823 1105 1863 Circumqne,
1120 1823 1203 1852 circa
1218 1822 1325 1860 deum,

754 1877 911 1910 aguntur,
934 1868 1138 1905 discurrunt,
1153 1869 1306 1900 incedunt
1315 1893 1324 1905 ,

752 1915 903 1945 Formido
919 1914 1006 1955 (pro
1039 1924 1101 1955 qua
1128 1915 1324 1946 Formidinis

753 1973 810 1991 ora
825 1961 889 1991 dici
901 1961 996 1991 obvia
1014 1971 1063 1991 res
1081 1959 1168 2001 est),
1186 1963 1235 1991 Ira
1247 1984 1256 1999 ,
1272 1963 1323 1993 In-

752 2008 848 2038 sidiae.
869 2008 1012 2037 Vari-‘ivit
1028 2014 1059 2037 et
1077 2008 1203 2038 ornavit
1225 2011 1324 2041 comi-

754 2061 798 2084 tes
813 2055 924 2084 'Martis
945 2054 1029 2094 apud
1045 2055 1222 2084 Homerum
1238 2064 1247 2086 :
1265 2053 1325 2086 Φό-

753 2097 825 2137 Εεν,
843 2100 968 2143 Δεῖμον,
983 2093 1101 2143 sifaida,
1124 2111 1155 2130 v.
1179 2110 1206 2131 c.
1229 2101 1320 2132 Iliad.

753 2142 790 2186 ὃ,
807 2153 890 2186 44ος
907 2147 1036 2178 Ηεείοᾶ.
1051 2149 1137 2178 Scut.
1159 2147 1234 2187 195.

799 2195 992 2234 337—340.
1013 2193 1099 2225 Talis
1124 2203 1229 2223 rerum
1256 2204 1321 2235 spe-

1091 2258 1158 2294 22*
