1414 2435
600 66 723 97 LIBER
746 69 789 98 X.

1228 70 1290 100 135

98 123 255 160 Viderit.
276 138 292 154 »
313 123 396 159 Hoc
413 122 541 159 dicens
560 122 691 159 eduxit
711 135 872 173 corpore
889 125 1014 162 telum.

101 183 177 219 Olli
197 182 293 219 dura
311 182 417 232 quies
436 182 565 220 oculos
586 192 624 220 et
639 183 783 221 ferreus
803 193 913 234 urget
1245 195 1292 226 745

102 243 282 287 Somnus3
298 241 337 278 in
357 249 535 279 aeternam
554 242 782 280 clauduntur
800 244 942 280 lumina
960 253 1120 281 noctem.

152 301 321 339 Caedicus
338 302 567 340 Alcathoum
586 302 805 350 obtruncat,
823 306 1000 341 Sacrator
1019 304 1241 354 Hydaspem

100 361 420 411 Partheniumque
438 365 566 413 Rapo,
584 372 621 400 et
637 364 857 413 praedurum
876 365 1022 402 viribus
1039 367 1178 411 Orsen3

101 424 298 472 Messapus
317 423 584 473 Cloniumque,
603 424 911 474 Lycaoniumque
933 426 1124 471 Ericeten3

101 480 214 517 Illum
233 481 387 518 infrenis
405 482 493 531 equi
512 483 619 533 lapsu
639 483 772 520 tellure
786 483 992 533 jacentem,
1248 491 1294 523 750

101 543 212 577 Hunc
232 541 397 590 peditem
416 542 531 590 pedes
553 558 560 579 :
581 552 618 580 et
637 543 774 592 Lycius
792 552 1027 593 processerat
1047 544 1155 593 Agis,

102 603 226 646 Quem
244 609 367 638 tamen
385 601 489 638 haud
505 615 640 652 expers
658 604 816 640 Valerus
837 603 987 640 virtutis
1007 603 1118 639 avitae

100 660 257 710 Dejicit;
276 669 313 697 at
332 660 545 698 Thronium
564 662 705 708 Salius,
725 663 945 711 Saliumque
962 662 1138 706 Nealces,

101 719 261 768 Insignis
275 720 420 769 jaculo,
442 729 479 756 et
493 720 603 769 longe
623 722 772 757 fallente
789 722 935 769 sagitta.

152 781 174 815 J
177 791 236 813 am
256 779 382 827 gravis
400 778 577 827 aequabat
595 779 718 816 luctus
738 787 775 815 et
794 787 926 814 mutua
943 781 1099 814 Mavors
1249 786 1295 819 7⁵⁵

101 840 130 874 F
133 850 268 883 unera3
288 837 484 874 caedebant
500 839 662 887 pariter,
682 838 902 888 pariterque
918 837 1082 874 ruebant

102 897 276 934 Victores
294 898 480 948 victique3
499 911 623 948 neque
642 898 701 935 his
720 898 808 948 fuga
823 906 933 943 nota,
950 911 1073 947 neque
1094 897 1176 935 illis.

102 955 173 1003 Di,
195 959 216 993 J
219 957 300 994 ovis
316 957 355 993 in
375 958 482 995 tectis
494 987 504 1004 ,
523 958 618 994 iram
634 958 862 995 miserantur
880 958 1031 994 inanem

102 1017 333 1064 Amborum,
350 1027 387 1054 et
405 1026 529 1054 tantos
548 1017 771 1054 mortalibus
788 1031 867 1055 esse
887 1017 1047 1055 labores.

103 1075 201 1112 Hinc
220 1078 366 1119 Venus,
386 1075 475 1111 hinc
495 1083 628 1111 contra
646 1083 791 1125 spectat
811 1077 989 1112 Saturnia
1005 1079 1026 1113 J
1029 1087 1117 1112 uno.
1252 1084 1299 1116 760

103 1133 244 1169 Pallida
260 1132 468 1182 Tisiphone
487 1133 612 1170 media
628 1134 727 1171 inter
747 1134 863 1171 millia
882 1134 998 1171 saevit.

104 1293 215 1313 curare
234 1293 266 1311 se
279 1282 364 1312 nolle
381 1282 511 1320 dicunt,
527 1281 566 1312 de
582 1293 620 1312 eo
633 1282 679 1312 dii

103 1329 260 1365 viderint,
280 1327 340 1357 diis
355 1327 423 1357 haec
439 1329 590 1368 permissa
602 1339 677 1358 sun-

106 1382 149 1405 to.
163 1374 288 1404 Volunt
301 1381 407 1403 tamen
421 1376 529 1414 Intpp.
548 1384 605 1414 per
617 1375 680 1403 iro-

106 1422 191 1451 niam
210 1421 244 1449 in
259 1421 374 1449 Jovem
391 1419 512 1449 dictum
529 1428 537 1450 ε
559 1419 679 1449 scilicet

106 1473 144 1496 ut
167 1472 290 1495 constet
312 1465 373 1495 sihi
390 1466 586 1502 Mezentius,
603 1465 678 1495 deo-

106 1523 176 1541 rum
191 1519 370 1541 contemtor
380 1511 489 1553 (supra
504 1512 584 1548 VII,
599 1510 679 1551 648)

106 1566 138 1588 et
161 1558 214 1588 cui
237 1557 356 1587 dextra
387 1557 465 1587 deus
493 1564 541 1586 est
570 1557 679 1598 paullo

106 1611 179 1644 post
197 1615 228 1635 v,
256 1605 333 1642 773.
358 1603 419 1635 Sed
443 1603 529 1633 idem
552 1604 612 1634 inf.
631 1615 677 1634 vs.

110 1650 174 1684 845
199 1649 256 1679 Ad
271 1650 385 1679 coelum
410 1649 512 1680 tendit
534 1650 677 1690 palmas.

108 1694 269 1724 Videntur
279 1697 386 1736 Intpp.
397 1696 433 1725 in
446 1695 535 1725 achei
547 1698 679 1726 notione

108 1741 256 1782 argutari.
280 1758 327 1764 ——-
359 1741 435 1779 745.
464 1743 600 1772 Ornavit
626 1742 659 1771 id
670 1765 678 1780 ,

108 1787 198 1828 quod
221 1787 308 1826 apud
332 1789 508 1817 Homerum
531 1795 621 1818 erat:
640 1779 680 1823 ὅς

109 1833 123 1864 ὁ
141 1831 195 1876 μὲν
214 1829 283 1864 αὖθι
296 1832 398 1864 πεσὼν
413 1830 586 1875 κοιμήσατο
602 1831 681 1873 χάλ-

109 1890 178 1911 new
195 1878 287 1910 ὕπνον
303 1880 395 1910 Iliad.
406 1883 424 1910 λ
435 1903 443 1918 ,
461 1885 538 1914 ²41-

158 1936 220 1965 747
238 1937 307 1967 sqq.
323 1927 431 1957 Latina
450 1926 579 1955 nomina
601 1926 682 1955 Lati-

109 1983 167 2003 nos
176 1995 185 2010 ,
202 1973 313 2003 Graeca
328 1974 500 2011 Trojano-⁶»,
519 1971 682 2012 designare

110 2019 271 2049 videntur.
287 2037 334 2043 —
350 2020 426 2058 754.
444 2017 682 2059 Longefizllen-

111 2071 140 2094 te
155 2065 294 2107 sagitta,
320 2065 453 2097 feriente
472 2076 488 2094 e
502 2065 680 2105 longinquo

109 2111 283 2143 incautum.
298 2123 329 2143 v.
346 2122 418 2153 sup.
434 2113 498 2148 lx,
521 2112 597 2149 572.

159 2157 224 2196 755
241 2174 287 2181 ——
303 2159 380 2190 832.
397 2161 500 2189 Locus
516 2157 555 2188 de
572 2166 680 2198 pugna

732 1284 839 1312 AEneae
854 1293 928 1312 cum
943 1283 1120 1319 Mezentio,
1144 1283 1304 1311 interven-

732 1335 769 1357 tu
800 1329 893 1357 Lausi
925 1329 1116 1368 intercepta,
1152 1333 1184 1356 et
1211 1327 1303 1357 Lausi

732 1381 845 1403 morte.
872 1374 1064 1413 Comparant
1088 1372 1177 1403 Iliad.
1199 1375 1232 1408 λ,
1261 1382 1302 1409 70

733 1430 800 1460 sqq.

781 1465 858 1503 758.
872 1466 961 1494 Iram
977 1464 1126 1500 inanem,
1150 1473 1210 1503 qua
1230 1473 1304 1493 neu-

734 1518 780 1541 tra
803 1513 884 1541 acies
899 1509 1086 1551 proficiebat
1114 1510 1286 1549 quicquam

734 1565 845 1588 neutra
881 1558 967 1586 enim
999 1556 1128 1586 alteram
1162 1555 1303 1595 impelle-

732 1615 766 1634 re
788 1610 923 1644 poterat.
943 1605 1026 1634 Tum
1048 1602 1175 1632 inflexit
1192 1602 1309 1631 oratio-

733 1661 822 1688 nem,
850 1660 910 1691 pro
939 1649 1062 1690 vulgari
1086 1658 1093 1679 :
1118 1649 1307 1677 miserantur

731 1698 811 1726 iram
826 1703 857 1726 et
870 1696 994 1726 labores
1011 1701 1114 1724 tantos
1128 1704 1250 1724 eorum.
1260 1710 1307 1716 —-

736 1743 812 1781 760.
829 1743 979 1773 Nominat
994 1742 1077 1770 inter
1091 1747 1213 1769 ceteros
1232 1738 1307 1768 deos

734 1788 812 1817 duas
842 1787 933 1824 deas,
963 1786 1080 1826 quibus
1106 1785 1307 1826 potissimum

734 1843 850 1874 pugnae
875 1833 980 1862 exitus
997 1831 1086 1862 cordi
1103 1837 1192 1861 esset.
1210 1829 1308 1871 Quod

736 1889 811 1909 vero
827 1879 970 1919 sequitur
982 1877 1021 1907 de
1035 1878 1140 1914 Furia,
1157 1875 1194 1906 ad
1207 1878 1307 1917 ipsam

736 1926 835 1955 aciem
849 1931 979 1965 spectat.
995 1925 1050 1954 Est
1065 1925 1150 1953 enim
1164 1929 1307 1952 veterum

735 1978 901 2011 poetarum
920 1970 1103 2011 phantasma
1119 1969 1180 1998 hoc
1198 1978 1206 1998 :
1225 1960 1306 2010 Ῐὲρις,

735 2011 819 2048 Ενυὼ
829 2040 838 2054 ,
858 2015 923 2059 Κὴρ
935 2039 943 2053 ,
965 2017 1048 2046 inter
1070 2015 1150 2045 acies
1162 2023 1307 2056 pugnan-

736 2066 815 2094 tium
838 2063 988 2093 volitans.
1013 2063 1057 2093 Ut
1067 2070 1171 2091 unum
1190 2069 1299 2090 exem-

733 2111 823 2151 plum
847 2119 1035 2147 memorem,
1064 2106 1148 2139 conf.
1175 2105 1303 2136 Hesiod.

733 2159 819 2188 Scut.
837 2156 900 2192 248
918 2165 966 2196 sq.
