1414 2435
582 73 706 104 LtBER
729 75 770 104 x.
1239 77 1276 113 87

29 158 36 164 ,
81 131 288 168 Sexcentos
307 131 362 167 illi
381 129 537 167 dederat
554 131 766 181 Populonia
783 141 904 170 mater

81 191 267 240 Expertos
287 190 377 227 belli
391 191 571 241 juvenes3
591 200 646 228 ast
666 192 746 229 Ilva
764 202 953 231 trecentos

80 252 227 297 Insula,
246 251 482 289 inexhaustis
501 252 712 302 Chalybum
734 267 915 304 generosa
933 255 1103 302 metallis.

79 312 247 358 Tertius,
265 312 328 348 ille
348 312 546 349 hominum
564 313 771 363 divumque
787 315 974 365 interpres
993 315 1143 365 Asylas‚
1234 325 1280 358 175

80 372 152 409 Cui
171 373 364 422 pecudum
384 372 510 419 fibrae,
528 373 613 410 coeli
630 374 692 410 cui
711 375 835 411 sidera
854 385 1009 425 parent,

79 434 126 469 Et
145 432 283 483 linguae
302 433 520 479 volucrum,
542 442 579 470 et
598 435 758 484 praesagi
777 435 942 472 fulminis
963 435 1087 485 ignes,

78 493 186 530 Mille
206 495 306 544 rapit
326 494 461 537 densos
481 494 561 530 acie
581 502 694 543 atque
714 494 960 532 horrentibus
979 495 1107 533 hastis.

77 555 157 591 Hos
175 566 312 602 parere
327 553 463 603 jubent
481 554 638 603 Alpheae
659 553 706 596 ab
727 555 874 605 origine
893 555 1004 601 Pisae,

76 703 108 726 ta
123 697 158 726 in
172 697 298 734 ceteris,
317 703 354 726 ut
372 703 403 726 et
417 707 513 737 supra
528 698 569 734 V,
588 708 600 726 1
613 697 650 726 16

76 753 164 783 seqq.
177 766 184 780 ‚
203 744 339 783 insignia
364 744 495 772 navium
505 765 513 780 ,
528 753 584 772 seu
599 753 653 783 pa-

76 799 193 818 rasema
205 790 297 828 ponit
307 811 316 826 ‚
330 799 402 828 quae
411 790 445 818 in
455 799 549 828 prora
559 795 650 826 sunt3

76 836 135 864 etsi
146 834 214 864 haee
229 833 295 864 duo
306 856 314 871 ,
328 835 451 876 insigne
465 842 495 864 et
506 835 633 864 tutelam
643 857 652 873 ‚

76 881 173 920 vulgo
189 879 396 910 confundunt
411 881 524 918 multi;
546 882 651 921 itaque

70 926 203 966 puppim
223 927 330 967 potius
352 937 411 967 pro
427 928 501 956 navi
517 929 651 958 omnino

75 972 193 1002 dictam
204 973 299 1002 velim
311 982 318 1003 :
333 980 370 1002 ut
382 973 490 1013 paullo
504 980 576 1002 ante
586 985 651 1003 ver-

75 1030 114 1049 su
135 1020 208 1049 156.
225 1018 354 1049 Trihuit
369 1026 473 1049 autem
488 1029 581 1048 arma
600 1019 650 1049 in-

75 1065 182 1106 signia
202 1065 280 1094 huic
298 1072 432 1102 turmae,
450 1072 597 1105 respectu
613 1065 651 1095 ad

76 1112 151 1141 ferri
174 1111 315 1148 metalla,
338 1111 456 1151 quibus
481 1111 559 1141 olim
584 1112 651 1142 Ilva

78 1158 160 1188 clara
185 1164 268 1194 erat,
294 1157 473 1188 habit0.——-
491 1168 566 1195 172.
593 1160 653 1187 Po-

73 1202 211 1245 pulonia
226 1209 330 1232 mater
343 1203 377 1233 h.
391 1203 413 1234 l.
427 1205 538 1244 patria.
550 1206 652 1244 Supra

77 1251 159 1286 VII,
184 1250 248 1288 762
281 1249 422 1278 dubitari
449 1256 592 1289 poterat,
612 1260 652 1279 an

78 1295 191 1327 Aricia
210 1301 315 1325 mater
333 1306 371 1325 eo
391 1305 486 1324 sensu
504 1295 588 1324 dicta
605 1306 652 1325 es-

77 1350 133 1373 set.
144 1359 191 1365 —-
206 1347 280 1380 174.
317 1341 483 1370 Generosa
514 1341 653 1370 metallis

76 1400 136 1430 pro
154 1387 308 1423 fecunda,
325 1387 500 1427 eleganter,
516 1386 570 1416 sed
580 1397 653 1417 cum

78 1436 197 1474 adjecta
211 1435 344 1464 notione
357 1433 502 1473 praeclari
515 1433 654 1463 metallo-

78 1492 151 1512 rum
174 1481 312 1523 generis,
335 1490 474 1520 quorum
489 1489 586 1510 venas
604 1480 652 1509 in-

77 1527 244 1558 exhaustas
257 1526 363 1556 habet.

128 1585 141 1603 1
150 1585 165 1612 7
173 1574 203 1611 5,
217 1584 228 1602 1
238 1574 292 1612 76,
308 1583 320 1602 1
330 1583 344 1610 7
353 1572 474 1610 7.Vatis
490 1571 653 1601 luculenta

77 1620 259 1659 descriptio.
282 1620 363 1648 Eum
386 1618 515 1647 deorum
532 1617 584 1647 vel
599 1619 653 1646 Jo-

77 1666 121 1695 vis
135 1665 335 1705 interpretem
349 1663 413 1693 djci
423 1686 432 1701 ‚
445 1664 576 1693 solenne
589 1670 651 1701 est;

77 1718 108 1741 at
125 1711 158 1742 h.
180 1711 202 1741 l.
230 1709 391 1740 hominum
415 1709 582 1749 divumque
606 1716 653 1738 est

78 1757 233 1798 interpres
254 1768 264 1786 :
289 1756 431 1796 accipio,
450 1762 486 1784 ut
506 1757 546 1785 sit
569 1756 653 1784 inter

75 1804 154 1834 deos
177 1804 403 1843 hominesque,
421 1808 571 1841 tanquam
588 1811 651 1830 me—

78 1850 149 1880 dius
171 1858 202 1880 et
223 1849 351 1879 arbiter.
373 1850 496 1878 Parent
519 1848 549 1877 ei
563 1845 653 1876 fibrae

76 1897 240 1938 pecudum
262 1902 293 1925 et
323 1901 402 1931 een,
421 1900 578 1934 quatenus
604 1903 654 1922 eas

76 1953 137 1984 pro
152 1943 259 1973 lubitu
278 1943 524 1981 interpretatur,
541 1940 575 1969 in
597 1938 654 1968 bo-

78 1999 153 2019 nam
167 1990 218 2019 vel
233 1990 267 2018 in
283 1989 440 2018 sinistram
452 1993 585 2026 partem.
603 1985 654 2015 Sic

79 2035 166 2076 apud
179 2041 288 2076 poetas
304 2044 413 2076 regere
439 2039 470 2062 et
492 2030 656 2061 moderari

79 2080 217 2111 dicimur
242 2091 292 2118 ea,
317 2090 456 2121 quorum
489 2078 653 2108 scientiam

79 2127 251 2164 habemus,
272 2134 310 2157 ut
326 2125 428 2156 sidera
449 2126 495 2161 is,
518 2125 574 2165 qui
599 2134 651 2154 eo-

79 2184 151 2204 rum
163 2175 293 2205 nomina
304 2180 335 2204 et
350 2182 479 2203 cursum
494 2176 591 2202 tenet.
606 2171 652 2200 Ita

696 697 813 739 fittura
833 708 951 738 parere
977 697 1129 727 dicuntur
1151 697 1203 734 iis,
1225 700 1282 738 qni

705 754 740 772 ea
762 743 959 784 praedicunt‚
984 744 1074 783 quasi
1097 743 1161 772 vim
1188 744 1223 773 in
1245 755 1281 774 ea

704 789 860 820 habeant:
877 789 1092 831 iidemfittura
1107 790 1277 825 moderari,

705 846 823 877 regere.
834 838 881 866 Eo
898 837 982 866 enim
999 837 1131 866 omnino
1150 836 1282 865 inclinat

705 882 874 912 hominum
902 883 1030 922 opinio,
1052 888 1108 918 ut,
1126 883 1183 922 qui
1200 892 1280 922 prae-

706 927 818 957 dicunt
840 929 946 957 futura
958 951 966 964 ,
979 939 1032 958 eos
1048 929 1142 957 etiam
1167 929 1282 957 consti-

706 981 794 1004 tuere
810 985 901 1015 posse
922 974 1030 1003 futura
1045 980 1171 1014 putent.
1186 973 1280 1003 Unde

705 1021 850 1050 videmus
865 1020 1029 1060 objurgari
1050 1026 1080 1049 et
1100 1019 1174 1049 odio
1189 1018 1282 1049 habe-

705 1068 734 1096 ri
749 1073 835 1096 vates
845 1089 853 1104 ‚
869 1067 925 1106 qui
939 1067 1064 1096 sinistra
1078 1065 1258 1106 praedicunt
1270 1089 1278 1103 ‚

705 1120 856 1153 tanquam
880 1114 966 1153 ipsos
988 1112 1146 1142 malorum
1169 1119 1279 1142 aucto-

706 1169 765 1189 res.
799 1158 940 1189 Tandem
976 1169 1027 1188 eas
1056 1169 1105 1188 res
1123 1180 1130 1195 ,
1163 1158 1280 1198 quibus

706 1211 843 1234 utuntur
869 1212 955 1234 vates
983 1204 1021 1233 ad
1051 1204 1280 1240 divinandum,

708 1257 743 1280 ut
776 1260 867 1287 aves,
893 1257 983 1286 exta,
1014 1250 1133 1287 sidera,
1154 1251 1219 1279 vim
1250 1257 1282 1279 et

706 1297 806 1336 ipsam
842 1296 1000 1326 occultam
1039 1297 1146 1325 nescio
1186 1305 1281 1336 quam

707 1341 823 1371 habere
835 1365 842 1378 ‚
860 1352 922 1382 qua
946 1341 1005 1370 fata
1019 1340 1224 1370 inflectantur
1245 1351 1280 1370 ac

707 1394 886 1423 mutentur,
914 1387 974 1417 sibi
998 1388 1153 1427 persuasit
1168 1397 1279 1427 super-

706 1435 804 1464 stitio.
821 1433 886 1464 Ubi
901 1434 985 1463 enim
1004 1433 1100 1462 semel
1113 1433 1188 1463 huic
1211 1435 1280 1473 opi-

706 1481 841 1510 nionum
866 1481 974 1521 generi
1000 1478 1119 1519 aliquid
1137 1479 1280 1509 tribuen-

708 1526 785 1555 dum
802 1537 867 1556 esse
885 1533 1003 1555 statuas
1015 1548 1022 1562 ‚
1037 1536 1104 1555 non
1123 1525 1212 1555 facile
1227 1525 1281 1554 ha-

707 1572 762 1602 bes
785 1572 843 1602 ubi
868 1573 999 1602 consisti
1022 1572 1132 1612 possit.
1161 1570 1282 1601 Laudat

705 1620 815 1649 Burm.
831 1621 959 1648 Petron.
980 1619 1058 1653 134:
1074 1616 1236 1658 Quicquid
1246 1617 1279 1646 in

706 1665 780 1694 orbe
800 1664 912 1700 vides,
927 1672 1023 1704 paret
1041 1662 1129 1693 mihi.
1154 1663 1216 1694 Sed
1235 1663 1281 1692 ibi

706 1709 846 1740 venefica
876 1711 1036 1750 loquitur3
1066 1709 1148 1738 hanc
1178 1715 1280 1737 autem

705 1756 765 1785 sibi
785 1762 972 1795 potestatem
981 1757 1015 1784 in
1028 1765 1154 1785 omnem
1174 1764 1282 1783 rerum

706 1809 853 1831 naturam
873 1801 1032 1837 tribuere,
1055 1807 1129 1830 nota
1154 1811 1203 1829 res
1222 1805 1278 1829 est.

706 1847 854 1878 Sollenne
872 1845 954 1876 illud
964 1869 972 1883 ‚
982 1856 1100 1886 parere
1114 1856 1174 1886 pro
1188 1855 1280 1886 appa-

707 1903 791 1929 rere,
811 1892 874 1922 huc
907 1899 1046 1932 spectare
1074 1902 1140 1922 nou
1165 1897 1279 1931 potest.

707 1956 753 1962 ———
767 1939 841 1976 178.
863 1938 974 1978 Rapit,
991 1948 1050 1978 pro
1064 1937 1204 1977 vulgari,
1223 1935 1282 1966 du-

708 1987 768 2021 cit,
790 1991 827 2014 ut
839 1995 909 2025 sup.
926 1985 1009 2020 VII,
1027 1983 1092 2020 7²5
1113 1982 1206 2013 Mille
1227 1993 1279 2012 ra-

701 2031 754 2072 pic
765 2031 913 2071 populos,

757 2089 769 2106 1
779 2088 831 2115 79.
848 2074 977 2116 Alphea
987 2074 1026 2104 ab
1036 2073 1157 2116 origine
1170 2075 1278 2104 Heius.

707 2135 723 2153 e
736 2122 854 2153 Medic.
871 2129 901 2152 et
918 2121 985 2151 aliis
1004 2127 1199 2162 reposuerat.
1219 2121 1278 2150 Al-

699 2169 796 2210 phea>
815 2169 854 2198 ab
883 2179 912 2199 ο.
936 2170 973 2199 Ρ.
1000 2168 1093 2199 tacite
1119 2167 1279 2198 revocavit

1344 2140 1358 2148 x
