<?xml version="1.0" encoding="UTF-8"?>
<!DOCTYPE html PUBLIC "-//W3C//DTD XHTML 1.0 Transitional//EN"
    "http://www.w3.org/TR/xhtml1/DTD/xhtml1-transitional.dtd">
<html xmlns="http://www.w3.org/1999/xhtml" xml:lang="en" lang="en">
 <head>
  <title>
</title>
<meta http-equiv="Content-Type" content="text/html;charset=utf-8" />
  <meta name='ocr-system' content='tesseract 3.04.00' />
  <meta name='ocr-capabilities' content='ocr_page ocr_carea ocr_par ocr_line ocrx_word'/>
</head>
<body>
  <div class='ocr_page' id='page_1' title='image "./operahey04virguoft_0055.png"; bbox 0 0 1414 2435; ppageno 0'>
   <div class='ocr_carea' id='block_1_1' title="bbox 569 55 1265 90">
    <p class='ocr_par' dir='ltr' id='par_1_1' title="bbox 569 55 1265 90">
     <span class='ocr_line' id='line_1_1' title="bbox 569 55 1265 90; baseline 0.001 -6"><span class='ocrx_word' id='word_1_1' title='bbox 569 55 690 86; x_wconf 86' lang='lat' dir='ltr'>LIBER</span> <span class='ocrx_word' id='word_1_2' title='bbox 714 56 772 86; x_wconf 80' lang='lat' dir='ltr'>lx.</span> <span class='ocrx_word' id='word_1_3' title='bbox 1226 56 1265 90; x_wconf 80' lang='lat'>45</span> 
     </span>
    </p>
   </div>
   <div class='ocr_carea' id='block_1_2' title="bbox 77 109 1024 159">
    <p class='ocr_par' dir='ltr' id='par_1_2' title="bbox 77 109 1024 159">
     <span class='ocr_line' id='line_1_2' title="bbox 77 109 1024 159; baseline -0.002 -11"><span class='ocrx_word' id='word_1_4' title='bbox 77 109 176 148; x_wconf 84' lang='lat' dir='ltr'>Hinc</span> <span class='ocrx_word' id='word_1_5' title='bbox 193 111 308 157; x_wconf 84' lang='lat' dir='ltr'>acies,</span> <span class='ocrx_word' id='word_1_6' title='bbox 328 118 440 159; x_wconf 87' lang='lat' dir='ltr'>atque</span> <span class='ocrx_word' id='word_1_7' title='bbox 458 109 547 146; x_wconf 87' lang='lat' dir='ltr'>hinc</span> <span class='ocrx_word' id='word_1_8' title='bbox 566 110 662 147; x_wconf 87' lang='lat' dir='ltr'>acies</span> <span class='ocrx_word' id='word_1_9' title='bbox 682 111 828 148; x_wconf 84' lang='lat' dir='ltr'>adstare</span> <span class='ocrx_word' id='word_1_10' title='bbox 845 111 994 149; x_wconf 83' lang='lat' dir='ltr'>Latinas</span> <span class='ocrx_word' id='word_1_11' title='bbox 1016 125 1024 146; x_wconf 92' lang='lat'>:</span> 
     </span>
    </p>
   </div>
   <div class='ocr_carea' id='block_1_3' title="bbox 1216 121 1267 144">
    <p class='ocr_par' dir='ltr' id='par_1_3' title="bbox 1216 121 1267 144">
     <span class='ocr_line' id='line_1_3' title="bbox 1216 121 1267 144; baseline 0 -1"><span class='ocrx_word' id='word_1_12' title='bbox 1216 121 1267 144; x_wconf 73' lang='lat'>550</span> 
     </span>
    </p>
   </div>
   <div class='ocr_carea' id='block_1_4' title="bbox 79 168 1061 397">
    <p class='ocr_par' dir='ltr' id='par_1_4' title="bbox 79 168 1032 337">
     <span class='ocr_line' id='line_1_4' title="bbox 79 168 1032 220; baseline 0.002 -14"><span class='ocrx_word' id='word_1_13' title='bbox 79 171 131 206; x_wconf 90' lang='lat' dir='ltr'>Ut</span> <span class='ocrx_word' id='word_1_14' title='bbox 149 170 246 217; x_wconf 86' lang='lat' dir='ltr'>fera,</span> <span class='ocrx_word' id='word_1_15' title='bbox 265 182 367 219; x_wconf 71' lang='lat' dir='ltr'>quae,</span> <span class='ocrx_word' id='word_1_16' title='bbox 389 168 504 206; x_wconf 88' lang='lat' dir='ltr'>densa</span> <span class='ocrx_word' id='word_1_17' title='bbox 519 179 723 207; x_wconf 85' lang='lat' dir='ltr'>venantum</span> <span class='ocrx_word' id='word_1_18' title='bbox 739 179 856 220; x_wconf 81' lang='lat' dir='ltr'>soepta</span> <span class='ocrx_word' id='word_1_19' title='bbox 874 184 1032 217; x_wconf 84' lang='lat' dir='ltr'>corona,</span> 
     </span>
     <span class='ocr_line' id='line_1_5' title="bbox 79 227 1003 278; baseline 0.001 -13"><span class='ocrx_word' id='word_1_20' title='bbox 79 229 219 265; x_wconf 88' lang='lat' dir='ltr'><strong>Contra</strong></span> <span class='ocrx_word' id='word_1_21' title='bbox 236 228 308 264; x_wconf 85' lang='lat' dir='ltr'>tela</span> <span class='ocrx_word' id='word_1_22' title='bbox 323 227 434 274; x_wconf 84' lang='lat' dir='ltr'>furit,</span> <span class='ocrx_word' id='word_1_23' title='bbox 451 241 606 278; x_wconf 82' lang='lat' dir='ltr'>seseque</span> <span class='ocrx_word' id='word_1_24' title='bbox 626 229 730 266; x_wconf 91' lang='lat' dir='ltr'>haud</span> <span class='ocrx_word' id='word_1_25' title='bbox 748 231 872 267; x_wconf 87' lang='lat' dir='ltr'>nescia</span> <span class='ocrx_word' id='word_1_26' title='bbox 889 231 1003 267; x_wconf 88' lang='lat' dir='ltr'>morti</span> 
     </span>
     <span class='ocr_line' id='line_1_6' title="bbox 79 287 896 337; baseline 0.005 -14"><span class='ocrx_word' id='word_1_27' title='bbox 79 287 221 336; x_wconf 86' lang='lat' dir='ltr'>Injicit,</span> <span class='ocrx_word' id='word_1_28' title='bbox 242 296 279 323; x_wconf 90' lang='lat' dir='ltr'>et</span> <span class='ocrx_word' id='word_1_29' title='bbox 298 288 395 324; x_wconf 89' lang='lat' dir='ltr'>saltu</span> <span class='ocrx_word' id='word_1_30' title='bbox 411 301 526 337; x_wconf 87' lang='lat' dir='ltr'>supra</span> <span class='ocrx_word' id='word_1_31' title='bbox 545 289 732 326; x_wconf 86' lang='lat' dir='ltr'>venabula</span> <span class='ocrx_word' id='word_1_32' title='bbox 752 290 871 327; x_wconf 86' lang='lat' dir='ltr'>fertur</span> <span class='ocrx_word' id='word_1_33' title='bbox 889 306 896 327; x_wconf 90' lang='lat'>:</span> 
     </span>
    </p>

    <p class='ocr_par' dir='ltr' id='par_1_5' title="bbox 80 346 1061 397">
     <span class='ocr_line' id='line_1_7' title="bbox 80 346 1061 397; baseline 0.005 -15"><span class='ocrx_word' id='word_1_34' title='bbox 80 346 194 383; x_wconf 85' lang='lat' dir='ltr'>Haud</span> <span class='ocrx_word' id='word_1_35' title='bbox 212 346 320 384; x_wconf 86' lang='lat' dir='ltr'>aliter</span> <span class='ocrx_word' id='word_1_36' title='bbox 333 347 483 397; x_wconf 89' lang='lat' dir='ltr'>juvenis</span> <span class='ocrx_word' id='word_1_37' title='bbox 501 347 645 385; x_wconf 88' lang='lat' dir='ltr'>medios</span> <span class='ocrx_word' id='word_1_38' title='bbox 665 349 871 388; x_wconf 82' lang='lat' dir='ltr'>moriturus</span> <span class='ocrx_word' id='word_1_39' title='bbox 887 351 926 388; x_wconf 86' lang='lat' dir='ltr'>in</span> <span class='ocrx_word' id='word_1_40' title='bbox 944 351 1061 387; x_wconf 81' lang='lat' dir='ltr'>hostis</span> 
     </span>
    </p>
   </div>
   <div class='ocr_carea' id='block_1_5' title="bbox 79 407 1009 457">
    <p class='ocr_par' dir='ltr' id='par_1_6' title="bbox 79 407 1009 457">
     <span class='ocr_line' id='line_1_8' title="bbox 79 407 1009 457; baseline 0.002 -14"><span class='ocrx_word' id='word_1_41' title='bbox 79 407 221 452; x_wconf 88' lang='lat' dir='ltr'><strong>Inruit,</strong></span> <span class='ocrx_word' id='word_1_42' title='bbox 239 417 295 453; x_wconf 91' lang='lat' dir='ltr'>et,</span> <span class='ocrx_word' id='word_1_43' title='bbox 315 420 389 457; x_wconf 86' lang='lat' dir='ltr'>qua</span> <span class='ocrx_word' id='word_1_44' title='bbox 409 408 482 444; x_wconf 87' lang='lat' dir='ltr'>tela</span> <span class='ocrx_word' id='word_1_45' title='bbox 500 407 604 444; x_wconf 88' lang='lat' dir='ltr'>videt</span> <span class='ocrx_word' id='word_1_46' title='bbox 620 408 858 455; x_wconf 83' lang='lat' dir='ltr'>densissima,</span> <span class='ocrx_word' id='word_1_47' title='bbox 880 411 1009 447; x_wconf 87' lang='lat' dir='ltr'>tendit.</span> 
     </span>
    </p>
   </div>
   <div class='ocr_carea' id='block_1_6' title="bbox 1220 417 1268 442">
    <p class='ocr_par' dir='ltr' id='par_1_7' title="bbox 1220 417 1268 442">
     <span class='ocr_line' id='line_1_9' title="bbox 1220 417 1268 442; baseline 0 0"><span class='ocrx_word' id='word_1_48' title='bbox 1220 417 1268 442; x_wconf 81' lang='lat'>555</span> 
     </span>
    </p>
   </div>
   <div class='ocr_carea' id='block_1_7' title="bbox 79 466 1162 695">
    <p class='ocr_par' dir='ltr' id='par_1_8' title="bbox 79 466 1162 695">
     <span class='ocr_line' id='line_1_10' title="bbox 79 466 1086 516; baseline 0.005 -14"><span class='ocrx_word' id='word_1_49' title='bbox 79 469 130 503; x_wconf 85' lang='lat' dir='ltr'>At</span> <span class='ocrx_word' id='word_1_50' title='bbox 147 466 308 516; x_wconf 87' lang='lat' dir='ltr'>pedibus</span> <span class='ocrx_word' id='word_1_51' title='bbox 327 467 438 516; x_wconf 88' lang='lat' dir='ltr'>longe</span> <span class='ocrx_word' id='word_1_52' title='bbox 457 467 590 503; x_wconf 87' lang='lat' dir='ltr'>melior</span> <span class='ocrx_word' id='word_1_53' title='bbox 609 470 753 516; x_wconf 84' lang='lat' dir='ltr'>Lycus,</span> <span class='ocrx_word' id='word_1_54' title='bbox 773 468 871 505; x_wconf 86' lang='lat' dir='ltr'>inter</span> <span class='ocrx_word' id='word_1_55' title='bbox 891 478 927 506; x_wconf 91' lang='lat' dir='ltr'>et</span> <span class='ocrx_word' id='word_1_56' title='bbox 949 470 1086 516; x_wconf 86' lang='lat' dir='ltr'>hostis,</span> 
     </span>
     <span class='ocr_line' id='line_1_11' title="bbox 80 527 1080 577; baseline 0.004 -15"><span class='ocrx_word' id='word_1_57' title='bbox 80 529 185 563; x_wconf 87' lang='lat' dir='ltr'>Inter</span> <span class='ocrx_word' id='word_1_58' title='bbox 202 536 239 563; x_wconf 90' lang='lat' dir='ltr'>et</span> <span class='ocrx_word' id='word_1_59' title='bbox 257 539 377 573; x_wconf 85' lang='lat' dir='ltr'>arma,</span> <span class='ocrx_word' id='word_1_60' title='bbox 398 527 487 576; x_wconf 81' lang='lat' dir='ltr'>fuga</span> <span class='ocrx_word' id='word_1_61' title='bbox 505 539 633 564; x_wconf 91' lang='lat' dir='ltr'>muros</span> <span class='ocrx_word' id='word_1_62' title='bbox 654 535 772 572; x_wconf 88' lang='lat' dir='ltr'>tenet,</span> <span class='ocrx_word' id='word_1_63' title='bbox 793 528 942 577; x_wconf 83' lang='lat' dir='ltr'>altaque</span> <span class='ocrx_word' id='word_1_64' title='bbox 961 538 1080 566; x_wconf 88' lang='lat' dir='ltr'>certat</span> 
     </span>
     <span class='ocr_line' id='line_1_12' title="bbox 79 584 1162 635; baseline 0.004 -14"><span class='ocrx_word' id='word_1_65' title='bbox 79 584 268 621; x_wconf 85' lang='lat' dir='ltr'>Prendere</span> <span class='ocrx_word' id='word_1_66' title='bbox 285 592 383 621; x_wconf 86' lang='lat' dir='ltr'>tecta</span> <span class='ocrx_word' id='word_1_67' title='bbox 402 597 534 631; x_wconf 90' lang='lat' dir='ltr'>manu,</span> <span class='ocrx_word' id='word_1_68' title='bbox 553 586 772 634; x_wconf 88' lang='lat' dir='ltr'>sociumque</span> <span class='ocrx_word' id='word_1_69' title='bbox 791 585 983 635; x_wconf 79' lang='lat' dir='ltr'>adtingere</span> <span class='ocrx_word' id='word_1_70' title='bbox 1001 588 1162 625; x_wconf 84' lang='lat' dir='ltr'>dextras.</span> 
     </span>
     <span class='ocr_line' id='line_1_13' title="bbox 81 645 1036 695; baseline 0.002 -14"><span class='ocrx_word' id='word_1_71' title='bbox 81 647 208 690; x_wconf 88' lang='lat' dir='ltr'>Quem</span> <span class='ocrx_word' id='word_1_72' title='bbox 221 648 389 692; x_wconf 81' lang='lat' dir='ltr'>Turnus,</span> <span class='ocrx_word' id='word_1_73' title='bbox 409 645 552 695; x_wconf 86' lang='lat' dir='ltr'>pariter</span> <span class='ocrx_word' id='word_1_74' title='bbox 570 658 684 682; x_wconf 88' lang='lat' dir='ltr'>cursu</span> <span class='ocrx_word' id='word_1_75' title='bbox 701 646 851 694; x_wconf 87' lang='lat' dir='ltr'>teloque</span> <span class='ocrx_word' id='word_1_76' title='bbox 868 655 1036 692; x_wconf 87' lang='lat' dir='ltr'>secutus,</span> 
     </span>
    </p>
   </div>
   <div class='ocr_carea' id='block_1_8' title="bbox 79 705 1151 755">
    <p class='ocr_par' dir='ltr' id='par_1_9' title="bbox 79 705 1151 755">
     <span class='ocr_line' id='line_1_14' title="bbox 79 705 1151 755; baseline 0.002 -13"><span class='ocrx_word' id='word_1_77' title='bbox 79 708 255 755; x_wconf 86' lang='lat' dir='ltr'>Increpat</span> <span class='ocrx_word' id='word_1_78' title='bbox 274 705 332 742; x_wconf 89' lang='lat' dir='ltr'>his</span> <span class='ocrx_word' id='word_1_79' title='bbox 350 705 473 741; x_wconf 83' lang='lat' dir='ltr'>victor</span> <span class='ocrx_word' id='word_1_80' title='bbox 493 719 502 741; x_wconf 77' lang='grc' dir='ltr'><strong><em>ε</em></strong></span> <span class='ocrx_word' id='word_1_81' title='bbox 523 723 539 738; x_wconf 85' lang='lat'>«</span> <span class='ocrx_word' id='word_1_82' title='bbox 557 708 762 742; x_wconf 79' lang='lat' dir='ltr'>Nostrasne</span> <span class='ocrx_word' id='word_1_83' title='bbox 780 705 960 751; x_wconf 87' lang='lat' dir='ltr'>evadere,</span> <span class='ocrx_word' id='word_1_84' title='bbox 980 707 1151 753; x_wconf 90' lang='lat' dir='ltr'>demens,</span> 
     </span>
    </p>
   </div>
   <div class='ocr_carea' id='block_1_9' title="bbox 1215 717 1262 741">
    <p class='ocr_par' dir='ltr' id='par_1_10' title="bbox 1215 717 1262 741">
     <span class='ocr_line' id='line_1_15' title="bbox 1215 717 1262 741; baseline -0.043 0"><span class='ocrx_word' id='word_1_85' title='bbox 1215 717 1262 741; x_wconf 81' lang='lat'>560</span> 
     </span>
    </p>
   </div>
   <div class='ocr_carea' id='block_1_10' title="bbox 79 765 1229 993">
    <p class='ocr_par' dir='ltr' id='par_1_11' title="bbox 79 765 1086 873">
     <span class='ocr_line' id='line_1_16' title="bbox 79 765 1086 816; baseline 0.003 -15"><span class='ocrx_word' id='word_1_86' title='bbox 79 765 248 814; x_wconf 88' lang='lat' dir='ltr'>Sperasti</span> <span class='ocrx_word' id='word_1_87' title='bbox 269 773 304 801; x_wconf 81' lang='lat' dir='ltr'>te</span> <span class='ocrx_word' id='word_1_88' title='bbox 322 777 432 814; x_wconf 87' lang='lat' dir='ltr'>posse</span> <span class='ocrx_word' id='word_1_89' title='bbox 451 766 606 801; x_wconf 81' lang='lat' dir='ltr'>manus?</span> <span class='ocrx_word' id='word_1_90' title='bbox 626 781 641 796; x_wconf 87' lang='lat'>»</span> <span class='ocrx_word' id='word_1_91' title='bbox 662 765 782 802; x_wconf 88' lang='lat' dir='ltr'>Simul</span> <span class='ocrx_word' id='word_1_92' title='bbox 802 766 943 816; x_wconf 82' lang='lat' dir='ltr'>adripit</span> <span class='ocrx_word' id='word_1_93' title='bbox 961 766 1086 815; x_wconf 88' lang='lat' dir='ltr'>ipsum</span> 
     </span>
     <span class='ocr_line' id='line_1_17' title="bbox 79 823 1070 873; baseline 0.002 -13"><span class='ocrx_word' id='word_1_94' title='bbox 79 823 328 869; x_wconf 87' lang='lat' dir='ltr'>Pendentem,</span> <span class='ocrx_word' id='word_1_95' title='bbox 349 833 386 861; x_wconf 89' lang='lat' dir='ltr'>et</span> <span class='ocrx_word' id='word_1_96' title='bbox 404 836 539 873; x_wconf 82' lang='lat' dir='ltr'>magna</span> <span class='ocrx_word' id='word_1_97' title='bbox 557 824 657 860; x_wconf 88' lang='lat' dir='ltr'>muri</span> <span class='ocrx_word' id='word_1_98' title='bbox 676 837 762 860; x_wconf 88' lang='lat' dir='ltr'>cum</span> <span class='ocrx_word' id='word_1_99' title='bbox 783 833 890 873; x_wconf 88' lang='lat' dir='ltr'>parte</span> <span class='ocrx_word' id='word_1_100' title='bbox 911 826 1070 863; x_wconf 89' lang='lat' dir='ltr'>revellit.</span> 
     </span>
    </p>

    <p class='ocr_par' dir='ltr' id='par_1_12' title="bbox 79 882 1229 993">
     <span class='ocr_line' id='line_1_18' title="bbox 79 882 1229 935; baseline 0.003 -16"><span class='ocrx_word' id='word_1_101' title='bbox 79 883 210 929; x_wconf 89' lang='lat' dir='ltr'>Qualis</span> <span class='ocrx_word' id='word_1_102' title='bbox 229 882 297 920; x_wconf 90' lang='lat' dir='ltr'>ubi</span> <span class='ocrx_word' id='word_1_103' title='bbox 320 892 384 920; x_wconf 86' lang='lat' dir='ltr'>aut</span> <span class='ocrx_word' id='word_1_104' title='bbox 404 883 591 933; x_wconf 87' lang='lat' dir='ltr'>leporem,</span> <span class='ocrx_word' id='word_1_105' title='bbox 612 891 677 919; x_wconf 87' lang='lat' dir='ltr'>aut</span> <span class='ocrx_word' id='word_1_106' title='bbox 697 883 873 920; x_wconf 84' lang='lat' dir='ltr'>candenti</span> <span class='ocrx_word' id='word_1_107' title='bbox 890 896 1050 934; x_wconf 88' lang='lat' dir='ltr'>corpore</span> <span class='ocrx_word' id='word_1_108' title='bbox 1069 898 1229 935; x_wconf 86' lang='lat' dir='ltr'>cycnum</span> 
     </span>
     <span class='ocr_line' id='line_1_19' title="bbox 81 942 1107 993; baseline 0.002 -14"><span class='ocrx_word' id='word_1_109' title='bbox 81 943 242 979; x_wconf 88' lang='lat' dir='ltr'><strong>Sustulit</strong></span> <span class='ocrx_word' id='word_1_110' title='bbox 262 943 336 980; x_wconf 87' lang='lat' dir='ltr'>alta</span> <span class='ocrx_word' id='word_1_111' title='bbox 352 950 482 992; x_wconf 88' lang='lat' dir='ltr'>petens</span> <span class='ocrx_word' id='word_1_112' title='bbox 501 942 662 993; x_wconf 86' lang='lat' dir='ltr'>pedibus</span> <span class='ocrx_word' id='word_1_113' title='bbox 677 942 781 980; x_wconf 87' lang='lat' dir='ltr'>Jovis</span> <span class='ocrx_word' id='word_1_114' title='bbox 801 942 963 992; x_wconf 83' lang='lat' dir='ltr'>armiger</span> <span class='ocrx_word' id='word_1_115' title='bbox 981 944 1107 991; x_wconf 84' lang='lat' dir='ltr'>uncis;</span> 
     </span>
    </p>
   </div>
   <div class='ocr_carea' id='block_1_11' title="bbox 81 1001 1012 1052">
    <p class='ocr_par' dir='ltr' id='par_1_13' title="bbox 81 1001 1012 1052">
     <span class='ocr_line' id='line_1_20' title="bbox 81 1001 1012 1052; baseline 0.001 -14"><span class='ocrx_word' id='word_1_116' title='bbox 81 1002 291 1047; x_wconf 85' lang='lat' dir='ltr'>Quaesitum</span> <span class='ocrx_word' id='word_1_117' title='bbox 308 1010 374 1040; x_wconf 88' lang='lat' dir='ltr'>aut</span> <span class='ocrx_word' id='word_1_118' title='bbox 391 1002 505 1041; x_wconf 86' lang='lat' dir='ltr'>matri</span> <span class='ocrx_word' id='word_1_119' title='bbox 522 1002 648 1040; x_wconf 85' lang='lat' dir='ltr'>multis</span> <span class='ocrx_word' id='word_1_120' title='bbox 666 1001 855 1039; x_wconf 85' lang='lat' dir='ltr'>balatibus</span> <span class='ocrx_word' id='word_1_121' title='bbox 875 1015 1012 1052; x_wconf 83' lang='lat' dir='ltr'>agnum</span> 
     </span>
    </p>
   </div>
   <div class='ocr_carea' id='block_1_12' title="bbox 80 1141 656 2192">
    <p class='ocr_par' dir='ltr' id='par_1_14' title="bbox 80 1141 656 2192">
     <span class='ocr_line' id='line_1_21' title="bbox 80 1141 650 1183; baseline 0.004 -13"><span class='ocrx_word' id='word_1_122' title='bbox 80 1151 147 1171; x_wconf 85' lang='lat' dir='ltr'>non</span> <span class='ocrx_word' id='word_1_123' title='bbox 162 1148 246 1171; x_wconf 88' lang='lat' dir='ltr'>tecto</span> <span class='ocrx_word' id='word_1_124' title='bbox 262 1141 365 1172; x_wconf 82' lang='lat' dir='ltr'>clausa</span> <span class='ocrx_word' id='word_1_125' title='bbox 376 1164 385 1179; x_wconf 89' lang='lat'>‚</span> <span class='ocrx_word' id='word_1_126' title='bbox 399 1142 434 1172; x_wconf 89' lang='lat' dir='ltr'>in</span> <span class='ocrx_word' id='word_1_127' title='bbox 445 1153 584 1183; x_wconf 84' lang='lat' dir='ltr'>praeceps</span> <span class='ocrx_word' id='word_1_128' title='bbox 599 1143 650 1173; x_wconf 82' lang='lat' dir='ltr'>da-</span> 
     </span>
     <span class='ocr_line' id='line_1_22' title="bbox 81 1187 648 1227; baseline 0.005 -11"><span class='ocrx_word' id='word_1_129' title='bbox 81 1194 111 1217; x_wconf 87' lang='lat' dir='ltr'>ta</span> <span class='ocrx_word' id='word_1_130' title='bbox 120 1209 129 1224; x_wconf 92' lang='lat'><strong>‚</strong></span> <span class='ocrx_word' id='word_1_131' title='bbox 144 1194 232 1217; x_wconf 77' lang='lat' dir='ltr'>extra</span> <span class='ocrx_word' id='word_1_132' title='bbox 242 1187 370 1225; x_wconf 85' lang='lat' dir='ltr'>vallum,</span> <span class='ocrx_word' id='word_1_133' title='bbox 385 1188 562 1227; x_wconf 69' lang='lat' dir='ltr'>desilientes</span> <span class='ocrx_word' id='word_1_134' title='bbox 572 1189 648 1226; x_wconf 90' lang='lat' dir='ltr'>dno,</span> 
     </span>
     <span class='ocr_line' id='line_1_23' title="bbox 80 1233 651 1274; baseline 0.002 -11"><span class='ocrx_word' id='word_1_135' title='bbox 80 1233 221 1264; x_wconf 88' lang='lat' dir='ltr'>Helenor</span> <span class='ocrx_word' id='word_1_136' title='bbox 235 1239 266 1262; x_wconf 90' lang='lat' dir='ltr'>et</span> <span class='ocrx_word' id='word_1_137' title='bbox 279 1235 382 1274; x_wconf 82' lang='lat' dir='ltr'>Lycus</span> <span class='ocrx_word' id='word_1_138' title='bbox 393 1256 401 1270; x_wconf 93' lang='lat'><strong>,</strong></span> <span class='ocrx_word' id='word_1_139' title='bbox 418 1234 452 1263; x_wconf 91' lang='lat' dir='ltr'>in</span> <span class='ocrx_word' id='word_1_140' title='bbox 465 1233 568 1264; x_wconf 90' lang='lat' dir='ltr'>medio</span> <span class='ocrx_word' id='word_1_141' title='bbox 580 1235 651 1264; x_wconf 86' lang='lat' dir='ltr'>hos-</span> 
     </span>
     <span class='ocr_line' id='line_1_24' title="bbox 81 1279 650 1310; baseline 0.004 -2"><span class='ocrx_word' id='word_1_142' title='bbox 81 1280 163 1308; x_wconf 83' lang='lat' dir='ltr'>tium</span> <span class='ocrx_word' id='word_1_143' title='bbox 189 1279 305 1308; x_wconf 84' lang='lat' dir='ltr'>versari</span> <span class='ocrx_word' id='word_1_144' title='bbox 325 1290 357 1308; x_wconf 86' lang='lat' dir='ltr'>se</span> <span class='ocrx_word' id='word_1_145' title='bbox 378 1279 539 1310; x_wconf 82' lang='lat' dir='ltr'>videbant.</span> <span class='ocrx_word' id='word_1_146' title='bbox 559 1280 650 1310; x_wconf 86' lang='lat' dir='ltr'>Alter</span> 
     </span>
     <span class='ocr_line' id='line_1_25' title="bbox 81 1324 651 1366; baseline 0.005 -13"><span class='ocrx_word' id='word_1_147' title='bbox 81 1326 185 1365; x_wconf 81' lang='lat' dir='ltr'>Lycus</span> <span class='ocrx_word' id='word_1_148' title='bbox 200 1335 230 1354; x_wconf 88' lang='lat' dir='ltr'>v.</span> <span class='ocrx_word' id='word_1_149' title='bbox 247 1324 312 1353; x_wconf 85' lang='lat'>556</span> <span class='ocrx_word' id='word_1_150' title='bbox 336 1335 382 1364; x_wconf 84' lang='lat' dir='ltr'>sq.</span> <span class='ocrx_word' id='word_1_151' title='bbox 408 1326 444 1354; x_wconf 87' lang='lat' dir='ltr'>in</span> <span class='ocrx_word' id='word_1_152' title='bbox 460 1335 601 1366; x_wconf 85' lang='lat' dir='ltr'>aggerem</span> <span class='ocrx_word' id='word_1_153' title='bbox 619 1333 651 1356; x_wconf 91' lang='lat' dir='ltr'>et</span> 
     </span>
     <span class='ocr_line' id='line_1_26' title="bbox 80 1369 650 1412; baseline 0.004 -13"><span class='ocrx_word' id='word_1_154' title='bbox 80 1380 207 1400; x_wconf 86' lang='lat' dir='ltr'>murum</span> <span class='ocrx_word' id='word_1_155' title='bbox 222 1369 345 1399; x_wconf 83' lang='lat' dir='ltr'>vibrato</span> <span class='ocrx_word' id='word_1_156' title='bbox 358 1371 393 1399; x_wconf 91' lang='lat' dir='ltr'>in</span> <span class='ocrx_word' id='word_1_157' title='bbox 405 1371 503 1400; x_wconf 90' lang='lat' dir='ltr'>altum</span> <span class='ocrx_word' id='word_1_158' title='bbox 517 1382 650 1412; x_wconf 88' lang='lat' dir='ltr'>corpore</span> 
     </span>
     <span class='ocr_line' id='line_1_27' title="bbox 81 1416 650 1453; baseline 0.004 -8"><span class='ocrx_word' id='word_1_159' title='bbox 81 1416 250 1446; x_wconf 86' lang='lat' dir='ltr'>escendere</span> <span class='ocrx_word' id='word_1_160' title='bbox 275 1422 408 1446; x_wconf 88' lang='lat' dir='ltr'>conatur</span> <span class='ocrx_word' id='word_1_161' title='bbox 418 1439 426 1453; x_wconf 95' lang='lat'>,</span> <span class='ocrx_word' id='word_1_162' title='bbox 446 1423 482 1446; x_wconf 90' lang='lat' dir='ltr'>ut</span> <span class='ocrx_word' id='word_1_163' title='bbox 508 1428 540 1447; x_wconf 84' lang='lat' dir='ltr'>se</span> <span class='ocrx_word' id='word_1_164' title='bbox 567 1418 650 1447; x_wconf 86' lang='lat' dir='ltr'>intra</span> 
     </span>
     <span class='ocr_line' id='line_1_28' title="bbox 81 1461 651 1503; baseline 0 -11"><span class='ocrx_word' id='word_1_165' title='bbox 81 1461 194 1492; x_wconf 83' lang='lat' dir='ltr'>urbem</span> <span class='ocrx_word' id='word_1_166' title='bbox 210 1463 351 1502; x_wconf 87' lang='lat' dir='ltr'>recipiat.</span> <span class='ocrx_word' id='word_1_167' title='bbox 363 1462 417 1492; x_wconf 81' lang='lat' dir='ltr'>Ad</span> <span class='ocrx_word' id='word_1_168' title='bbox 431 1463 474 1492; x_wconf 93' lang='lat'>55</span> <span class='ocrx_word' id='word_1_169' title='bbox 482 1473 493 1492; x_wconf 80' lang='grc' dir='ltr'>ι</span> <span class='ocrx_word' id='word_1_170' title='bbox 506 1474 552 1503; x_wconf 91' lang='lat' dir='ltr'>sq.</span> <span class='ocrx_word' id='word_1_171' title='bbox 569 1474 651 1499; x_wconf 66' lang='lat' dir='ltr'>eomq</span> 
     </span>
     <span class='ocr_line' id='line_1_29' title="bbox 80 1507 649 1550; baseline 0 -13"><span class='ocrx_word' id='word_1_172' title='bbox 80 1507 238 1549; x_wconf 84' lang='lat' dir='ltr'>parandus</span> <span class='ocrx_word' id='word_1_173' title='bbox 267 1507 357 1538; x_wconf 75' lang='lat' dir='ltr'>Iliad.</span> <span class='ocrx_word' id='word_1_174' title='bbox 384 1518 409 1550; x_wconf 80' lang='grc' dir='ltr'>μ.</span> <span class='ocrx_word' id='word_1_175' title='bbox 419 1531 428 1545; x_wconf 86' lang='grc'><em>,</em></span> <span class='ocrx_word' id='word_1_176' title='bbox 455 1514 494 1544; x_wconf 71' lang='lat'>41</span> <span class='ocrx_word' id='word_1_177' title='bbox 525 1519 592 1549; x_wconf 87' lang='lat' dir='ltr'><strong>sqq.</strong></span> <span class='ocrx_word' id='word_1_178' title='bbox 611 1519 628 1538; x_wconf 93' lang='grc' dir='ltr'>υ</span> <span class='ocrx_word' id='word_1_179' title='bbox 640 1531 649 1546; x_wconf 88' lang='grc'>,</span> 
     </span>
     <span class='ocr_line' id='line_1_30' title="bbox 86 1553 648 1595; baseline 0.004 -12"><span class='ocrx_word' id='word_1_180' title='bbox 86 1554 149 1589; x_wconf 79' lang='lat'>164</span> <span class='ocrx_word' id='word_1_181' title='bbox 173 1564 240 1593; x_wconf 89' lang='lat' dir='ltr'>sqq.</span> <span class='ocrx_word' id='word_1_182' title='bbox 272 1553 356 1584; x_wconf 85' lang='lat' dir='ltr'>conf.</span> <span class='ocrx_word' id='word_1_183' title='bbox 381 1554 438 1584; x_wconf 81' lang='lat' dir='ltr'>inf.</span> <span class='ocrx_word' id='word_1_184' title='bbox 462 1556 543 1591; x_wconf 81' lang='lat' dir='ltr'>XII,</span> <span class='ocrx_word' id='word_1_185' title='bbox 562 1560 582 1590; x_wconf 76' lang='grc'>4</span> <span class='ocrx_word' id='word_1_186' title='bbox 602 1566 648 1595; x_wconf 90' lang='lat' dir='ltr'>sq.</span> 
     </span>
     <span class='ocr_line' id='line_1_31' title="bbox 81 1600 651 1639; baseline 0.002 -10"><span class='ocrx_word' id='word_1_187' title='bbox 81 1600 176 1631; x_wconf 77' lang='lat' dir='ltr'>Silius</span> <span class='ocrx_word' id='word_1_188' title='bbox 188 1602 220 1630; x_wconf 83' lang='lat' dir='ltr'>X</span> <span class='ocrx_word' id='word_1_189' title='bbox 230 1621 238 1636; x_wconf 90' lang='lat'>‚</span> <span class='ocrx_word' id='word_1_190' title='bbox 259 1609 272 1628; x_wconf 90' lang='lat'>1</span> <span class='ocrx_word' id='word_1_191' title='bbox 289 1610 356 1639; x_wconf 83' lang='lat' dir='ltr'>sqq.</span> <span class='ocrx_word' id='word_1_192' title='bbox 367 1617 413 1623; x_wconf 91' lang='lat'>--</span> <span class='ocrx_word' id='word_1_193' title='bbox 425 1600 501 1637; x_wconf 83' lang='lat'>557.</span> <span class='ocrx_word' id='word_1_194' title='bbox 518 1602 651 1630; x_wconf 89' lang='lat' dir='ltr'>Murum</span> 
     </span>
     <span class='ocr_line' id='line_1_32' title="bbox 81 1644 652 1686; baseline 0.005 -13"><span class='ocrx_word' id='word_1_195' title='bbox 81 1645 234 1674; x_wconf 88' lang='lat' dir='ltr'>humilem</span> <span class='ocrx_word' id='word_1_196' title='bbox 250 1644 344 1675; x_wconf 86' lang='lat' dir='ltr'>fuisse</span> <span class='ocrx_word' id='word_1_197' title='bbox 362 1656 485 1676; x_wconf 84' lang='lat' dir='ltr'>necesse</span> <span class='ocrx_word' id='word_1_198' title='bbox 499 1653 546 1676; x_wconf 89' lang='lat' dir='ltr'>est</span> <span class='ocrx_word' id='word_1_199' title='bbox 555 1669 563 1683; x_wconf 89' lang='lat'><strong>,</strong></span> <span class='ocrx_word' id='word_1_200' title='bbox 577 1657 652 1686; x_wconf 85' lang='lat' dir='ltr'>qua-</span> 
     </span>
     <span class='ocr_line' id='line_1_33' title="bbox 82 1692 651 1729; baseline 0 -7"><span class='ocrx_word' id='word_1_201' title='bbox 82 1692 121 1722; x_wconf 81' lang='lat' dir='ltr'>lis</span> <span class='ocrx_word' id='word_1_202' title='bbox 147 1697 194 1720; x_wconf 86' lang='lat' dir='ltr'>est</span> <span class='ocrx_word' id='word_1_203' title='bbox 223 1692 411 1721; x_wconf 82' lang='lat' dir='ltr'>Homericus</span> <span class='ocrx_word' id='word_1_204' title='bbox 441 1702 551 1721; x_wconf 83' lang='lat' dir='ltr'>murus</span> <span class='ocrx_word' id='word_1_205' title='bbox 561 1714 569 1729; x_wconf 94' lang='lat'><strong>,</strong></span> <span class='ocrx_word' id='word_1_206' title='bbox 594 1703 651 1722; x_wconf 88' lang='lat' dir='ltr'>seu</span> 
     </span>
     <span class='ocr_line' id='line_1_34' title="bbox 82 1736 651 1776; baseline 0.002 -10"><span class='ocrx_word' id='word_1_207' title='bbox 82 1736 203 1766; x_wconf 89' lang='lat' dir='ltr'>vallum</span> <span class='ocrx_word' id='word_1_208' title='bbox 229 1736 446 1773; x_wconf 81' lang='lat' dir='ltr'>Achivorum,</span> <span class='ocrx_word' id='word_1_209' title='bbox 470 1738 561 1775; x_wconf 89' lang='lat' dir='ltr'>cujus</span> <span class='ocrx_word' id='word_1_210' title='bbox 579 1739 651 1776; x_wconf 89' lang='lat' dir='ltr'>pin-</span> 
     </span>
     <span class='ocr_line' id='line_1_35' title="bbox 83 1781 651 1822; baseline 0 -9"><span class='ocrx_word' id='word_1_211' title='bbox 83 1793 138 1813; x_wconf 84' lang='lat' dir='ltr'>nas</span> <span class='ocrx_word' id='word_1_212' title='bbox 167 1781 327 1822; x_wconf 84' lang='lat' dir='ltr'>Sarpedon</span> <span class='ocrx_word' id='word_1_213' title='bbox 352 1793 449 1812; x_wconf 91' lang='lat' dir='ltr'>manu</span> <span class='ocrx_word' id='word_1_214' title='bbox 477 1782 629 1812; x_wconf 87' lang='lat' dir='ltr'>convellit</span> <span class='ocrx_word' id='word_1_215' title='bbox 642 1792 651 1813; x_wconf 75' lang='grc' dir='ltr'><strong>ε</strong></span> 
     </span>
     <span class='ocr_line' id='line_1_36' title="bbox 84 1828 653 1871; baseline -0.005 -12"><span class='ocrx_word' id='word_1_216' title='bbox 84 1828 174 1859; x_wconf 80' lang='lat' dir='ltr'>Iliad.</span> <span class='ocrx_word' id='word_1_217' title='bbox 191 1839 234 1871; x_wconf 83' lang='grc' dir='ltr'>μ,</span> <span class='ocrx_word' id='word_1_218' title='bbox 257 1829 333 1868; x_wconf 81' lang='lat'>397.</span> <span class='ocrx_word' id='word_1_219' title='bbox 349 1845 394 1851; x_wconf 91' lang='lat'>—-</span> <span class='ocrx_word' id='word_1_220' title='bbox 406 1828 482 1858; x_wconf 83' lang='lat'>558.</span> <span class='ocrx_word' id='word_1_221' title='bbox 509 1828 653 1857; x_wconf 82' lang='lat' dir='ltr'>Pendere</span> 
     </span>
     <span class='ocr_line' id='line_1_37' title="bbox 86 1874 654 1916; baseline -0.005 -11"><span class='ocrx_word' id='word_1_222' title='bbox 86 1875 184 1906; x_wconf 84' lang='lat' dir='ltr'>Goth.</span> <span class='ocrx_word' id='word_1_223' title='bbox 215 1885 264 1916; x_wconf 89' lang='lat' dir='ltr'>pr.</span> <span class='ocrx_word' id='word_1_224' title='bbox 288 1874 433 1914; x_wconf 83' lang='lat' dir='ltr'>pandere</span> <span class='ocrx_word' id='word_1_225' title='bbox 461 1880 531 1903; x_wconf 89' lang='lat' dir='ltr'>tert.</span> <span class='ocrx_word' id='word_1_226' title='bbox 561 1875 654 1903; x_wconf 71' lang='lat' dir='ltr'><em>Saxa</em></span> 
     </span>
     <span class='ocr_line' id='line_1_38' title="bbox 86 1919 653 1961; baseline -0.005 -10"><span class='ocrx_word' id='word_1_227' title='bbox 86 1931 184 1951; x_wconf 84' lang='lat' dir='ltr'>manu</span> <span class='ocrx_word' id='word_1_228' title='bbox 198 1931 248 1961; x_wconf 85' lang='lat' dir='ltr'>pr.</span> <span class='ocrx_word' id='word_1_229' title='bbox 261 1922 378 1951; x_wconf 86' lang='lat' dir='ltr'>Moret.</span> <span class='ocrx_word' id='word_1_230' title='bbox 391 1931 463 1949; x_wconf 87' lang='lat' dir='ltr'>cum</span> <span class='ocrx_word' id='word_1_231' title='bbox 475 1919 553 1955; x_wconf 69' lang='lat' dir='ltr'>Erf„</span> <span class='ocrx_word' id='word_1_232' title='bbox 564 1919 653 1959; x_wconf 89' lang='lat' dir='ltr'>quod</span> 
     </span>
     <span class='ocr_line' id='line_1_39' title="bbox 86 1965 654 2008; baseline -0.005 -11"><span class='ocrx_word' id='word_1_233' title='bbox 86 1967 247 2008; x_wconf 82' lang='lat' dir='ltr'>praeferret</span> <span class='ocrx_word' id='word_1_234' title='bbox 269 1968 376 1996; x_wconf 87' lang='lat' dir='ltr'>Burm.</span> <span class='ocrx_word' id='word_1_235' title='bbox 387 1989 396 2003; x_wconf 87' lang='lat'><strong>,</strong></span> <span class='ocrx_word' id='word_1_236' title='bbox 411 1967 438 1995; x_wconf 88' lang='lat' dir='ltr'>si</span> <span class='ocrx_word' id='word_1_237' title='bbox 460 1966 494 1995; x_wconf 90' lang='lat' dir='ltr'>in</span> <span class='ocrx_word' id='word_1_238' title='bbox 506 1965 654 2006; x_wconf 84' lang='lat' dir='ltr'>pluribus</span> 
     </span>
     <span class='ocr_line' id='line_1_40' title="bbox 87 2012 656 2043; baseline -0.005 -1"><span class='ocrx_word' id='word_1_239' title='bbox 87 2019 223 2043; x_wconf 79' lang='lat' dir='ltr'>exstaret</span> <span class='ocrx_word' id='word_1_240' title='bbox 236 2023 244 2043; x_wconf 90' lang='lat'>:</span> <span class='ocrx_word' id='word_1_241' title='bbox 258 2023 331 2043; x_wconf 82' lang='lat' dir='ltr'>nam</span> <span class='ocrx_word' id='word_1_242' title='bbox 344 2020 427 2042; x_wconf 76' lang='lat' dir='ltr'>tecta</span> <span class='ocrx_word' id='word_1_243' title='bbox 438 2012 478 2041; x_wconf 92' lang='lat' dir='ltr'>de</span> <span class='ocrx_word' id='word_1_244' title='bbox 484 2012 582 2041; x_wconf 87' lang='lat' dir='ltr'>muris</span> <span class='ocrx_word' id='word_1_245' title='bbox 593 2022 656 2040; x_wconf 87' lang='lat' dir='ltr'>cas-</span> 
     </span>
     <span class='ocr_line' id='line_1_41' title="bbox 89 2057 654 2096; baseline -0.005 -7"><span class='ocrx_word' id='word_1_246' title='bbox 89 2065 231 2096; x_wconf 82' lang='lat' dir='ltr'>trorum,</span> <span class='ocrx_word' id='word_1_247' title='bbox 250 2065 282 2088; x_wconf 85' lang='lat' dir='ltr'>et</span> <span class='ocrx_word' id='word_1_248' title='bbox 307 2058 512 2088; x_wconf 85' lang='lat' dir='ltr'>munimentis</span> <span class='ocrx_word' id='word_1_249' title='bbox 545 2057 654 2087; x_wconf 87' lang='lat' dir='ltr'>insoli-</span> 
     </span>
     <span class='ocr_line' id='line_1_42' title="bbox 89 2103 655 2143; baseline -0.005 -9"><span class='ocrx_word' id='word_1_250' title='bbox 89 2111 158 2134; x_wconf 81' lang='lat' dir='ltr'>tum</span> <span class='ocrx_word' id='word_1_251' title='bbox 173 2104 246 2134; x_wconf 83' lang='lat' dir='ltr'>dici.</span> <span class='ocrx_word' id='word_1_252' title='bbox 266 2120 310 2127; x_wconf 88' lang='lat'>--</span> <span class='ocrx_word' id='word_1_253' title='bbox 328 2106 426 2134; x_wconf 81' lang='lat' dir='ltr'>Tecta</span> <span class='ocrx_word' id='word_1_254' title='bbox 439 2114 498 2143; x_wconf 90' lang='lat' dir='ltr'>pro</span> <span class='ocrx_word' id='word_1_255' title='bbox 514 2103 588 2132; x_wconf 87' lang='lat' dir='ltr'>valli</span> <span class='ocrx_word' id='word_1_256' title='bbox 602 2113 655 2132; x_wconf 89' lang='lat' dir='ltr'>su-</span> 
     </span>
     <span class='ocr_line' id='line_1_43' title="bbox 89 2147 652 2192; baseline -0.005 -12"><span class='ocrx_word' id='word_1_257' title='bbox 89 2151 213 2191; x_wconf 84' lang='lat' dir='ltr'>periore</span> <span class='ocrx_word' id='word_1_258' title='bbox 224 2157 313 2192; x_wconf 84' lang='lat' dir='ltr'>parte</span> <span class='ocrx_word' id='word_1_259' title='bbox 323 2173 332 2190; x_wconf 93' lang='lat'>,</span> <span class='ocrx_word' id='word_1_260' title='bbox 346 2157 383 2181; x_wconf 91' lang='lat' dir='ltr'>ut</span> <span class='ocrx_word' id='word_1_261' title='bbox 393 2161 422 2181; x_wconf 86' lang='lat' dir='ltr'>v.</span> <span class='ocrx_word' id='word_1_262' title='bbox 436 2150 477 2180; x_wconf 85' lang='lat'>56</span> <span class='ocrx_word' id='word_1_263' title='bbox 483 2149 499 2178; x_wconf 87' lang='lat'><strong>8</strong></span> <span class='ocrx_word' id='word_1_264' title='bbox 501 2147 652 2191; x_wconf 74' lang='lat' dir='ltr'>fastigia,</span> 
     </span>
    </p>
   </div>
   <div class='ocr_carea' id='block_1_13' title="bbox 1223 1013 1271 1038">
    <p class='ocr_par' dir='ltr' id='par_1_15' title="bbox 1223 1013 1271 1038">
     <span class='ocr_line' id='line_1_44' title="bbox 1223 1013 1271 1038; baseline 0 -1"><span class='ocrx_word' id='word_1_265' title='bbox 1223 1013 1271 1038; x_wconf 83' lang='lat'>565</span> 
     </span>
    </p>
   </div>
   <div class='ocr_carea' id='block_1_14' title="bbox 696 1141 1276 2187">
    <p class='ocr_par' dir='ltr' id='par_1_16' title="bbox 696 1141 1272 1549">
     <span class='ocr_line' id='line_1_45' title="bbox 701 1141 1270 1183; baseline 0 -11"><span class='ocrx_word' id='word_1_266' title='bbox 701 1142 784 1183; x_wconf 90' lang='lat' dir='ltr'>apud</span> <span class='ocrx_word' id='word_1_267' title='bbox 804 1143 916 1173; x_wconf 86' lang='lat' dir='ltr'>Silium</span> <span class='ocrx_word' id='word_1_268' title='bbox 931 1142 1009 1179; x_wconf 86' lang='lat' dir='ltr'>VII,</span> <span class='ocrx_word' id='word_1_269' title='bbox 1029 1142 1093 1172; x_wconf 82' lang='lat'>603</span> <span class='ocrx_word' id='word_1_270' title='bbox 1114 1141 1169 1182; x_wconf 82' lang='lat' dir='ltr'>qui</span> <span class='ocrx_word' id='word_1_271' title='bbox 1188 1152 1270 1172; x_wconf 82' lang='lat' dir='ltr'>snm-</span> 
     </span>
     <span class='ocr_line' id='line_1_46' title="bbox 703 1188 1270 1229; baseline 0 -12"><span class='ocrx_word' id='word_1_272' title='bbox 703 1199 771 1218; x_wconf 83' lang='lat' dir='ltr'>mas</span> <span class='ocrx_word' id='word_1_273' title='bbox 799 1189 867 1217; x_wconf 81' lang='lat' dir='ltr'>alto</span> <span class='ocrx_word' id='word_1_274' title='bbox 889 1188 1068 1228; x_wconf 79' lang='lat' dir='ltr'>prensabat</span> <span class='ocrx_word' id='word_1_275' title='bbox 1095 1188 1128 1217; x_wconf 85' lang='lat' dir='ltr'>in</span> <span class='ocrx_word' id='word_1_276' title='bbox 1153 1199 1270 1229; x_wconf 78' lang='lat' dir='ltr'>aggere</span> 
     </span>
     <span class='ocr_line' id='line_1_47' title="bbox 696 1233 1266 1274; baseline -0.002 -11"><span class='ocrx_word' id='word_1_277' title='bbox 696 1234 818 1274; x_wconf 83' lang='lat' dir='ltr'>pinnas</span> <span class='ocrx_word' id='word_1_278' title='bbox 829 1245 841 1269; x_wconf 93' lang='lat'><em>;</em></span> <span class='ocrx_word' id='word_1_279' title='bbox 861 1233 936 1262; x_wconf 90' lang='lat' dir='ltr'>hinc</span> <span class='ocrx_word' id='word_1_280' title='bbox 963 1234 1026 1263; x_wconf 88' lang='lat'>562</span> <span class='ocrx_word' id='word_1_281' title='bbox 1050 1234 1245 1273; x_wconf 82' lang='lat' dir='ltr'>pendentem</span> <span class='ocrx_word' id='word_1_282' title='bbox 1258 1255 1266 1267; x_wconf 92' lang='lat'>‚</span> 
     </span>
     <span class='ocr_line' id='line_1_48' title="bbox 702 1278 1270 1320; baseline -0.004 -11"><span class='ocrx_word' id='word_1_283' title='bbox 702 1290 774 1309; x_wconf 83' lang='lat' dir='ltr'>nam</span> <span class='ocrx_word' id='word_1_284' title='bbox 787 1278 996 1320; x_wconf 84' lang='lat' dir='ltr'>prehenderat</span> <span class='ocrx_word' id='word_1_285' title='bbox 1004 1289 1100 1308; x_wconf 84' lang='lat' dir='ltr'>manu</span> <span class='ocrx_word' id='word_1_286' title='bbox 1108 1279 1270 1318; x_wconf 83' lang='lat' dir='ltr'>superiora</span> 
     </span>
     <span class='ocr_line' id='line_1_49' title="bbox 702 1324 1272 1362; baseline -0.004 -8"><span class='ocrx_word' id='word_1_287' title='bbox 702 1326 800 1362; x_wconf 88' lang='lat' dir='ltr'>muri,</span> <span class='ocrx_word' id='word_1_288' title='bbox 817 1332 854 1354; x_wconf 86' lang='lat' dir='ltr'>ut</span> <span class='ocrx_word' id='word_1_289' title='bbox 868 1325 947 1354; x_wconf 83' lang='lat' dir='ltr'>saltu</span> <span class='ocrx_word' id='word_1_290' title='bbox 966 1335 998 1354; x_wconf 90' lang='lat' dir='ltr'>se</span> <span class='ocrx_word' id='word_1_291' title='bbox 1013 1325 1046 1353; x_wconf 93' lang='lat' dir='ltr'>in</span> <span class='ocrx_word' id='word_1_292' title='bbox 1065 1324 1163 1352; x_wconf 80' lang='lat' dir='ltr'>altum</span> <span class='ocrx_word' id='word_1_293' title='bbox 1178 1324 1272 1353; x_wconf 88' lang='lat' dir='ltr'>libra—</span> 
     </span>
     <span class='ocr_line' id='line_1_50' title="bbox 702 1369 1268 1411; baseline -0.004 -11"><span class='ocrx_word' id='word_1_294' title='bbox 702 1378 772 1407; x_wconf 86' lang='lat' dir='ltr'>ret;</span> <span class='ocrx_word' id='word_1_295' title='bbox 790 1378 820 1400; x_wconf 89' lang='lat' dir='ltr'>et</span> <span class='ocrx_word' id='word_1_296' title='bbox 836 1381 957 1411; x_wconf 79' lang='lat' dir='ltr'>magna</span> <span class='ocrx_word' id='word_1_297' title='bbox 974 1369 1057 1399; x_wconf 83' lang='lat' dir='ltr'>muri</span> <span class='ocrx_word' id='word_1_298' title='bbox 1070 1380 1139 1399; x_wconf 86' lang='lat' dir='ltr'>cum</span> <span class='ocrx_word' id='word_1_299' title='bbox 1155 1377 1268 1410; x_wconf 86' lang='lat' dir='ltr'>parte,</span> 
     </span>
     <span class='ocr_line' id='line_1_51' title="bbox 703 1413 1270 1451; baseline -0.004 -5"><span class='ocrx_word' id='word_1_300' title='bbox 703 1417 750 1446; x_wconf 86' lang='lat' dir='ltr'>uti</span> <span class='ocrx_word' id='word_1_301' title='bbox 776 1418 905 1446; x_wconf 83' lang='lat' dir='ltr'>Homer.</span> <span class='ocrx_word' id='word_1_302' title='bbox 936 1416 958 1446; x_wconf 88' lang='grc'>1.</span> <span class='ocrx_word' id='word_1_303' title='bbox 985 1426 1012 1446; x_wconf 87' lang='lat' dir='ltr'>e.</span> <span class='ocrx_word' id='word_1_304' title='bbox 1042 1413 1168 1451; x_wconf 78' lang='grc' dir='ltr'>ἔπαλξιν</span> <span class='ocrx_word' id='word_1_305' title='bbox 1196 1414 1270 1445; x_wconf 80' lang='grc' dir='ltr'>ἑλὼν</span> 
     </span>
     <span class='ocr_line' id='line_1_52' title="bbox 703 1453 1271 1504; baseline 0 -13"><span class='ocrx_word' id='word_1_306' title='bbox 703 1459 789 1504; x_wconf 70' lang='grc' dir='ltr'>χερσὶ</span> <span class='ocrx_word' id='word_1_307' title='bbox 805 1458 982 1503; x_wconf 65' lang='grc' dir='ltr'>στιέαρῇσιν</span> <span class='ocrx_word' id='word_1_308' title='bbox 999 1453 1086 1501; x_wconf 55' lang='grc' dir='ltr'><strong>ἕλχ’,</strong></span> <span class='ocrx_word' id='word_1_309' title='bbox 1102 1460 1121 1494; x_wconf 74' lang='grc' dir='ltr'>ἦ</span> <span class='ocrx_word' id='word_1_310' title='bbox 1145 1457 1175 1490; x_wconf 69' lang='grc' dir='ltr'>δ’</span> <span class='ocrx_word' id='word_1_311' title='bbox 1187 1459 1271 1491; x_wconf 82' lang='grc' dir='ltr'>ἔσπε-</span> 
     </span>
     <span class='ocr_line' id='line_1_53' title="bbox 703 1504 1044 1549; baseline -0.003 -12"><span class='ocrx_word' id='word_1_312' title='bbox 703 1518 737 1537; x_wconf 81' lang='grc' dir='ltr'>το</span> <span class='ocrx_word' id='word_1_313' title='bbox 754 1508 844 1537; x_wconf 71' lang='grc' dir='ltr'>πᾶσα</span> <span class='ocrx_word' id='word_1_314' title='bbox 863 1504 1044 1549; x_wconf 71' lang='grc' dir='ltr'>διαμπερές.</span> 
     </span>
    </p>

    <p class='ocr_par' dir='ltr' id='par_1_17' title="bbox 699 1553 1276 2187">
     <span class='ocr_line' id='line_1_54' title="bbox 753 1553 1272 1591; baseline -0.006 -8"><span class='ocrx_word' id='word_1_315' title='bbox 753 1554 830 1584; x_wconf 83' lang='grc'><strong>563.</strong></span> <span class='ocrx_word' id='word_1_316' title='bbox 866 1553 1064 1583; x_wconf 74' lang='lat' dir='ltr'>Gaudentem</span> <span class='ocrx_word' id='word_1_317' title='bbox 1098 1562 1226 1591; x_wconf 83' lang='lat' dir='ltr'>corpore</span> <span class='ocrx_word' id='word_1_318' title='bbox 1255 1563 1272 1581; x_wconf 92' lang='lat' dir='ltr'>e</span> 
     </span>
     <span class='ocr_line' id='line_1_55' title="bbox 705 1597 1274 1638; baseline -0.004 -10"><span class='ocrx_word' id='word_1_319' title='bbox 705 1598 798 1630; x_wconf 88' lang='lat' dir='ltr'>codd.</span> <span class='ocrx_word' id='word_1_320' title='bbox 827 1599 910 1629; x_wconf 92' lang='lat' dir='ltr'>Coll.</span> <span class='ocrx_word' id='word_1_321' title='bbox 939 1601 1003 1630; x_wconf 87' lang='lat' dir='ltr'>Jes.</span> <span class='ocrx_word' id='word_1_322' title='bbox 1026 1599 1146 1638; x_wconf 85' lang='lat' dir='ltr'>recepit</span> <span class='ocrx_word' id='word_1_323' title='bbox 1169 1597 1274 1627; x_wconf 76' lang='lat' dir='ltr'>Vake-</span> 
     </span>
     <span class='ocr_line' id='line_1_56' title="bbox 704 1643 1271 1686; baseline -0.005 -11"><span class='ocrx_word' id='word_1_324' title='bbox 704 1643 789 1675; x_wconf 86' lang='lat' dir='ltr'>field.</span> <span class='ocrx_word' id='word_1_325' title='bbox 812 1647 852 1675; x_wconf 88' lang='lat' dir='ltr'>Et</span> <span class='ocrx_word' id='word_1_326' title='bbox 870 1652 916 1675; x_wconf 85' lang='lat' dir='ltr'>est</span> <span class='ocrx_word' id='word_1_327' title='bbox 931 1656 1004 1674; x_wconf 87' lang='lat' dir='ltr'>sane</span> <span class='ocrx_word' id='word_1_328' title='bbox 1025 1645 1148 1686; x_wconf 83' lang='lat' dir='ltr'>elegans</span> <span class='ocrx_word' id='word_1_329' title='bbox 1166 1643 1271 1673; x_wconf 87' lang='lat' dir='ltr'>lectio.</span> 
     </span>
     <span class='ocr_line' id='line_1_57' title="bbox 704 1689 1274 1730; baseline -0.005 -9"><span class='ocrx_word' id='word_1_330' title='bbox 704 1708 751 1714; x_wconf 91' lang='lat'>——</span> <span class='ocrx_word' id='word_1_331' title='bbox 762 1692 825 1721; x_wconf 82' lang='lat'>563</span> <span class='ocrx_word' id='word_1_332' title='bbox 838 1713 847 1728; x_wconf 84' lang='lat'>‚</span> <span class='ocrx_word' id='word_1_333' title='bbox 865 1691 942 1726; x_wconf 80' lang='grc'><strong>564.</strong></span> <span class='ocrx_word' id='word_1_334' title='bbox 962 1691 1073 1730; x_wconf 82' lang='lat' dir='ltr'>Qualis</span> <span class='ocrx_word' id='word_1_335' title='bbox 1086 1689 1140 1718; x_wconf 80' lang='lat' dir='ltr'>ubi</span> <span class='ocrx_word' id='word_1_336' title='bbox 1155 1696 1213 1717; x_wconf 83' lang='lat' dir='ltr'>auc</span> <span class='ocrx_word' id='word_1_337' title='bbox 1229 1689 1274 1718; x_wconf 84' lang='lat' dir='ltr'>le·</span> 
     </span>
     <span class='ocr_line' id='line_1_58' title="bbox 699 1734 1272 1776; baseline -0.002 -11"><span class='ocrx_word' id='word_1_338' title='bbox 699 1747 831 1776; x_wconf 80' lang='lat' dir='ltr'>por-em,</span> <span class='ocrx_word' id='word_1_339' title='bbox 859 1743 929 1773; x_wconf 80' lang='lat' dir='ltr'><strong><em>auc,</em></strong></span> <span class='ocrx_word' id='word_1_340' title='bbox 955 1743 1014 1766; x_wconf 81' lang='lat' dir='ltr'>etc.</span> <span class='ocrx_word' id='word_1_341' title='bbox 1036 1735 1217 1765; x_wconf 83' lang='lat' dir='ltr'>Laudamur</span> <span class='ocrx_word' id='word_1_342' title='bbox 1234 1734 1272 1764; x_wconf 87' lang='lat'>11.</span> 
     </span>
     <span class='ocr_line' id='line_1_59' title="bbox 707 1780 1274 1821; baseline -0.005 -10"><span class='ocrx_word' id='word_1_343' title='bbox 707 1780 741 1818; x_wconf 82' lang='grc' dir='ltr'>ξ,</span> <span class='ocrx_word' id='word_1_344' title='bbox 760 1782 821 1811; x_wconf 84' lang='lat'>308</span> <span class='ocrx_word' id='word_1_345' title='bbox 837 1792 883 1821; x_wconf 87' lang='lat' dir='ltr'>sq.</span> <span class='ocrx_word' id='word_1_346' title='bbox 903 1788 934 1811; x_wconf 90' lang='lat' dir='ltr'>et</span> <span class='ocrx_word' id='word_1_347' title='bbox 957 1786 1179 1820; x_wconf 86' lang='lat' dir='ltr'>comparantur</span> <span class='ocrx_word' id='word_1_348' title='bbox 1201 1789 1274 1808; x_wconf 89' lang='lat' dir='ltr'>cum</span> 
     </span>
     <span class='ocr_line' id='line_1_60' title="bbox 705 1824 1273 1866; baseline -0.004 -10"><span class='ocrx_word' id='word_1_349' title='bbox 705 1827 754 1856; x_wconf 83' lang='lat' dir='ltr'>his</span> <span class='ocrx_word' id='word_1_350' title='bbox 773 1827 812 1856; x_wconf 89' lang='lat' dir='ltr'>ab</span> <span class='ocrx_word' id='word_1_351' title='bbox 828 1828 936 1866; x_wconf 86' lang='lat' dir='ltr'>Iutpp.</span> <span class='ocrx_word' id='word_1_352' title='bbox 957 1826 1031 1855; x_wconf 89' lang='lat' dir='ltr'>inde</span> <span class='ocrx_word' id='word_1_353' title='bbox 1052 1836 1068 1855; x_wconf 91' lang='lat' dir='ltr'>a</span> <span class='ocrx_word' id='word_1_354' title='bbox 1088 1824 1273 1860; x_wconf 83' lang='lat' dir='ltr'>Macrobio;</span> 
     </span>
     <span class='ocr_line' id='line_1_61' title="bbox 707 1870 1275 1912; baseline -0.004 -10"><span class='ocrx_word' id='word_1_355' title='bbox 707 1883 766 1902; x_wconf 84' lang='lat' dir='ltr'>nec</span> <span class='ocrx_word' id='word_1_356' title='bbox 779 1879 882 1902; x_wconf 79' lang='lat' dir='ltr'>tamen</span> <span class='ocrx_word' id='word_1_357' title='bbox 896 1873 1067 1912; x_wconf 85' lang='lat' dir='ltr'>quicquam</span> <span class='ocrx_word' id='word_1_358' title='bbox 1082 1870 1216 1912; x_wconf 87' lang='lat' dir='ltr'>amplius</span> <span class='ocrx_word' id='word_1_359' title='bbox 1229 1871 1275 1900; x_wconf 91' lang='lat' dir='ltr'>ibi</span> 
     </span>
     <span class='ocr_line' id='line_1_62' title="bbox 706 1918 1273 1958; baseline -0.004 -10"><span class='ocrx_word' id='word_1_360' title='bbox 706 1925 770 1955; x_wconf 89' lang='lat' dir='ltr'>est,</span> <span class='ocrx_word' id='word_1_361' title='bbox 786 1929 880 1958; x_wconf 89' lang='lat' dir='ltr'>quam</span> <span class='ocrx_word' id='word_1_362' title='bbox 901 1918 1003 1958; x_wconf 86' lang='lat' dir='ltr'>aquila</span> <span class='ocrx_word' id='word_1_363' title='bbox 1028 1924 1136 1957; x_wconf 81' lang='lat' dir='ltr'>petens</span> <span class='ocrx_word' id='word_1_364' title='bbox 1158 1918 1273 1946; x_wconf 76' lang='grc' dir='ltr'>πτῶκα</span> 
     </span>
     <span class='ocr_line' id='line_1_63' title="bbox 706 1961 1274 2007; baseline -0.002 -13"><span class='ocrx_word' id='word_1_365' title='bbox 706 1962 850 2007; x_wconf 41' lang='lat' dir='ltr'>&gt;affuerim</span> <span class='ocrx_word' id='word_1_366' title='bbox 868 1970 903 1993; x_wconf 89' lang='lat' dir='ltr'>tu</span> <span class='ocrx_word' id='word_1_367' title='bbox 926 1974 1002 1993; x_wconf 77' lang='lat' dir='ltr'>vero</span> <span class='ocrx_word' id='word_1_368' title='bbox 1025 1963 1110 1993; x_wconf 84' lang='lat' dir='ltr'>conf.</span> <span class='ocrx_word' id='word_1_369' title='bbox 1125 1961 1214 1993; x_wconf 84' lang='lat' dir='ltr'>Iliad.</span> <span class='ocrx_word' id='word_1_370' title='bbox 1239 1972 1274 2004; x_wconf 85' lang='grc' dir='ltr'>ρ,</span> 
     </span>
     <span class='ocr_line' id='line_1_64' title="bbox 708 2009 1274 2050; baseline -0.004 -11"><span class='ocrx_word' id='word_1_371' title='bbox 708 2011 774 2048; x_wconf 77' lang='lat'>674</span> <span class='ocrx_word' id='word_1_372' title='bbox 796 2020 842 2050; x_wconf 88' lang='lat' dir='ltr'>sq.</span> <span class='ocrx_word' id='word_1_373' title='bbox 865 2015 896 2038; x_wconf 89' lang='lat' dir='ltr'>et</span> <span class='ocrx_word' id='word_1_374' title='bbox 917 2009 1184 2049; x_wconf 85' lang='lat' dir='ltr'>comparationem</span> <span class='ocrx_word' id='word_1_375' title='bbox 1201 2018 1274 2037; x_wconf 84' lang='lat' dir='ltr'>cum</span> 
     </span>
     <span class='ocr_line' id='line_1_65' title="bbox 708 2053 1274 2096; baseline -0.002 -11"><span class='ocrx_word' id='word_1_376' title='bbox 708 2056 812 2096; x_wconf 86' lang='lat' dir='ltr'>aquila</span> <span class='ocrx_word' id='word_1_377' title='bbox 831 2065 900 2095; x_wconf 87' lang='lat' dir='ltr'>quae</span> <span class='ocrx_word' id='word_1_378' title='bbox 919 2064 1038 2096; x_wconf 77' lang='lat' dir='ltr'>cycnos</span> <span class='ocrx_word' id='word_1_379' title='bbox 1050 2053 1172 2084; x_wconf 84' lang='lat' dir='ltr'>invadit</span> <span class='ocrx_word' id='word_1_380' title='bbox 1183 2053 1274 2084; x_wconf 83' lang='lat' dir='ltr'>Iliad.</span> 
     </span>
     <span class='ocr_line' id='line_1_66' title="bbox 709 2099 1276 2141; baseline -0.005 -10"><span class='ocrx_word' id='word_1_381' title='bbox 709 2112 746 2137; x_wconf 88' lang='lat'>0,</span> <span class='ocrx_word' id='word_1_382' title='bbox 772 2102 838 2140; x_wconf 85' lang='lat'>690</span> <span class='ocrx_word' id='word_1_383' title='bbox 864 2111 910 2141; x_wconf 90' lang='lat' dir='ltr'>sq.</span> <span class='ocrx_word' id='word_1_384' title='bbox 936 2100 1033 2141; x_wconf 88' lang='lat' dir='ltr'>Quod</span> <span class='ocrx_word' id='word_1_385' title='bbox 1056 2110 1131 2130; x_wconf 87' lang='lat' dir='ltr'>vero</span> <span class='ocrx_word' id='word_1_386' title='bbox 1163 2099 1202 2129; x_wconf 84' lang='lat' dir='ltr'>ad</span> <span class='ocrx_word' id='word_1_387' title='bbox 1231 2110 1276 2129; x_wconf 68' lang='lat' dir='ltr'>vs.</span> 
     </span>
     <span class='ocr_line' id='line_1_67' title="bbox 712 2144 1275 2187; baseline -0.009 -9"><span class='ocrx_word' id='word_1_388' title='bbox 712 2147 775 2178; x_wconf 82' lang='lat'>565</span> <span class='ocrx_word' id='word_1_389' title='bbox 790 2147 878 2177; x_wconf 87' lang='lat' dir='ltr'>Iliad.</span> <span class='ocrx_word' id='word_1_390' title='bbox 898 2157 910 2176; x_wconf 85' lang='grc' dir='ltr'>ε</span> <span class='ocrx_word' id='word_1_391' title='bbox 922 2169 931 2185; x_wconf 84' lang='grc'>,</span> <span class='ocrx_word' id='word_1_392' title='bbox 952 2146 1014 2176; x_wconf 87' lang='lat'>162</span> <span class='ocrx_word' id='word_1_393' title='bbox 1031 2144 1275 2187; x_wconf 81' lang='lat' dir='ltr'>comparandum</span> 
     </span>
    </p>
   </div>
  </div>
 </body>
</html>
