1414 2435
81 69 98 88 2
105 69 122 88 2
581 61 774 91 AENEIDOS

80 121 229 156 Venatu
245 118 421 164 adsiduo,
437 125 474 155 et
493 125 615 155 totum
634 117 880 168 cognovimus
896 130 1053 156 amnem.
1076 137 1090 152 »

1223 130 1272 157 245

80 178 153 215 Hie
172 179 278 216 annis
298 178 438 230 gravis,
459 185 572 227 atque
592 177 706 214 animi
724 185 895 215 maturus
912 178 1039 215 Aletes
1055 194 1062 215 ε

82 255 96 269 «
118 238 168 275 Di
183 239 317 290 patrii,
334 250 498 288 quorum
519 250 669 287 semper
688 235 759 274 sub
774 237 928 274 numine
946 238 1061 288 Troja
1075 246 1148 283 est,

81 301 168 336 Non
184 308 308 336 tamen
326 298 480 335 omnino
499 301 667 335 Teucros
684 297 811 334 delere
829 298 988 347 paratis,

83 361 210 404 Quum
230 360 312 397 talis
331 359 475 396 animos
490 358 694 408 juvenum,
711 365 748 394 et
765 367 842 395 tam
861 367 964 395 certa
983 358 1118 396 tulistis

81 420 256 455 Pectora!
272 436 286 452 υ
304 420 367 456 Sic
383 430 612 463 memorans,
624 417 804 454 humeros
818 417 1044 468 dextrasque
1060 417 1212 456 tenebat
1229 426 1276 451 2⁵0

81 478 311 523 Amborum,
332 487 369 515 et
387 478 532 514 voltum
547 476 711 513 lacrimis
731 485 845 525 atque
863 490 931 514 ora
949 477 1096 528 rigabat
1114 495 1121 515 ε

82 554 97 570 «
115 541 210 584 Quae
228 537 356 584 vobis,
373 550 457 587 quae
476 536 611 585 digna,
631 536 723 582 viri,
741 548 814 586 pro
830 536 1008 574 laudibus
1025 538 1127 584 istis,

81 598 240 635 Praemia
259 610 368 648 posse
387 611 474 634 rear
491 597 613 634 solvi?
633 596 889 646 pulcherrima
906 589 1078 648 primum⁴

82 658 151 706 Di,
170 671 370 708 moresque
384 657 530 694 dabunt
549 657 684 703 vestri3
705 666 785 694 tum
803 665 928 695 cetera
947 658 1080 696 reddet

82 722 263 756 Actutum
282 719 368 768 pius
383 720 538 763 AEneas,
559 726 672 767 atque
689 718 834 767 integer
854 719 925 755 aevi

82 779 284 825 Ascanius,
302 778 428 814 meriti
446 777 541 814 tanti
556 790 631 813 non
651 777 850 814 immemor
870 791 1048 827 unquam.
1071 796 1085 811 »

83 854 98 869 «
115 839 235 874 Immo
252 850 322 887 ego
337 850 424 882 vos,
445 837 507 872 cui
526 836 604 873 sola
624 836 723 873 salus
743 837 914 886 genitore
930 837 1106 884 reducto,

83 896 235 946 Excipit
252 895 455 941 Ascanius,
474 907 544 944 per
562 907 736 943 magnos,
754 895 845 932 Nise
857 924 866 940 ‚
885 896 1052 941 Penatis,

83 955 333 1005 Assaracique
350 957 505 1000 Larem,
526 962 564 990 et
583 966 684 991 canae
701 954 909 1003 penetralia
926 957 1068 1001 Vestae,

83 1117 152 1136 mus
167 1106 355 1137 retrahatur.
372 1108 438 1138 Nos
460 1106 492 1136 in
512 1106 656 1136 obscuris

83 1153 220 1182 vallibus
235 1154 331 1193 positi
352 1152 491 1182 vidimus
506 1159 565 1182 etc.
583 1154 656 1182 Fuit

82 1200 140 1239 qm·
151 1199 215 1229 hoc
231 1205 360 1240 negaret
372 1205 457 1229 recte
474 1198 590 1228 factum
602 1221 610 1235 ‚
625 1205 656 1228 et

81 1245 124 1275 ad
141 1244 394 1275 emendationem
416 1244 589 1285 proclivior
607 1255 654 1274 es-

81 1298 145 1328 set,
160 1291 215 1321 sub
233 1291 375 1321 collibus.
390 1309 437 1313 —
450 1290 656 1330 Expeditissi-

81 1348 170 1367 mum
188 1344 250 1374 est‚
274 1344 311 1368 ut
333 1336 477 1367 vidimus
495 1336 535 1366 ad
557 1336 655 1366 verba

80 1383 138 1412 sub
159 1383 300 1413 ‘vallibus
319 1383 513 1419 retrahatur3
535 1389 572 1412 ut
590 1383 653 1413 sit:

81 1439 159 1466 nos,
188 1437 306 1460 venatu
331 1429 465 1460 ulterius
491 1430 653 1469 provecti,

80 1476 115 1505 in
125 1475 260 1506 obscura
270 1476 350 1506 valle
360 1476 507 1506 collocati
517 1474 656 1505 vidimus

81 1531 97 1550 e
112 1521 292 1561 longinquo
311 1521 504 1552 Pallanteum
518 1522 552 1550 in
568 1520 654 1550 edito

80 1567 154 1596 loco
184 1568 334 1606 positum.
360 1584 407 1590 —
430 1567 508 1603 248.
538 1568 655 1596 Putant

80 1613 193 1653 respici
210 1612 325 1653 Odyss.
343 1609 365 1642 ὃ
374 1635 382 1650 ,
409 1614 473 1651 754
487 1623 554 1653 sqq.
573 1613 654 1642 Mox

80 1667 183 1689 certus
198 1659 288 1689 aliter
302 1669 396 1699 quam
412 1670 441 1689 v.
460 1659 504 1698 96
518 1665 549 1688 et
562 1658 652 1695 alibi;

80 1712 127 1735 est
141 1706 182 1742 is,
199 1706 252 1736 cui
267 1713 388 1734 certum
399 1728 407 1742 ‚
424 1705 585 1734 decretum
602 1705 654 1734 ali-

80 1751 159 1791 quid
179 1758 241 1787 est;
260 1750 401 1792 adeoque
418 1758 581 1787 constans,
599 1750 653 1780 fir-

81 1808 163 1834 mus,
178 1798 278 1828 sortis.

129 1843 207 1873 250.
237 1844 348 1873 Suavis
377 1843 560 1884 adspectus,
584 1850 615 1873 et
637 1854 654 1874 a

80 1899 177 1919 manu
193 1889 323 1919 artificis
337 1889 590 1927 adumbrandus,
610 1901 654 1920 se-

81 1937 129 1965 uis
155 1937 238 1965 inter
265 1936 407 1966 lacrimas
431 1936 496 1966 duo
521 1937 653 1974 juvenes

81 1988 170 2011 aetate
186 1982 334 2012 florentes
354 1984 504 2019 tenentis,
521 1983 554 2011 in
577 1992 652 2011 cou-

80 2037 166 2056 scssu
180 2035 436 2059 armatorum.·-—
449 2029 525 2059 252.
541 2027 653 2069 Digna

81 2073 162 2102 viris
186 2074 244 2104 Ed.
258 2077 285 2104 V
290 2086 339 2105 cn.
353 2077 414 2104 Pro
429 2074 574 2104 laudibus
589 2073 655 2104 istis

80 2121 254 2159 repositum
271 2120 310 2149 ab
327 2122 458 2151 Heinsio
483 2128 512 2151 et
530 2120 648 2151 Medic.

79 2167 251 2207 ceterisque
269 2168 555 2207 praestantiorum&
573 2166 650 2197 adde

709 1108 856 1144 Roman„
874 1107 1015 1147 aliosque
1034 1108 1193 1138 Pierianos
1208 1118 1280 1138 cum

708 1154 828 1183 Servio.
858 1153 947 1183 Idem
968 1153 1203 1184 hemistichium
1220 1155 1278 1184 inf.

707 1200 757 1236 X,
774 1199 851 1229 825.
870 1199 1000 1229 Editnm
1018 1199 1115 1241 vulgo
1133 1210 1216 1240 :pro
1231 1207 1279 1230 ta-

709 1244 789 1274 libus
806 1245 912 1280 ausis,
938 1245 1029 1285 quod
1047 1255 1118 1286 pars
1137 1245 1230 1277 codd.
1250 1253 1281 1276 et

708 1291 854 1321 Macrob.
864 1293 910 1321 VI
920 1313 928 1327 ‚
946 1291 966 1320 6
980 1298 1167 1331 agnoscunt.
1183 1294 1285 1322 Inter-

707 1337 852 1377 polatum
868 1347 932 1366 esse
949 1348 989 1367 ex
1003 1337 1059 1367 lib.
1076 1339 1125 1375 11,
1141 1338 1206 1368 535
1223 1337 1281 1368 ob-

708 1389 811 1413 servat
826 1384 1049 1414 Burmann.——
1062 1384 1139 1414 255.
1155 1386 1287 1426 Integer

709 1429 786 1465 aevi;
802 1436 988 1470 argutantur
1002 1431 1112 1470 Intpp.
1128 1431 1285 1460 Ascanius

709 1482 754 1505 est
784 1476 905 1516 integra
935 1482 1025 1505 aetate
1037 1498 1045 1511 ‚
1080 1475 1282 1511 adolescens,

708 1521 854 1560 inprimis
868 1528 1014 1561 respectu
1027 1521 1182 1561 parentis3
1197 1521 1284 1551 dece-

708 1565 755 1596 dit
778 1567 884 1604 annis,
905 1567 1004 1603 aetati,
1023 1568 1110 1604 vitae,
1131 1573 1282 1608 tanquam

707 1623 854 1649 summae,
879 1613 972 1642 nobis
999 1613 1182 1650 destinatae,
1210 1623 1282 1654 pars

707 1659 812 1699 aliqua
833 1660 1021 1699 quotannis,
1050 1670 1106 1689 seu
1123 1659 1284 1699 quotidie;

707 1712 743 1734 ut
773 1705 858 1745 apud
891 1707 1060 1735 Horatium
1092 1705 1260 1746 aliquoties
1274 1716 1282 1736 .-

708 1751 860 1782 11Car1n.
889 1752 924 1788 5,
952 1752 989 1781 13
1007 1761 1089 1791 sqq.;
1108 1753 1181 1793 Art.
1208 1753 1282 1790 175.

708 1798 802 1828 Pueri
815 1804 868 1827 aut
880 1797 1007 1835 juvenis
1020 1798 1053 1826 in
1068 1795 1155 1839 ἀκμῇ
1169 1799 1283 1827 consti-

708 1844 768 1873 tuti
794 1843 934 1884 quodam
964 1842 1060 1873 modo
1088 1849 1134 1873 est
1158 1853 1280 1873 summa

707 1900 863 1919 annorum
889 1890 1028 1929 integra,
1053 1887 1197 1919 nondum
1222 1890 1280 1919 im-

706 1937 840 1965 minuta.
866 1936 976 1974 Itaque
1003 1933 1035 1964 h.
1062 1934 1082 1965 l.
1107 1941 1199 1964 ornat
1215 1937 1281 1976 epi-

707 1981 837 2017 thetou3
867 1980 947 2010 nihil
975 1980 1119 2020 amplius.
1148 1983 1210 2011 Vos
1232 2000 1278 2005 —

707 2027 804 2061 Nise,
824 2026 1012 2067 complexus
1033 2026 1226 2067 Euryalum,
1245 2036 1282 2059 ut

707 2073 766 2104 inf.
785 2073 861 2104 525.
885 2075 965 2109 Vos,
983 2083 1002 2102 ο
1019 2072 1187 2113 Calliope.-
1205 2081 1279 2105 nota

704 2119 816 2161 ligura.
826 2137 869 2143 —-
878 2120 956 2159 259.
972 2119 1131 2149 Assaraci
1143 2121 1256 2150 Larem
1268 2133 1279 2156 ,-

705 2176 769 2197 non
778 2188 786 2203 ,
802 2173 951 2207 tauquam
964 2167 1133 2196 Assaracus
1143 2168 1200 2197 Lar
1215 2167 1278 2197 sue—

1230 728 1279 752 255
1328 765 1338 769 ι
