1414 2435
557 66 680 96 LIBER
703 66 745 97 X*-

59 121 121 159 Sic
141 135 294 160 cursum
312 123 352 160 in
366 122 510 160 medios
527 124 683 173 rapidus
701 125 804 161 dedit
825 140 832 162 ι
854 136 986 166 aestuat
1004 128 1134 180 ingens

13 188 20 194 '
58 182 147 217 Uno
166 182 206 218 in
224 182 340 219 corde
355 182 498 232 pudor,
518 183 713 233 mixtoque
731 184 876 223 insania
894 188 1016 236 luctu,

61 241 127 278 *Et
146 242 254 280 furiis
271 243 431 292 agitatus
451 255 573 286 amor,
593 252 632 280 et
650 244 800 281 conscia
818 245 939 284 virtus
957 248 985 283 :*

59 302 185 350 Atque
203 302 266 338 hic
284 303 428 338 AEnean
446 315 581 352 magna
600 311 657 339 ter
675 316 769 340 voce
788 305 949 342 vocaxit.

60 362 195 398 AEneas
214 361 394 411 adgnovit
412 362 530 409 enim,
548 363 730 413 laetusque
750 374 928 413 precatur
944 381 952 402 :

64 438 79 453 «
99 421 162 458 Sic
181 430 290 472 pater
308 422 370 458 ille
391 421 503 458 deum
522 423 651 470 faciat,
672 424 725 461 sic
744 425 840 461 altus
855 426 1010 474 Apollo,

54 480 219 530 Incipias
239 482 411 518 conferre
430 495 594 520 manum.
611 500 628 516 »

61 543 225 578 Tantum
244 542 398 588 effatus,
419 551 456 578 ct
475 543 609 581 infesta
626 543 727 580 subit
747 544 883 583 obvius
903 545 1022 584 hasta,

63 601 132 638 Ille
153 611 277 639 autem
299 618 307 639 ε
329 620 344 635 «
366 603 468 648 Quid
485 617 562 649 me,
582 613 732 654 erepto,
751 605 972 651 saevissime,
991 614 1098 654 nato,

65 665 224 699 Terres?
246 666 337 700 Haec
355 663 417 699 via
434 664 513 699 sola
532 664 621 710 suit,
639 677 713 713 qua
729 664 890 713 perdere
908 678 1047 714 posses.

64 725 144 760 Nec
163 733 324 761 mortem
340 723 560 770 horremus,
579 737 648 760 nec
669 724 799 760 divum
815 725 1005 773 parcimus
1024 726 1102 762 ulli.

1212 737 1259 761 880

67 783 206 821 Desine
224 798 232 819 z
249 784 327 833 jam
346 784 459 820 venio
475 784 701 828 moriturus,
722 791 760 819 et
775 783 855 819 haec
875 783 945 820 tibi
964 792 1076 833 porto

66 847 176 881 Dona
194 843 311 894 prius.
327 859 343 875 »
361 843 486 889 Dixit,
507 843 698 893 telumque
713 843 865 881 intorsit
882 844 922 880 in
938 844 1100 892 hostem3

64 903 160 940 Inde
180 903 283 941 aliud
299 916 414 954 super
431 911 544 954 atque
560 903 663 940 aliud
681 903 854 953 figitque,
874 904 1051 954 volatque

119 1033 197 1071 871.
224 1032 349 1070 Pudor,
379 1032 470 1062 furor
481 1054 490 1069 ‚
514 1031 620 1061 luctus
631 1053 639 1069 ‚

71 1089 136 1108 una
165 1086 196 1109 et
221 1079 417 1116 conjunctim
441 1078 528 1118 (hoc
556 1079 640 1108 enim

71 1130 118 1154 est
132 1135 195 1154 uno
214 1124 246 1154 in
261 1125 374 1160 corde,
393 1125 420 1153 si
441 1125 562 1163 poetice
579 1123 641 1153 hoc

70 1170 243 1210 extuleris)
268 1180 341 1199 eum
365 1169 573 1200 inflammant.
595 1187 642 1192 -—

71 1218 148 1254 872.
167 1219 286 1246 Versus
300 1215 385 1244 haud
398 1215 495 1245 dubie
513 1216 641 1253 ejicien-

72 1263 150 1300 dus;
170 1273 242 1292 nam
261 1261 443 1291 adversatur
461 1261 525 1291 loci
546 1262 642 1291 ratio-

73 1308 188 1345 nihns;
212 1315 280 1337 tum
305 1307 363 1337 inf.
381 1306 439 1336 lib.
457 1308 541 1343 ΧΠ,
561 1317 643 1337 vers.

74 1355 139 1384 668
178 1355 294 1384 iterum
333 1353 487 1388 occurrit;
517 1352 643 1382 tandem

74 1401 160 1431 deest
178 1400 212 1429 in
228 1399 452 1439 antiquissimis
468 1400 562 1429 Rom.
577 1399 645 1428 Me-

73 1447 137 1477 dic.
152 1453 180 1476 et
199 1456 215 1475 a
230 1456 273 1475 m.
291 1455 340 1485 pr.
365 1444 450 1474 Gud.
467 1445 512 1474 At
529 1445 562 1473 in
578 1445 645 1473 Me-

73 1503 144 1534 nag.
160 1491 326 1533 legebatur
340 1496 413 1530 post
422 1500 452 1519 V.
469 1489 546 1526 875.
561 1489 646 1526 Ejec-

73 1546 126 1568 tns
141 1544 187 1568 est
211 1546 340 1577 quoque
359 1545 375 1564 a
401 1534 641 1574 Cuningbamo;

73 1591 104 1614 et
129 1594 218 1614 nunc
243 1583 278 1612 in
307 1580 357 1611 ed.
384 1581 563 1617 Parmensi,
580 1587 611 1609 et
630 1590 646 1608 a

73 1627 332 1661 Wakefield—8
339 1637 354 1665 7
361 1632 392 1662 4.
401 1625 540 1668 Agnovit
547 1625 645 1663 enim,

73 1677 204 1715 utique3
229 1670 270 1706 δὴ
300 1670 363 1716 γάρ
382 1682 446 1709 τοις
469 1673 645 1702 enimvero.

77 1738 123 1745 —
135 1720 212 1758 875.
227 1720 273 1749 Ut
285 1729 372 1747 nunc
386 1719 626 1758 interpungirur
636 1740 646 1756 ,

74 1765 238 1808 jungenda
264 1770 354 1795 sunt:
377 1762 647 1804 S1'c—-faciat——-

74 1812 152 1854 (ut)
171 1809 316 1851 incipias.
334 1812 442 1840 Potest
455 1815 561 1838 tamen
577 1819 648 1839 ora-

76 1860 123 1890 tio
143 1858 249 1898 juvari
272 1866 280 1887 :
308 1854 563 1895 Sic—Apollo!
580 1853 646 1894 (sc.

76 1911 114 1935 ut
135 1911 171 1934 tu
195 1902 336 1934 conferas
356 1911 506 1937 manum,
520 1910 650 1941 congre-

78 1950 174 1981 diaris
189 1947 338 1989 mecum)
356 1947 491 1988 incipias
504 1946 648 1987 conferre

80 2007 281 2027 manum.——
296 1995 411 2025 Faxint
433 2003 509 2023 vero
528 1992 592 2029 dii,
611 1999 649 2022 ut

79 2050 185 2074 tecum
204 2041 356 2083 congredi
373 2040 481 2070 liceat!
495 2039 588 2069 Altus
604 2040 649 2068 A·

81 2089 172 2130 pollo
180 2095 233 2119 *est
242 2097 374 2129 magnus
384 2109 393 2124 ‚
407 2092 443 2116 ut
454 2086 517 2124 jam
532 2084 651 2125 aliquo-

81 2136 139 2165 ties
156 2135 279 2165 notavit
292 2135 398 2164 Maro.
411 2149 457 2155 —
468 2132 507 2170 87
516 2142 545 2170 7.
565 2130 654 2161 Subit

81 2180 144 2211 hoc
159 2180 231 2211 loco
246 2179 351 2220 simpl.
366 2179 412 2217 it,
427 2178 586 2210 occurrit:
600 2177 653 2208 ali-

272 2243 338 2278 IV.

693 1038 742 1062 ter
765 1041 800 1061 ac
818 1031 914 1062 modo
938 1042 970 1062 v.
993 1032 1070 1072 798.
1090 1033 1172 1062 Tum
1196 1031 1264 1063 hoec

693 1077 754 1107 via
775 1078 844 1107 sola
854 1077 940 1119 suit,
959 1089 1023 1118 qua
1043 1078 1177 1118 perdere
1189 1090 1265 1118 pos-

694 1134 761 1160 ses,
781 1134 823 1154 sc.
841 1130 916 1153 nato
931 1131 1040 1164 erepto
1050 1147 1059 1162 ‚
1077 1123 1137 1154 filii
1150 1131 1263 1155 morte.

693 1187 740 1193 —
763 1170 841 1200 880.
872 1171 942 1200 Nec
970 1170 1075 1200 divum
1100 1171 1265 1211 parcimus

696 1216 775 1252 ulli;
787 1223 824 1245 ut
839 1215 878 1245 ab
893 1227 931 1246 eo
944 1216 1098 1246 auxilium
1107 1224 1267 1257 exspecte-

695 1272 776 1292 muS.
806 1262 881 1291 Alio
910 1262 983 1292 loco
1005 1272 1013 1292 :
1033 1261 1115 1292 nihil
1138 1273 1173 1292 se
1191 1262 1265 1303 jam

696 1307 756 1337 diis
788 1306 908 1343 deberi,
937 1307 1048 1337 eodem
1072 1307 1136 1337 fere
1160 1318 1264 1339 sensu.

697 1355 852 1390 Parcere,
878 1363 937 1393 pro
959 1354 1080 1390 vereri,
1104 1360 1265 1391 metuere,

697 1399 838 1439 adeoque
856 1400 989 1429 omnino
1002 1409 1125 1429 curare.
1142 1401 1193 1430 Sic
1209 1400 1266 1430 Gr.

698 1442 874 1483 φείδεσται,
890 1452 920 1473 et
936 1441 1034 1484 φειδὼ
1049 1456 1109 1485 pro
1124 1455 1266 1476 cura.—

700 1489 740 1518 88
750 1500 776 1519 1.
792 1489 912 1519 Desine
924 1496 1051 1520 terrere.
1060 1507 1108 1513 —
1119 1492 1196 1521 883.
1214 1491 1266 1521 Fi-

695 1535 807 1575 gitque
825 1536 1016 1575 volutatqne
1035 1547 1046 1565 :
1064 1537 1107 1566 ita
1122 1537 1231 1566 Heius.
1252 1547 1269 1566 e

700 1579 786 1610 Gud.
800 1590 815 1609 a
830 1591 872 1610 m.
885 1591 934 1620 pr.
947 1603 955 1618 ‚
971 1581 1005 1609 in
1020 1591 1086 1620 quo
1101 1583 1205 1611 virum
1218 1584 1268 1612 in-

700 1627 865 1667 geniosum
881 1627 1097 1666 exquisitioris
1123 1627 1270 1658 lectionis

699 1671 806 1702 studio
831 1682 935 1702 auram
962 1683 1022 1713 pro
1047 1674 1178 1703 Junone
1204 1683 1268 1703 :xm-

699 1718 830 1758 plexum
843 1729 908 1748 esse
923 1718 1033 1748 nullus
1046 1718 1170 1749 dubito.
1187 1720 1267 1749 Nam

699 1765 839 1803 primum
862 1763 1001 1794 Gudiani
1021 1764 1142 1793 librarii
1161 1764 1268 1804 lapsus

701 1809 754 1838 ille
776 1816 843 1846 est,
866 1820 932 1840 non
964 1809 1060 1839 lectio
1078 1818 1087 1839 :
1107 1816 1174 1839 tum
1197 1816 1270 1849 post

691 1854 772 1897 fgft
801 1856 1023 1895 importunum
1058 1861 1104 1884 est
1141 1855 1272 1885 ‘volutat

702 1900 939 1942 ingeneigrro,
963 1899 1050 1940 quod
1068 1900 1107 1930 de
1124 1900 1211 1930 hasta
1230 1901 1269 1930 li-

701 1945 788 1975 brata
801 1947 942 1987 accipere
954 1956 1079 1977 necesse
1092 1954 1158 1984 est,
1168 1954 1202 1976 ut
1212 1957 1270 1976 vo-

701 1991 785 2021 lutat
798 1993 837 2021 sit
851 2003 912 2032 pro
921 2015 929 2030 ,
943 1992 1063 2028 volvit,
1081 2000 1174 2023 rotat.
1185 1995 1268 2023 Tan-

703 2037 773 2068 dem
787 2049 881 2068 nemo
891 2039 974 2068 dicat
983 2061 992 2075 ,
1006 2038 1085 2079 quid
1095 2039 1128 2068 in
1143 2039 1269 2080 vulgata

703 2083 868 2124 displicere
893 2086 1010 2125 possit,
1038 2094 1130 2125 quam
1162 2094 1271 2114 omnes

705 2130 799 2161 codd.
815 2132 1002 2161 vetustiores
1016 2130 1169 2161 exhibent
1186 2140 1194 2161 :
1210 2141 1270 2160 ‘1¹0-

706 2177 814 2218 Iatque
831 2176 952 2219 ingenti
968 2187 1068 2220 gyro,
1089 2175 1195 2218 qnod,
1213 2186 1271 2206 suo

1064 2240 1108 2276 13
