1414 2435
167 90 232 119 230

665 82 862 113 AENEmos
899 119 907 127 ,

167 149 243 182 Aut
256 143 395 180 habeat
410 139 551 186 victos,
572 138 681 176 cedat
699 139 859 176 Lavinia
871 139 1026 190 conjux.
1044 142 1078 173 'r‘

219 204 295 242 Olli
315 201 445 240 sedato
464 199 660 250 respondit
679 199 794 236 corde
815 200 972 237 Latinus
993 215 1002 236 ι

168 284 182 299 «
202 268 236 303 Ο
256 270 437 314 praestans
457 261 573 298 animi
588 260 758 310 juvenis,
778 269 965 310 quantum
984 262 1065 311 ipse
1088 262 1206 299 feroci

165 325 315 362 Virtute
335 333 538 371 exsuperas
550 349 560 367 ‚
581 328 686 357 tanto
705 333 766 357 me
784 321 992 371 impensius
1012 334 1162 371 aequum
1182 331 1238 359 est
1331 339 1362 357 ιο

165 384 388 428 Consulere,
409 389 522 430 atque
539 380 661 417 omnis
679 388 910 418 metuentem
928 382 1145 432 expendere
1162 396 1282 421 casus.

165 447 261 482 Sunt
278 442 349 480 tibi
364 455 480 492 regna
499 442 619 491 patris
639 440 786 487 Dauni,
805 450 892 478 sunt
909 443 1052 492 oppida
1067 453 1178 494 capta

163 505 285 541 Multa
299 515 432 549 man·u;
451 515 521 539 nec
539 513 617 538 non
637 513 850 551 aurumque
866 501 1088 552 animusque
1109 505 1247 541 Latino
1263 514 1337 551 est;

163 684 275 714 factam
305 681 369 723 (cf.
394 692 465 723 sup.
493 681 551 712 lib.
579 682 643 718 XI,
671 682 736 712 215

164 729 252 771 sqq.)
276 729 404 758 abolere
435 728 642 766 vult.-17.
669 730 738 758 Aut

163 777 216 807 ine
238 777 344 806 vineat
362 785 430 811 me,
448 785 548 814 eoque
574 776 661 814 ipsos
684 777 737 804 La-

164 824 248 853 tinos
263 823 298 852 in
311 821 463 851 ditionem
477 821 737 861 accipiat.—Vic-

165 877 212 899 tos
229 876 259 899 et
280 868 388 898 victor
407 868 549 907 agnoscit
564 866 631 896 Jul.
647 867 735 897 Sabi-

164 926 235 946 nus,
253 914 361 944 Victor
368 920 507 953 quatuor
519 914 641 943 Heinsii
656 922 663 942 ε
682 923 738 942 un-

164 961 204 992 de
221 961 275 991 ille
295 961 379 998 conj.
404 961 472 989 Aut
488 959 586 988 abeat
604 957 713 988 victor
726 969 737 988 .·

164 1015 195 1038 et
219 1014 286 1038 erat
307 1006 369 1037 hoc
394 1005 557 1035 manifeste
582 1006 737 1046 scriptum

163 1056 198 1085 in
210 1053 340 1084 Vratisl.
361 1059 392 1082 et
406 1051 464 1082 Ed.
486 1062 534 1092 pr.
552 1053 660 1081 Burin.
680 1052 737 1081 Al-

163 1100 281 1132 ludum
291 1098 414 1129 Zulich.
427 1098 552 1138 Quique
565 1097 662 1127 abeat
672 1097 738 1128 vic-

164 1156 214 1178 tor
231 1157 247 1176 a
272 1156 314 1176 m.
338 1156 386 1186 pr.
413 1145 520 1174 Abeac
544 1144 642 1175 Goth.
665 1151 736 1175 tert.

163 1193 223 1226 Sed
247 1193 314 1222 haec
338 1193 405 1232 ipsa
427 1192 625 1232 aspirationis
641 1192 734 1221 omis-

163 1242 210 1270 sio
229 1238 400 1269 mutationi
417 1239 471 1268 τοῦ
490 1237 594 1267 victos
615 1239 649 1268 in
665 1237 734 1267 vic-

163 1295 214 1316 tor
226 1287 338 1316 locum
353 1285 461 1314 fecisse
475 1285 615 1314 videtur.
633 1283 736 1314 Habet

163 1334 274 1373 utique
298 1332 450 1370 majorem
480 1333 544 1361 vim
575 1337 605 1360 et
634 1332 736 1361 Turni

163 1379 289 1410 ferociae
302 1378 398 1419 magis
412 1385 662 1408 consentaneum
673 1384 733 1409 est:

163 1433 221 1455 ant
238 1424 359 1455 habeat
385 1424 489 1454 victos
510 1435 554 1455 sc.
578 1434 637 1454 nos
652 1434 659 1454 :
676 1425 735 1454 sini

162 1483 222 1514 pro
231 1473 333 1509 victo,
348 1471 443 1501 cedat
456 1471 590 1500 Lavinia
604 1470 734 1510 consus.

163 1518 327 1558 Cedaeque
350 1517 483 1547 Lavinia
499 1527 571 1557 pars
585 1517 734 1548 codicum

162 1565 297 1595 Pierian.
310 1586 318 1600 ‚
333 1564 413 1593 sorte
428 1574 541 1593 eorum
562 1574 640 1593 ausu
653 1587 661 1601 ‚
677 1565 734 1604 qui

160 1611 294 1652 primam
325 1617 503 1650 correptam
537 1610 667 1639 mallent
700 1611 734 1639 in

163 1656 310 1687 Lavinia.
327 1656 412 1686 conf.
433 1666 503 1696 sup.
520 1655 557 1684 nd
575 1656 630 1686 lib.
649 1657 710 1685 vn
723 1679 731 1692 ‚

162 1704 240 1743 359.
258 1701 432 1732 Laurentia
448 1701 569 1743 conjux
586 1704 696 1733 Franc.

213 1750 265 1779 18.
280 1750 442 1779 Decorum
460 1750 559 1778 oetatis
570 1771 579 1785 ,
595 1747 628 1778 τὸ
645 1744 732 1783 ἦθῡς.

160 1797 194 1826 in
209 1796 310 1826 Latini
326 1805 472 1825 sermone
483 1817 491 1829 ,
502 1794 563 1824 hoc
580 1800 625 1824 est
637 1817 644 1830 ‚
659 1805 735 1836 pru·

160 1842 266 1873 demin
278 1864 287 1878 ‚
303 1841 480 1871 moderatio
503 1847 533 1870 et
552 1841 663 1871 lenitas
674 1864 683 1879 ,
699 1843 733 1872 in

161 1889 270 1919 oculos
294 1889 532 1917 incurrunt.—
547 1898 596 1927 ¹9·
619 1889 731 1928 Quan-

161 1945 225 1966 mm
254 1935 319 1975 ipse
349 1940 460 1964 ornate
476 1943 483 1964 :
505 1945 571 1974 quo
599 1934 734 1965 ferocior

162 1990 198 2011 tu
222 1993 273 2017 es,
299 1992 337 2012 eo
360 1980 457 2020 magis
485 1988 733 2011 consentaneum

161 2035 205 2057 est
231 2035 290 2058 etc.
319 2029 366 2057 Ex
387 2027 466 2057 Attii
497 2028 658 2069 Antigone
679 2038 734 2057 ex-

165 2085 267 2114 pressa
283 2074 351 2103 vnit
369 2074 515 2104 Mam-ob.
527 2075 586 2110 Vl,
609 2085 626 2103 ⁴2
639 2097 647 2111 ,
663 2084 733 2115 png.

168 2121 230 2155 545
249 2123 376 2159 Quanto
393 2119 495 2160 magis
517 2127 546 2149 te
561 2120 739 2150 ''stitlstmdt'

165 2177 231 2196 esu*
243 2166 402 2206 intelligo,
418 2169 522 2196 Tamo
533 2189 540 2201 ‚
556 2166 733 2209 Antigona,

169 2211 271 2254 magis
291 2222 339 2241 mc
350 2222 415 2252 par
432 2220 478 2241 cst
493 2212 550 2242 eibi
564 2213 736 2244 consulere

790 689 824 712 et
829 692 1030 723 partem.·-
1042 693 1096 713 22.
1112 683 1194 712 Sum
1202 683 1305 714 tihi....
1319 684 1368 714 Si-

791 739 832 758 ne
851 740 901 759 me
912 742 924 766 ;
943 730 1011 760 haec
1022 729 1187 770 jungenda
1206 729 1244 759 ad
1260 730 1366 761 absol-

789 775 926 806 vendam
957 777 1155 807 sententiam.
1171 776 1291 807 Canide
1318 787 1365 807 se-

788 831 854 850 nex
873 824 1003 852 Latinus
1030 833 1064 852 ea
1092 823 1274 863 pra‘mittit‚
1294 833 1366 863 quae

790 866 933 897 dolorem
962 876 993 898 et
1015 869 1092 897 iram
1111 869 1212 897 lenire
1230 870 1363 908 possint.

790 913 894 943 Habes
921 925 1054 955 regnum
1074 921 1258 954 paternum,
1274 916 1365 953 cnjus

789 959 869 989 ditio
886 971 990 1001 nuper
1009 962 1107 1001 captis
1132 960 1256 1000 aliquot
1271 962 1363 1001 oppi-

790 1005 838 1036 dis
863 1014 954 1037 aucta
982 1014 1047 1044 est;
1070 1007 1147 1036 mihi
1176 1017 1288 1037 aurum
1319 1015 1365 1037 est

790 1052 802 1092 (
815 1059 851 1082 ut
866 1064 938 1093 sup.
957 1056 1002 1084 xl
1014 1076 1022 1091 ‚
1043 1064 1060 1083 2
1070 1064 1080 1082 1
1090 1056 1108 1084 3
1121 1053 1296 1093 proedivitis
1311 1064 1363 1082 m·-

791 1099 828 1128 be
851 1099 1002 1140 Latini),
1018 1107 1050 1129 et
1068 1101 1193 1129 animus
1210 1100 1364 1142 largiendi

792 1145 850 1176 tibi
865 1153 1021 1185 quantum
1041 1147 1115 1176 satis
1131 1152 1196 1182 est3
1215 1147 1247 1177 b.
1265 1148 1291 1176 si
1307 1157 1364 1176 au-

790 1203 862 1222 rum
878 1193 1008 1233 insuper
1027 1194 1117 1234 cupis
1129 1215 1137 1229 ‚
1155 1192 1288 1224 habebis
1301 1192 1335 1222 id
1346 1203 1365 1223 a

788 1250 849 1269 me.
866 1256 912 1262 -—
932 1240 985 1269 23.
1023 1239 1162 1269 Animus
1189 1250 1365 1281 aurumque

789 1285 914 1316 Zulicb.
930 1293 960 1316 et
980 1286 1087 1316 Gifan.
1112 1285 1184 1317 Ind.
1206 1288 1330 1317 Luci-et.
1345 1297 1363 1316 e

791 1332 911 1369 Codd.,
930 1339 997 1362 tum
1017 1332 1161 1374 plerique
1184 1333 1271 1374 apud
1294 1333 1362 1363 Pie-

790 1379 885 1410 rium.
906 1381 945 1408 In
963 1379 1074 1410 iisdem
1093 1381 1188 1410 estin
1204 1379 1270 1410 fine
1288 1378 1363 1408 sub-

787 1426 928 1464 jectum,
946 1425 1034 1466 quod
1052 1426 1092 1456 ab
1108 1426 1177 1456 aliis
1195 1426 1293 1456 abest.
1313 1427 1364 1457 Ja-

789 1472 890 1503 cobus
923 1474 1060 1513 Bryant,
1101 1479 1213 1502 acutus
1243 1471 1361 1511 judex.

788 1519 928 1548 haerebat
951 1520 986 1548 in
1015 1519 1115 1549 altero
1137 1518 1363 1548 hemistichio:

789 1575 914 1594 necnon
954 1575 1132 1604 aurumque
1172 1564 1362 1604 animusque

788 1611 903 1640 Latino
913 1634 922 1646 ,
939 1610 1026 1651 quod
1040 1621 1128 1641 nune
1140 1618 1269 1651 repente
1282 1610 1321 1641 de
1330 1621 1363 1639 se

787 1659 934 1693 Latinus,
950 1664 979 1687 et
991 1657 1119 1698 quidem
1133 1667 1173 1687 ex
1189 1658 1280 1687 tertia
1295 1667 1363 1698 per-

787 1714 863 1733 sona
875 1726 883 1739 ‚
901 1703 1044 1744 loquitur
1060 1714 1067 1735 z
1085 1711 1139 1734 ant
1157 1705 1265 1744 itaque
1282 1702 1363 1733 iliud

787 1749 978 1788 ejiciendum
988 1758 1093 1780 censet
1102 1757 1253 1791 tanquam
1263 1749 1364 1780 alinu-

787 1795 826 1826 de
843 1796 987 1832 illatum,
1011 1804 1064 1826 aut
1092 1796 1264 1838 legendum
1290 1795 1364 1824 auri

788 1842 979 1884 argentique
1010 1843 1144 1873 talenta.
1169 1843 1218 1873 De
1244 1841 1362 1882 opibus

787 1896 892 1920 tamen
911 1890 1015 1920 Turni
1034 1890 1141 1919 minus
1158 1888 1239 1918 hene
1254 1898 1359 1928 agere·

788 1943 862 1967 tur:
883 1946 1018 1976 quarum
1037 1935 1090 1965 hic
1113 1933 1222 1964 nullus
1238 1944 1360 1975 respec-

788 1990 838 2012 ms
853 1993 919 2012 eme
933 1983 1049 2022 potuit.
1059 1998 1106 2004 —
1119 1980 1270 2016 Animus,
1287 1991 1362 2021 pro-

788 2038 885 2069 pensa
906 2027 1062 2057 voluntas.
1082 2029 1163 2057 Sunt
1186 2027 1254 2057 nliae
1268 2027 1360 2068 puel-

788 2075 828 2104 lae
843 2075 904 2104 tuis
915 2074 1034 2113 nuptiis
1048 2083 1113 2103 non
1128 2073 1281 2115 iudignzm
1293 2084 1360 2104 ver-

791 2120 833 2150 bo
847 2119 960 2150 adsunt
985 2121 1091 2149 omnia
1103 2142 1111 2152 .
1129 2130 1201 2160 quae
1218 2120 1361 2151 modern-

791 2167 830 2196 tis
846 2167 928 2196 votis
952 2166 1130 2196 satisfacere
1149 2169 1287 2207 possint3
1306 2166 1362 2196 sed

790 2223 869 2243 meae
877 2211 952 2244 filiae
962 2214 1113 2255 conjugio
1125 2214 1221 2255 potiri
1231 2223 1296 2245 non
1306 2222 1361 2254 po·
