1414 2435
524 88 583 118 AD
607 87 772 118 LIBRUM
798 88 854 118 1x.
1227 91 1290 130 309

639 190 757 197 ———

423 277 521 330 EX
537 276 845 331 CURSUS
885 277 952 328 ΙΙ.

89 418 295 460 Narrata
324 415 383 460 de
407 418 563 460 AEnea
588 426 633 460 et
654 415 880 470 Anchise,
909 424 1016 459 ante
1040 412 1148 458 bella·
1184 416 1289 457 Tro-

503 494 619 553 jam'
640 503 861 554 tempora.

138 643 207 674 Lib.
230 644 294 681 Ix,
321 643 405 681 263,
428 644 493 679 264
519 643 605 673 Bina
626 644 709 674 dabo
731 649 866 685 argento
885 641 1033 684 perfecta
1056 649 1152 682 atque
1177 650 1291 681 aspera

91 697 189 739 signis
200 697 339 734 Pocula,
353 697 477 728 devicta
487 699 619 740 genitor
632 709 704 739 quae
716 698 798 739 cepit
811 698 938 728 Arisba.
954 697 1007 727 Ad
1022 707 1070 726 res
1083 702 1156 725 ante
1170 695 1291 725 bellum

92 753 264 790 Trojanum
278 758 392 793 gestas,
409 740 552 793 adeoque
567 753 607 782 ad
628 749 669 782 τὰ
688 749 886 795 προομηρικὰ
901 752 964 782 hoc
981 740 1141 791 imminere
1155 751 1191 779 iu
1208 748 1293 778 uotis

90 805 250 846 professus
264 816 351 843 sum3
371 816 462 842 nam,
480 806 566 845 quod
583 808 617 835 in
635 807 745 837 Servio
759 816 800 836 ex
815 805 954 836 obscuro
970 804 1100 834 homine
1115 803 1242 834 Abante
1263 801 1292 832 ἐν

89 858 150 893 τοῖς
167 858 314 900 Τρωϊκοῖς
328 858 457 888 allatum
471 865 517 889 est
531 870 547 888 e
563 858 679 889 fabulis
693 859 767 889 inde
781 859 822 889 ab
841 858 970 889 excidio
985 858 1183 895 memoratis,
1199 862 1292 897 poeta

88 912 244 952 respicere
258 922 326 942 non
339 913 447 953 potuit
461 922 469 943 ε
485 913 606 953 quippe
623 914 678 953 qui
693 915 824 943 AEneam
839 913 944 943 statim
959 923 976 942 a
992 917 1080 953 capta
1094 910 1175 941 urbe
1193 909 1292 940 disce-

90 965 163 996 dere
179 966 288 1004 jussit,
304 976 364 995 nec
380 967 415 996 in
430 966 554 996 Troade
570 977 670 996 novas
686 978 735 997 res
753 967 871 997 moliri.

134 1021 256 1049 Verum
281 1029 389 1048 rerum
409 1025 482 1049 ante
506 1019 628 1049 bellum
649 1021 825 1057 Trojanum
847 1025 1006 1060 gestarum
1025 1019 1157 1048 omnino
1180 1018 1295 1048 obscu-

91 1073 156 1102 rior
178 1079 225 1102 est
250 1073 419 1109 memoria,
443 1082 538 1112 quam
562 1083 691 1109 earum,
712 1083 783 1112 quae
807 1072 921 1102 urbem
946 1078 1066 1112 captam
1089 1077 1292 1112 exceperunt.

89 1125 178 1158 Nihil
197 1126 278 1156 forte
301 1125 570 1164 desideraremus,
593 1127 618 1156 si
637 1126 775 1156 Carmen
804 1126 954 1167 Cyprium
973 1133 1160 1167 superesset.
1182 1126 1293 1166 Neque

90 1181 187 1221 igitur
202 1179 333 1221 indigne
351 1179 489 1209 feremus
500 1203 508 1217 ‚
523 1181 549 1209 si
566 1179 605 1210 de
624 1187 715 1221 capta
733 1181 773 1210 ab
787 1181 927 1211 Anchise
941 1180 1056 1210 Arisba
1071 1179 1152 1210 nihil
1167 1179 1295 1209 aliunde

90 1234 250 1269 innotuit3
274 1232 355 1262 adeo
382 1239 420 1262 ut
441 1232 583 1263 dubitari
608 1245 738 1275 quoque
754 1234 870 1275 possit,
890 1235 971 1263 sitne
993 1233 1125 1264 Troadis
1143 1244 1185 1263 an
1202 1233 1294 1263 Lesbi

88 1287 165 1316 urbs
183 1286 246 1316 hoc
261 1286 333 1316 loco
350 1286 567 1327 intelligenda.
586 1289 686 1318 Misso
703 1295 808 1317 tamen
822 1288 899 1325 hoc,
917 1286 1177 1328 quandoquidem
1199 1286 1295 1316 semel

89 1341 123 1370 in
136 1340 218 1370 hanc
235 1340 442 1380 quaestionem
457 1341 643 1378 incidimus,
662 1351 717 1382 age
740 1341 905 1371 videamus
919 1341 976 1370 alia
987 1363 995 1378 ‚
1015 1350 1087 1381 quae
1101 1339 1140 1369 de
1153 1342 1250 1369 AEuea
1264 1346 1296 1368 et

90 1393 232 1425 Anchise
254 1400 325 1424 ante
341 1394 417 1423 belli
435 1395 568 1433 Trojani
583 1401 743 1435 tempora,
761 1406 832 1435 quae
851 1397 1011 1425 Homerus
1030 1394 1150 1434 attigit,
1170 1399 1294 1423 narrata

91 1448 172 1478 forte
186 1447 318 1488 reperiri
330 1454 464 1488 possunt
479 1457 487 1477 ε
503 1447 705 1478 absolvemus
726 1450 771 1478 sic
786 1459 914 1479 omnem
930 1457 1036 1477 rerum
1055 1448 1162 1477 AEneae
1177 1457 1295 1477 memo-

92 1501 169 1530 riam
184 1501 220 1530 iu
234 1500 283 1530 his
298 1500 496 1530 Excursibus
511 1501 626 1541 passim
643 1502 830 1542 expositam.

139 1556 185 1585 Ut
207 1554 307 1594 igitur
330 1555 474 1584 omittam
499 1555 571 1592 illa,
583 1565 671 1596 ‹quae
689 1555 728 1585 de
749 1555 899 1586 Anchisae
921 1555 1019 1595 stirpe
1038 1564 1055 1583 a
1074 1553 1224 1584 Dardano
1239 1564 1296 1595 per

91 1610 223 1645 Troem,
239 1608 425 1637 Assaracum
434 1629 442 1645 ‚
459 1608 572 1650 Capyn
587 1608 679 1639 ducta
688 1632 696 1648 ,
714 1616 783 1639 tum
797 1609 836 1640 de
849 1611 956 1639 AEneae
969 1608 1127 1638 natalibus
1141 1618 1181 1637 ex
1193 1609 1297 1638 Vene-

93 1663 136 1691 ris
153 1668 185 1692 et
206 1661 354 1692 Anchisae
377 1673 548 1704 congressu
575 1665 649 1694 satis
668 1671 743 1694 nota
765 1670 849 1694 sunt.
874 1663 939 1693 vid.
958 1662 1049 1693 Iliad.
1069 1673 1102 1701 u,
1128 1668 1194 1698 214
1213 1673 1296 1703 sqq.,

92 1715 202 1755 ibique
217 1713 321 1745 Schol.
338 1725 378 1744 ex
393 1716 558 1755 Acusilao,
575 1719 696 1759 Hymn.
713 1719 749 1748 in
766 1720 941 1754 Venerem,
956 1724 988 1746 et
1003 1717 1043 1746 cf.
1061 1715 1214 1756 Apollod.
1231 1716 1296 1751 ΙΙΙ,

98 1780 109 1798 1
120 1779 136 1798 2
148 1791 156 1805 ‚
175 1778 192 1797 2
209 1777 283 1797 cum
297 1769 389 1798 Notis
399 1791 407 1806 ‚
423 1775 455 1798 et
467 1769 624 1800 Meziriac
637 1771 677 1800 ad
692 1771 788 1802 Ovid.
803 1770 936 1800 Heroid.
952 1772 985 1800 P.
1000 1771 1049 1807 ΙΙ,
1063 1780 1095 1809 p.
1116 1775 1196 1805 1423
1214 1778 1298 1798 com-

92 1821 276 1852 memorabo
304 1820 442 1862 reliqua,
468 1823 585 1862 partim
609 1825 716 1854 miuus
744 1824 857 1860 obvia,
880 1824 996 1863 partim
1025 1821 1063 1851 ad
1085 1821 1296 1862 Virgilianum

94 1887 218 1906 carmen
236 1877 369 1917 propius
389 1877 574 1916 spectantia.

140 1932 271 1961 AEneam
294 1930 467 1971 Trojcznum
488 1930 698 1972 appellatum,
724 1931 829 1970 Trojae
847 1940 976 1972 quoque
996 1930 1125 1960 domum
1145 1929 1297 1960 Anchisoe

94 1983 264 2014 incoluisse
278 1983 335 2014 lib.
351 1985 400 2022 11,
420 1995 485 2024 299
506 1984 698 2015 audivimOE.
715 1986 761 2015 Eo
779 1991 884 2015 tamen
898 1995 966 2014 nou
979 1985 1040 2014 nisi
1056 1983 1117 2014 sub
1133 1983 1210 2013 belli
1222 1985 1298 2014 Tro-

92 2039 159 2076 jani
173 2045 299 2079 tempus
313 2037 477 2069 devenisse
496 2038 659 2080 putandus
674 2045 719 2068 est
738 2049 746 2070 :
765 2039 957 2069 Dardanum
972 2038 1085 2068 urbem
1102 2036 1156 2067 ille
1171 2037 1298 2068 tenebat

94 2090 182 2119 haud
195 2090 290 2131 longe
304 2091 343 2121 ab
363 2091 422 2122 Ilio
439 2092 595 2129 dissitam3
610 2091 787 2122 Dardanios
801 2101 930 2133 quoque
946 2090 1143 2122 adduxerat:
1157 2089 1247 2121 Iliad.
1264 2089 1296 2129 β,

100 2145 178 2184 819.

141 2196 268 2228 Natales
283 2204 388 2229 tamen
408 2198 475 2237 ejus
494 2198 532 2228 ad
548 2204 690 2229 montem
713 2197 818 2237 Idam,
839 2197 895 2239 qui
908 2197 1097 2228 imminebat
1110 2197 1200 2237 urbi,
1217 2198 1296 2228 refe-
