1414 2435
569 82 691 112 LIBER
714 83 772 114 IX.
1225 85 1245 113 6
1253 94 1265 113 1

84 138 243 176 Turbati
262 138 388 177 subito
405 139 581 177 AEneadae
602 153 610 174 :
632 148 711 176 tum
728 140 919 180 Pandarus
937 143 1067 193 ingens
1226 151 1275 185 73⁵

83 199 250 247 Emicat,
271 207 308 237 et
323 199 455 236 mortis
474 201 649 238 fraternae
667 202 834 240 fervidus
852 204 908 241 ira

86 259 234 297 Effatur
250 274 258 296 :
280 276 294 294 «
313 263 401 298 Non
419 259 500 297 haec
517 261 651 300 dotalis
670 261 774 312 regia
792 265 957 311 Amatae,

85 323 166 358 Nec
184 320 301 358 muris
321 319 474 357 cohibet
492 321 624 370 patriis
643 322 767 358 media
784 323 911 360 Ardea
929 320 1109 362 Turnum.

87 383 218 418 Castra
236 380 387 418 inimica
407 380 529 428 vides;
545 381 648 418 nulla
662 381 751 418 hinc
770 383 873 420 exire
893 392 1068 434 potestas.
1088 400 1103 417 ³>

88 441 164 478 Olli
183 440 383 479 subridens
399 442 528 480 sedato
547 451 701 492 pectore
720 445 869 482 Turnus
886 459 894 481 ε
1226 455 1273 486 74ο

87 517 102 534 n
118 501 266 551 Incipe,
285 502 316 539 si
337 516 411 552 qua
431 503 555 539 animo
572 503 710 548 virtus,
730 513 768 540 et
783 515 938 540 consere
955 503 1143 549 dextram3

86 561 160 599 Hic
178 563 291 599 etiam
309 563 505 600 inventum
524 563 672 599 Priamo
689 562 861 600 narrabis
875 563 1071 600 Achillem.
1090 578 1105 595 »

86 622 256 660 Dixerat.
277 622 343 659 Ille
361 622 495 659 rudem
515 622 625 661 nodis
645 632 681 660 et
697 623 837 660 cortice
855 623 974 659 crudo

86 685 288 731 Intorquet
304 683 458 719 summis
480 682 639 720 adnixus
654 682 801 720 viribus
817 682 974 719 hastam.

86 743 281 791 Excepere
300 754 402 777 aurae
421 741 573 786 volnus,
594 742 771 778 Saturnia
787 746 887 780 Juno
984 735 988 738 ’
1230 749 1277 782 745

89 800 259 838 Detorsit
273 800 427 837 veniens
434 813 445 846 ;
462 809 660 848 portaeque
679 800 848 848 infigitur
866 801 985 838 hasta.

92 879 106 896 «
124 864 175 898 At
193 873 270 898 non
289 860 363 897 hoc
384 860 518 906 telum,
538 872 622 896 mea
641 858 744 908 quod
762 859 801 895 vi
821 859 976 897 dextera
994 869 1138 907 versat,

90 921 277 970 Effugies3
297 932 421 970 neque
441 919 539 955 enim
558 918 590 956 is
608 919 672 956 teli
691 932 760 955 nec
777 919 941 956 volneris
959 922 1102 957 auc'tor.
1121 937 1135 953 »

91 983 154 1019 Sic
173 982 241 1028 ait,
261 989 299 1018 et
317 980 507 1018 sublatum
528 979 600 1016 alte
620 980 813 1029 consurgit
828 980 868 1016 in
887 992 1031 1026 ensem,

89 1044 137 1079 Et
155 1041 318 1078 mediam
337 1041 439 1078 ferro
460 1039 607 1090 gemina
622 1039 721 1076 inter
740 1048 912 1089 tempora
929 1040 1090 1077 frontem
1235 1048 1282 1081 7⁵⁰

89 1101 255 1148 Dividit,
272 1101 510 1151 inpubesque
528 1099 670 1137 inmani
687 1099 841 1137 volnere
859 1100 985 1138 malas.

92 1162 153 1199 Fit
169 1174 283 1199 sonus
301 1176 309 1198 :
329 1161 473 1211 ingenti
491 1173 672 1198 concussa
691 1168 746 1197 est
764 1159 932 1210 pondere
952 1160 1071 1198 tellus.

92 1222 297 1271 Conlapsos
313 1230 416 1258 artus
435 1230 548 1271 atque
567 1233 670 1257 arma
686 1229 841 1257 cruenta
863 1219 1022 1256 cerebro

95 1281 237 1319 Sternit
254 1280 360 1317 humi
376 1280 560 1326 moriens,
579 1288 691 1329 atque
710 1280 764 1316 illi
783 1278 954 1329 partibus
973 1279 1090 1329 aequis

94 1344 180 1379 Huc
199 1349 313 1391 caput
332 1349 445 1390 atque
465 1340 553 1376 illuc
568 1339 728 1376 humero
744 1353 792 1375 ex
810 1348 974 1388 utroque
989 1338 1180 1389 pependit.
1238 1346 1285 1380 755

144 1401 363 1452 Diffugiunt
380 1400 480 1438 versi
502 1399 650 1450 trepida
671 1399 872 1436 formidine
891 1401 1026 1445 Troes,

95 1466 159 1510 Et,
179 1462 210 1500 si
232 1461 413 1498 continuo
431 1460 616 1497 victorem
635 1471 679 1496 ea
696 1471 786 1495 cura
806 1457 984 1504 subisset,

97 1526 291 1572 Rumpere
308 1520 471 1558 claustra
489 1532 622 1565 manu,
642 1519 839 1568 sociosque
857 1518 1045 1555 inmittere
1060 1517 1198 1567 portis,

94 1582 258 1621 Ultimus
276 1581 339 1619 ille
359 1580 439 1618 dies
457 1579 557 1618 bello
574 1579 752 1630 gentique
772 1578 919 1624 fuisset3

133 1730 346 1771 737.Dotal1's
355 1730 455 1772 regia,
465 1732 669 1761 Laurentum.
723 1729 778 1760 lud
801 1730 920 1770 possis3
942 1730 1040 1759 immo
1058 1739 1134 1759 vero
1156 1728 1292 1759 infertur

100 1796 146 1802 --
162 1785 238 1817 742·
256 1780 299 1808 Ut
314 1776 395 1807 illud
411 1778 459 1813 11,
475 1777 540 1816 549
556 1775 673 1817 reseres
725 1776 824 1805 telum
842 1781 874 1804 et
890 1775 1007 1804 vulnus
1030 1785 1046 1803 a
1070 1776 1140 1804 viro
1159 1775 1291 1804 fortissi-

100 1835 176 1867 ergo
189 1823 256 1854 haec
267 1825 528 1864 Degeneremque
537 1823 674 1861 Neopto·
725 1831 788 1851 mo.
798 1838 845 1844 -—
857 1832 872 1858 7
881 1821 898 1850 5
903 1826 933 1855 4.
948 1819 1074 1849 Vulnus
1092 1820 1185 1860 quale
1207 1819 1292 1860 apud

99 1871 216 1901 Iemum
228 1879 363 1899 narrare
374 1867 671 1905 wemmam—745.
726 1866 878 1906 Apollon.
890 1867 932 1902 11,
948 1870 1022 1901 104,
1038 1871 1068 1894 et
1083 1865 1168 1905 apud
1180 1867 1295 1896 Home-

100 1919 183 1947 Juno
199 1915 338 1946 detorsit.
354 1915 480 1944 Praeivit
493 1913 673 1954 exemplum
726 1923 796 1941 rum
811 1911 895 1941 haud
911 1921 977 1941 uno
989 1911 1072 1941 loco.
1082 1928 1128 1934 —
1140 1912 1216 1950 757.
1230 1908 1294 1942 Καὶ

102 1963 263 2004 Apollinis
283 1960 373 1992 Iliad.
396 1961 411 1990 θ
423 1983 431 1998 ,
459 1961 498 1990 31
509 1971 521 1990 1
534 1983 542 1997 ,
559 1967 591 1989 et
610 1960 673 1990 Mi·
727 1957 760 1988 νύ
777 1968 827 1987 κεν
846 1956 974 2000 ἔπρησεν
991 1953 1065 1998 πυρὶ
1081 1964 1141 1987 etc.
1158 1956 1246 1987 Iliad.
1260 1957 1294 1994 θ,

102 2019 208 2039 nervae
235 2008 326 2038 Iliad.
354 2017 390 2045 υ,
418 2006 482 2042 438
511 2017 599 2046 sqq.,
618 2005 676 2034 nbi
730 2015 792 2042 217
814 2015 860 2044 sq.
876 2027 884 2042 ‚
913 2010 944 2033 et
964 2003 1021 2032 alia
1042 2003 1185 2044 exempla
1205 2002 1294 2033 Iliad.

103 2054 160 2085 dea
175 2056 255 2096 πνοῇ
269 2049 333 2088 ἧκα
349 2051 436 2096 μάλα.
453 2049 576 2093 ψύξασα
590 2061 676 2081 aver·
729 2061 765 2087 σ,
785 2051 848 2086 454
861 2073 869 2087 ,
890 2057 922 2080 et
938 2059 958 2090 φ
970 2071 978 2086 ,
996 2049 1072 2085 544.
1089 2051 1120 2079 Si
1136 2050 1295 2079 meminis-

104 2101 142 2130 tit
157 2101 257 2131 telum
269 2101 416 2130 Hectoris
431 2098 470 2129 ab
483 2097 619 2129 Achille.
630 2115 674 2121 —-
729 2104 773 2126 set
789 2099 916 2126 Turnus
934 2101 1058 2136 portam
1083 2096 1175 2125 castri
1192 2096 1298 2134 Troja—

108 2146 184 2184 748.
199 2148 313 2187 Neque
329 2146 412 2176 enim
429 2145 455 2175 is
468 2144 525 2174 celi
536 2155 594 2174 nec
605 2144 677 2174 ‘vul-
728 2143 764 2172 ni
785 2143 935 2172 revellere
945 2165 953 2179 ‚
970 2141 1008 2171 ad
1034 2151 1108 2171 suos
1131 2141 1297 2171 admitten-

109 2192 190 2222 neris
208 2199 337 2230 auctor,
363 2198 400 2222 ut
426 2198 461 2222 tu
478 2191 616 2232 effugere
638 2190 675 2220 il·
731 2189 803 2227 dos,
829 2195 964 2219 castrum
992 2193 1119 2229 captum
1149 2187 1258 2218 fuisset
1279 2196 1294 2214 a

262 2257 326 2290 IV.
1141 2252 1163 2286 6
