1414 2435
151 78 211 106 172

644 64 841 94 AENEIDOS

144 123 329 161 Invidisse
349 121 458 166 deos,
479 119 610 169 patriis
626 129 672 158 ‚ut
692 119 862 156 redditus
883 120 958 156 aris

144 183 370 232 Conjugium
392 188 583 230 optatum,
602 188 639 216 et
658 180 856 230 pulchram
877 179 1070 229 Calydona
1086 180 1275 218 viderem!
1293 199 1342 223 270

143 245 253 279 Nunc
273 241 385 277 etiam
405 239 582 276 horribili
599 239 684 276 visu
703 249 878 289 portenta
897 248 1126 289 sequuntur,

142 304 188 338 Et
207 301 299 337 socii
321 300 447 336 amissi
466 301 658 350 petierunt
679 299 820 336 aethera
840 300 992 349 pennis,

141 359 454 409 Fluminibusque
471 369 659 410 vagantur
681 372 786 404 aves,
807 359 883 395 heu
903 359 985 396 dira
1003 373 1175 411 meorum

140 421 355 470 Supplicia!
374 429 411 457 et
429 420 605 470 scopulos
625 419 832 456 lacrimosis
853 419 1011 457 vocibus
1030 421 1187 470 inplent.

140 482 233 517 Haec
253 479 347 516 adeo
365 492 412 515 ex
432 479 497 515 illo
517 479 612 515 mihi
627 480 706 528 jam
725 478 912 527 speranda
932 479 1086 515 fuerunt
1295 489 1342 521 275

139 543 346 589 Tempore,
364 553 482 589 quum
503 540 604 575 ferro
625 539 789 575 coelestia
809 551 972 588 corpora
990 539 1142 585 demens

139 599 314 648 Adpetii,
335 608 372 635 et
390 598 549 635 Veneris
568 598 710 634 violavi
730 598 886 635 volnere
907 597 1091 634 dextram.

137 660 196 694 Ne
215 670 327 703 vero,
347 671 395 694 ne
413 671 472 693 me
492 657 539 694 ad
560 658 651 694 tales
671 657 839 706 inpellite
859 670 1003 707 pugnas
1022 672 1031 692 :

138 720 219 754 Nec
237 717 331 753 mihi
350 730 437 753 cum
455 717 611 753 Teucris
630 718 748 753 ullum
769 727 855 766 post
875 726 983 753 eruta
1000 716 1141 753 bellum

139 780 340 826 Pergama,
360 790 429 812 nec
445 785 617 813 veterum
635 777 808 820 memini,
831 776 984 812 laetorve
1004 777 1202 814 malorum.
1294 787 1341 810 ²80

138 838 320 880 Munera,
338 847 422 884 quae
442 834 573 884 patriis
594 834 641 870 ad
662 847 721 870 me
741 835 899 883 portatis
920 833 967 870 ab
988 835 1083 879 oris,

138 895 284 934 Vertite
302 894 349 933 ad
366 896 511 932 AEnean
528 909 536 932 ;
557 893 728 932 stetimus
747 893 820 931 tela
840 906 973 943 aspera
993 902 1143 939 contra,

136 1032 203 1052 rem
221 1022 325 1060 Trojae
338 1021 460 1051 insidiis
475 1022 600 1061 excepit
620 1021 709 1051 adul-

134 1075 193 1099 ter.
219 1066 390 1109 Magnifice
413 1068 519 1097 verbis
542 1069 709 1097 ornatum!

134 1113 302 1143 Subsidere
320 1113 359 1143 de
375 1113 498 1143 insidiis
511 1135 519 1150 ‚
534 1124 574 1142 ex
590 1114 709 1152 quibus

134 1159 248 1199 aliquis
277 1169 318 1188 ex
342 1160 515 1198 improviso
546 1158 706 1196 adoritur,

132 1204 255 1234 invadit
268 1211 298 1234 et
311 1205 471 1244 intercipit
484 1215 561 1234 rem.
572 1222 616 1227 -—
629 1205 705 1244 269,

135 1260 214 1288 270.
231 1249 382 1279 Invidisse
405 1250 479 1279 deos
501 1261 545 1280 sc.
571 1261 610 1279 an
628 1251 706 1280 refe-

132 1296 220 1325 ram?
235 1298 272 1325 P.
289 1295 460 1334 Calydona
473 1296 629 1325 viderem.
646 1297 706 1325 Hic

131 1342 182 1370 sui
198 1351 264 1371 non
279 1342 352 1370 satis
377 1351 500 1370 memor
521 1341 582 1371 fuit
602 1343 705 1372 Maro.

131 1388 236 1427 Argos
259 1386 361 1416 redire
383 1387 554 1416 Diomedes
575 1387 706 1424 debuit,

130 1433 249 1472 quibus
276 1432 446 1472 regnabat,
475 1439 506 1462 et
535 1433 591 1462 ubi
622 1443 707 1462 uxor

131 1478 284 1519 degebat,
298 1478 385 1507 unde
406 1479 513 1517 copias
533 1478 703 1516 eduxerat,

131 1533 198 1553 non
211 1523 357 1553 AEtotiam
368 1546 376 1560 ‚
397 1523 481 1553 unde
498 1534 598 1564 genus
611 1524 706 1553 duce-

129 1568 184 1599 bat
199 1579 206 1599 :
222 1570 368 1608 inprimis
391 1580 464 1598 cum
487 1579 557 1609 sup.
583 1580 613 1599 v,
639 1571 704 1604 243

129 1614 249 1656 Argiva
263 1622 368 1644 castra
380 1621 590 1645 memorasset.
602 1616 706 1644 Etiam

130 1662 288 1691 Homerus
313 1660 428 1701 Otlyss.
445 1672 477 1704 γ,
506 1661 568 1690 180
580 1683 588 1696 ‚
620 1671 630 1689 1
641 1662 656 1689 3
668 1672 678 1690 1
695 1684 703 1698 ‚

134 1707 196 1736 182
227 1706 364 1735 reditum
391 1707 431 1736 ad
456 1708 561 1747 Argos
590 1706 704 1737 diserte

129 1759 292 1782 memorat.
305 1754 436 1782 Rectius
449 1752 597 1789 Ovidius,
608 1763 704 1793 quein

129 1798 196 1828 haec
226 1805 297 1827 ante
329 1799 438 1828 oculos
465 1798 614 1828 habuisse
640 1799 704 1836 jam

128 1854 223 1884 supra
241 1845 426 1874 monuimus
437 1867 445 1881 ‚
459 1845 514 1874 lib.
534 1846 611 1874 xlv
623 1846 701 1875 Met.

132 1895 197 1927 470
211 1914 267 1928 ,....
277 1890 392 1930 patriis
405 1890 464 1920 secl
473 1901 578 1920 rursus
591 1890 631 1919 ab
647 1893 705 1920 Ar-

125 1936 177 1974 gis
197 1937 313 1966 l’ellor.

178 1992 215 2019 27
228 1988 371 2019 1—272'..
391 1983 476 2012 Aves
500 1982 684 2012 Diomedem
697 2006 705 2019 ‚

130 2033 251 2056 certum
276 2029 383 2057 avium
404 2039 503 2067 genus
531 2030 563 2057 iu
593 2029 704 2058 insulis

130 2073 311 2102 Diomedeis
342 2073 428 2103 litori
454 2074 582 2114 Apuliae
593 2097 600 2110 ‚
627 2085 703 2104 con-

129 2124 176 2146 tra
194 2125 333 2147 montem
349 2121 531 2159 Garganum
545 2143 552 2156 ,
573 2120 706 2158 objectis

128 2165 377 2204 frequensmune
389 2167 528 2195 :menas
535 2166 704 2206 appellant.

763 1039 810 1044 -—
826 1031 903 1058 272.
918 1020 1118 1050 Aclmissis....
1128 1020 1248 1060 permis
1263 1021 1340 1051 alios

763 1067 866 1108 legere
888 1068 998 1097 Servio
1023 1074 1167 1096 notatum
1180 1089 1188 1101 ‚
1208 1067 1336 1107 sicque,

763 1123 822 1142 nec
841 1113 1054 1152 ineleganter,
1073 1113 1194 1152 aliquot
1208 1114 1288 1143 Pier.
1301 1119 1332 1142 et

763 1169 822 1199 pro
845 1158 910 1188 div.
935 1158 1007 1188 lect.
1033 1158 1138 1194 Leid.‚
1155 1158 1337 1198 quodsan-

763 1215 858 1244 quam
875 1205 1047 1245 elegantius
1062 1204 1074 1244 (
1088 1211 1123 1234 ut
1135 1206 1174 1233 sit
1189 1215 1247 1244 pro
1258 1225 1266 1240 ,
1277 1204 1339 1234 alis

761 1250 949 1289 concitatis)
967 1256 1149 1290 reposuerat
1165 1251 1315 1279 Heinsius
1326 1272 1335 1287 ‚

761 1302 868 1325 tacens
887 1298 1003 1326 iterum
1020 1297 1112 1334 ejecit
1128 1295 1338 1325 Burm.Vide-

761 1348 815 1370 tur
838 1348 941 1371 tamen
962 1352 1019 1371 nec
1043 1343 1110 1381 ipse
1135 1341 1336 1382 improbare,

762 1394 791 1416 et
806 1388 912 1417 laudat
923 1398 984 1428 pro
999 1398 1036 1417 eo
1053 1388 1218 1417 Guellium
1235 1395 1264 1417 et
1275 1389 1335 1417 Da-

762 1435 879 1462 visium
912 1434 950 1462 ad
980 1434 1058 1463 Caes.
1090 1435 1114 1463 Ι.
1141 1434 1176 1463 Β.
1205 1434 1246 1463 G.
1282 1443 1334 1463 22.

761 1480 874 1509 Narrat
884 1489 1014 1518 quoque
1024 1478 1191 1508 Schottuui
1201 1480 1232 1508 11
1243 1478 1334 1509 obss.

762 1529 805 1563 49
823 1524 969 1553 maluisse
996 1523 1121 1552 amissis
1132 1524 1252 1563 pennis
1273 1535 1336 1564 pro

760 1570 890 1599 emissis.
910 1568 1056 1598 Admissi
1077 1569 1176 1599 Goth.
1203 1580 1251 1610 pr.
1278 1570 1336 1598 ad-

760 1615 832 1644 misi
842 1617 923 1645 Ven.
940 1614 1001 1645 Sed
1024 1614 1184 1644 librorum
1203 1617 1337 1645 auctori-

760 1668 804 1690 tas
821 1668 930 1690 tuetur
946 1660 1024 1689 socii
1035 1661 1167 1690 amissi:
1181 1662 1226 1691 sic
1242 1663 1335 1692 Rom.

758 1707 876 1737 Medic.
904 1713 934 1736 et
958 1707 1080 1737 ceteri:
1100 1708 1157 1737 etsi
1183 1707 1222 1737 ad
1246 1717 1336 1738 aures

759 1755 865 1782 miuus
892 1753 1176 1793 gratmn.-—-275.
1201 1755 1336 1794 Speran-

758 1799 820 1834 da,
851 1798 1039 1836 metuenda,
1069 1806 1104 1829 ut
1145 1800 1255 1833 toties,
1285 1799 1335 1829 vel

758 1845 862 1885 simpl.
883 1846 1075 1886 cogitatione
1100 1844 1311 1886 praecipieuda
1324 1868 1331 1881 ‚

759 1891 983 1931 exspectanda.
1001 1894 1077 1931 Sup.
1096 1894 1165 1920 AEu.
1184 1892 1241 1926 tv,
1267 1897 1332 1930 4¹9

759 1936 840 1966 hunc
855 1948 914 1978 ego
928 1937 957 1966 si
965 1936 1058 1976 potui
1070 1944 1193 1966 mutum
1206 1947 1334 1976 sperare

758 1983 910 2013 dolorem.
925 1999 973 2005 —
991 1982 1056 2019 276
1068 2005 1076 2018 ‚
1092 1992 1168 2019 αττ.
1187 1984 1332 2024 Ingenio-

757 2039 790 2058 se
812 2029 879 2058 haec
902 2029 1026 2068 repetiit
1046 2038 1085 2057 ex
1106 2027 1194 2058 Iliad.
1216 2039 1245 2065 ε,
1266 2030 1331 2059 330

757 2085 825 2114 sqq.
846 2075 885 2105 cf.
908 2084 979 2114 sup.
1000 2077 1069 2104 AEu.
1100 2076 1144 2111 X,
1168 2084 1229 2115 29:
1254 2074 1332 2105 adde

759 2119 853 2152 Ovid.
878 2121 954 2150 xlv
983 2121 1060 2150 Met.
1083 2126 1165 2158 477.

762 2167 826 2197 282
839 2188 849 2204 ‚
873 2166 950 2196 283.
969 2167 1137 2208 Congressi
1163 2166 1332 2198 Diomedes

1192 2121 1332 2159 478-—
