1414 2435
82 87 144 120 174

580 79 772 111 AENEIDOS

128 138 202 174 Vix
222 149 266 174 ea
280 134 409 184 legati3
430 133 633 185 variusque
652 149 722 185 per
743 147 810 172 ora
827 134 997 172 cucurrit

79 196 317 236 Ausonidum
336 193 488 231 turbata
506 195 647 232 fremor
665 210 672 232 :
693 208 782 241 ceu,
801 208 891 232 saxa
909 202 1105 230 morantur

82 260 210 302 Quum
232 252 385 302 rapidos
407 254 543 301 amnis,
561 255 601 290 fit
621 255 748 291 clauso
767 255 915 303 gurgite
931 265 1120 297 murmur,

81 315 300 362 Vicinaeque
318 313 483 349 fremunt
501 314 595 363 ripae
613 313 887 363 crepitantibus
907 312 1029 349 undis.

84 376 137 410 Ut
153 372 318 422 primum
336 371 473 420 placati
491 372 625 417 animi,
645 382 683 410 et
702 372 850 421 trepida
867 384 935 407 ora
953 371 1150 420 quierunt,
1233 377 1281 401 300

85 431 265 468 Praefatus
283 428 408 474 divos,
429 431 523 466 solio
543 444 611 467 rex
630 431 713 467 infit
730 430 777 467 ab
797 431 872 466 alto
891 443 899 464 ε

139 508 154 524 «
172 493 270 526 Ante
290 489 464 538 equidem
486 503 632 526 summa
651 490 699 526 de
717 503 758 526 re
777 489 972 535 statuisse,
991 488 1134 533 Latini,

88 554 135 588 Et
155 550 307 595 vellem,
329 558 366 585 et
385 549 508 586 fuerat
525 551 676 597 melius;
695 562 773 586 non
791 558 962 598 tempore
979 549 1045 586 tali
1092 575 1095 577 -

89 612 233 659 Cogere
253 608 454 645 concilium
466 637 476 654 ‚
496 623 614 658 quum
633 622 762 646 muros
780 609 926 645 adsidet
945 608 1076 644 hostis.

89 670 235 706 Bellum
253 668 531 716 importunum,
550 670 669 714 cives,
689 682 775 705 cum
795 676 904 717 gente
925 667 1085 704 deorum

1239 673 1289 698 305

89 726 321 775 Invictisque
342 725 433 762 viris
453 726 634 774 gerimus,
652 739 747 774 quos
767 726 870 761 nulla
889 725 1048 774 fatigant

91 785 241 830 Praelia,
263 796 333 819 nec
351 783 442 820 victi
463 793 620 832 possunt
639 783 820 821 absistere
839 784 952 819 ferro.

94 848 228 895 Spem,
249 843 280 880 si
300 856 414 892 quam
432 843 583 880 adscitis
602 844 770 880 AEtolum
788 842 975 880 habuistis
995 842 1035 879 in
1054 843 1187 888 armis,

91 904 245 943 Ponite:
263 916 348 952 spes
359 903 433 940 sibi
443 904 622 953 quisquc3
639 903 705 940 sed
720 903 813 949 haec,
829 915 943 952 quam
958 913 1127 952 angusta,
1142 903 1290 941 videtis.

95 1022 190 1053 Bello
216 1020 324 1062 paullo
353 1020 467 1051 durius
488 1033 544 1052 seu
575 1021 669 1052 tertio

98 1078 192 1105 casu,
206 1067 294 1108 quod
321 1067 361 1097 ad
389 1067 510 1097 bellum
537 1070 668 1105 attinet,

100 1124 157 1144 seu
172 1124 251 1153 pro,
271 1112 309 1142 de
324 1113 420 1144 bello.

146 1160 211 1199 296
235 1170 304 1199 sqq.
327 1159 484 1190 Sollennis
502 1159 570 1189 haec
586 1171 670 1190 com-

97 1206 240 1247 paratio:
259 1212 404 1246 praeunte
421 1207 559 1236 Homero
579 1206 668 1236 Iliad.

100 1250 120 1290 β
135 1273 143 1287 ,
160 1256 223 1287 144
236 1262 305 1291 sqq.
318 1274 326 1287 ‚
343 1251 401 1280 ubi
414 1262 481 1281 uon
499 1253 605 1281 minus
625 1258 672 1282 est

99 1303 208 1328 ornata
223 1308 231 1333 3
248 1296 302 1326 sed
315 1298 406 1326 Maro
423 1297 607 1338 phantasma
622 1308 673 1327 va-

99 1343 194 1373 riavit
208 1352 216 1373 2
232 1353 292 1383 pro
314 1344 392 1372 mari
411 1343 531 1373 flumen
553 1345 670 1384 posuit.

100 1389 199 1420 Aliter
216 1395 403 1418 tractaverat
416 1399 486 1429 sup.
498 1389 553 1419 lib.
570 1392 610 1426 X,
628 1390 672 1430 96

103 1445 214 1474 -99.
234 1434 349 1464 Clauso
365 1435 508 1475 gurgite,
535 1436 672 1476 praeclu-

100 1491 137 1511 so
161 1490 315 1520 aquarum
331 1490 427 1509 cursu
450 1491 601 1510 saxorum
617 1481 674 1511 ob-

103 1527 252 1565 jectione.
263 1543 310 1548 -
321 1527 395 1555 300.
410 1526 528 1555 Pacaci
544 1527 675 1556 Vratisl.

104 1578 136 1602 et
153 1582 212 1611 pro
226 1571 291 1601 div.
310 1571 384 1601 lect.
408 1582 455 1611 pr.
473 1571 587 1601 llamb.
601 1582 674 1601 cum

109 1616 208 1647 Goth.
226 1623 296 1646 tert.
320 1617 455 1656 Trepida
479 1617 602 1648 Zulich.
619 1628 670 1646 ra-

102 1662 178 1693 bida
201 1663 333 1702 aliquot.
351 1665 431 1692 l‘ier.
446 1669 477 1692 et
492 1663 590 1692 Goth.
609 1674 672 1693 sec.

104 1708 166 1739 Sed
197 1719 256 1737 ora
279 1707 402 1748 trepida
424 1716 500 1738 sunt
516 1709 674 1749 trepidau-

105 1755 197 1785 tium.
219 1753 377 1794 Qm‘eranc
393 1757 526 1785 Roman.
537 1772 583 1778 -—
596 1756 636 1785 30
646 1765 671 1785 1.

104 1799 265 1840 Praesatus
283 1799 385 1836 divos,
405 1801 570 1841 praeclare,
586 1811 673 1831 more

103 1847 236 1886 antiquo
251 1845 312 1887 (cf.
341 1849 428 1877 Serv.
444 1848 455 1887 )
469 1847 562 1876 etiam
578 1857 594 1876 a
609 1850 674 1878 Ro-

103 1893 204 1922 manis
218 1899 342 1922 servato
354 1915 362 1929 ,
384 1893 419 1922 iu
432 1895 549 1923 Senatu
564 1900 594 1922 et
613 1894 674 1924 Co-

102 1939 266 1968 mitiorum
305 1937 525 1968 habendorum
565 1949 676 1969 caussa

103 1983 193 2013 factis
212 1984 327 2014 verbis.

150 2030 226 2059 302.
250 2032 377 2060 Latinus
393 2030 433 2060 de
453 2030 537 2061 bello
559 2037 674 2060 temere

100 2081 249 2115 suscepto
268 2083 458 2116 conquestus
468 2099 477 2113 ,
491 2083 521 2106 et
536 2087 590 2117 spe
606 2087 674 2106 om-

101 2121 134 2150 ni
149 2121 286 2150 melioris
303 2122 438 2152 fortunae
462 2122 603 2160 dejectus
617 2133 672 2162 pa-

100 2176 168 2199 cem
178 2176 253 2197 cum
263 2170 354 2199 AEaea
364 2167 472 2199 suadet
483 2167 669 2200 ineundam.

724 1019 894 1058 Salamine,
913 1031 973 1062 pro
995 1020 1192 1051 deliberasse.
1211 1021 1293 1051 Nam

723 1068 842 1097 bellum
849 1069 982 1108 aggressi
988 1075 1063 1097 sunt
1071 1068 1173 1096 Latini
1183 1067 1295 1096 tumul-

723 1115 828 1143 tuario
856 1113 971 1149 modo,
999 1124 1100 1153 quum
1122 1113 1203 1142 nihil
1228 1113 1295 1152 ipse
1324 1113 1331 1119 ⁸

723 1160 901 1189 rationibus
910 1182 918 1196 ‚
935 1159 1053 1200 quibus
1076 1157 1276 1188 dissuadebat
1287 1181 1295 1193 ,

725 1204 884 1241 efficeret,
914 1216 985 1246 sup.
1017 1207 1088 1236 AEn.
1118 1206 1201 1239 VII,
1229 1205 1290 1244 59¹

725 1262 770 1291 sq.
780 1253 912 1286 -304.
933 1253 1036 1291 Quum
1054 1261 1158 1281 muros
1171 1250 1299 1280 adsidet

726 1297 832 1327 hostis.
862 1297 964 1328 Facile
996 1298 1205 1337 intelligitur,
1228 1296 1296 1326 rhe-

726 1345 827 1373 torico
859 1353 948 1373 more
976 1343 1038 1374 hoc
1069 1343 1133 1373 dici
1158 1342 1277 1372 factum
1290 1365 1300 1379 ,

726 1389 814 1430 quod
838 1391 1002 1419 minantur
1028 1390 1160 1428 Trojaui
1188 1389 1298 1418 facere.

727 1452 771 1458 -—
785 1437 861 1466 305.
875 1435 978 1465 Gence
993 1435 1128 1465 deorum
1139 1458 1148 1472 ,
1161 1433 1213 1464 σὺν
1227 1444 1298 1464 παι-

727 1478 756 1511 σὶ
781 1481 855 1511 θεῶν
867 1503 875 1517 ,
898 1491 942 1510 sc.
968 1483 1076 1511 AEnea.
1087 1498 1134 1503 —-
1145 1482 1222 1518 307·
1236 1482 1299 1510 Vo-

728 1533 800 1556 cant
814 1527 878 1555 huc
893 1527 1098 1556 Homericum
1113 1524 1215 1567 μάχης
1227 1523 1300 1555 ἀκέ-

729 1581 813 1613 putot
834 1571 923 1601 Iliad.
949 1583 980 1606 ν,
1000 1573 1086 1611 6393
1104 1581 1138 1606 υ,
1164 1582 1300 1610 117.—

728 1620 866 1647 Possunt
889 1617 1039 1647 absistere
1060 1618 1082 1647 1.
1109 1618 1215 1658 simpl.
1239 1627 1299 1658 pro

726 1663 899 1698 absistunt,
918 1663 939 1693 l.
955 1674 1013 1703 pro
1027 1673 1094 1693 uon
1110 1670 1245 1703 possunt
1257 1664 1299 1692 si-

727 1709 761 1738 bi
789 1715 980 1749 temperare,
1004 1720 1044 1739 ne
1073 1709 1236 1740 rebellent.
1254 1726 1300 1733 -

730 1755 806 1794 309.
826 1756 918 1785 Nunc
942 1755 1251 1796 unumquemque-in
1268 1765 1300 1785 se

727 1811 854 1831 omnem
881 1811 969 1841 spem
994 1803 1163 1842 repositam
1184 1800 1301 1831 habere

727 1857 853 1876 necesse
874 1854 920 1877 est
937 1857 944 1877 :
964 1858 1030 1877 non
1053 1847 1185 1877 alienam
1207 1856 1300 1887 opem

729 1900 923 1933 exspectare.
937 1894 1039 1934 Pergit
1056 1893 1149 1923 iude:
1165 1892 1221 1922 sed
1234 1892 1301 1922 haec

729 1940 796 1979 ipsa
816 1949 900 1979 spes,
920 1949 1014 1979 quam
1034 1939 1068 1968 in
1089 1948 1144 1969 sua
1166 1939 1300 1979 quisque

729 1986 791 2014 virt
797 1991 849 2014 ute
861 1986 952 2014 sitam
966 1984 1071 2019 habet,
1082 1994 1176 2024 quam
1186 1985 1226 2013 sit
1234 1986 1302 2014 exi-

728 2040 787 2071 gua
803 2029 924 2060 videtis.
941 2031 1021 2060 Nam
1036 2030 1156 2070 reliqua
1175 2031 1281 2060 omnia
1294 2053 1303 2067 ,

727 2086 823 2116 quam
836 2075 952 2105 afflicta
965 2076 1027 2105 siut
1039 2098 1047 2112 ‚
1062 2082 1135 2105 aute
1146 2076 1257 2106 oculos
1272 2084 1303 2106 et

727 2123 810 2151 iuter
826 2132 937 2151 manus
948 2128 1065 2151 vestras
1079 2129 1142 2158 est3
1156 2121 1187 2152 h.
1199 2122 1302 2152 oculis

730 2167 942 2210 manibusque
976 2169 1089 2199 tenetis
1103 2190 1111 2205 ,
1154 2175 1304 2210 tanquam
