1414 2435
576 102 701 132 LIBER
724 105 766 134 x.
1225 106 1267 144 <39

76 159 362 209 Conciliumque
381 165 492 195 vocat
510 158 641 196 divum
659 167 768 209 pater
788 168 899 210 atque
918 161 1115 199 hominum
1131 175 1195 199 rex

78 220 272 258 Sideream
287 219 326 256 in
344 218 471 255 sedem
482 232 493 265 3
513 227 633 256 terras
652 219 753 256 unde
773 219 913 258 arduus
930 234 1077 268 omnes,

78 280 282 328 Castraque
298 276 560 314 Dardanidum
577 277 784 327 adspectat,
806 280 1042 330 populosque
1061 281 1225 320 Latinos.

78 336 287 374 Considunt
304 337 410 373 tectis
429 336 689 387 bipatentibus
699 352 710 384 ;
730 337 863 388 incipit
882 340 962 389 ipse
1255 351 1268 374 5

131 414 148 431 <z
163 397 348 434 Coelicolae
367 397 511 447 magni,
531 397 708 446 quianam
727 399 910 435 sententia
928 400 1037 438 vobis

76 460 196 496 Versa
211 467 334 504 retro,
354 465 575 507 tantumque
596 457 728 495 animis
746 458 896 495 certatis
916 459 1078 510 iniquis?

78 517 299 557 Abnueram
315 516 416 557 bello
436 517 583 556 Italiam
601 529 829 556 concurrere
847 519 1021 565 Teucris,

79 657 167 680 ratur
177 672 185 687 ,
197 656 374 680 ceterorum
389 650 523 681 deorum
537 650 649 681 domus

79 697 114 726 iu
131 695 198 725 aliis
217 696 348 737 Olympi
367 697 451 737 jugis
471 698 538 727 sitae
557 703 648 735 sunt,

79 741 166 772 uude
181 741 222 771 ad
245 743 336 772 Jovis
359 742 440 772 aedes
470 742 648 773 confluunt.

80 787 131 818 Cf.
146 788 185 817 11.
195 797 224 824 υ,
237 793 257 823 4
266 799 334 828 sqq.
346 790 456 828 Quum
468 788 507 818 ad
517 799 652 819 couven-

79 840 151 863 tum
161 833 347 864 admittendi
355 841 429 863 sunt
436 834 492 872 dii,
497 834 654 876 panditur

79 879 206 916 domus,
233 881 365 917 atrium,
388 876 494 923 δῶμα.
517 882 564 911 Ita
588 880 652 911 hoc

80 925 265 966 simpliciter
311 926 532 968 accipiendum
543 950 551 965 ‚
591 938 651 957 nec

80 982 155 1001 cum
177 973 305 1010 Servio,
332 980 363 1003 et
386 973 462 1003 iude
486 984 560 1003 cum
584 973 652 1003 aliis

81 1019 189 1059 Intpp.
216 1018 255 1048 de
273 1018 324 1049 die
346 1026 417 1050 orto
435 1019 650 1061 cogitandum.

82 1065 149 1094 Etsi
161 1066 247 1095 enim
265 1076 376 1096 verum
392 1073 438 1096 est
448 1089 457 1104 ,
474 1073 574 1096 noctu
589 1076 651 1095 coe-

81 1109 151 1139 lum
178 1110 299 1150 claudi,
315 1123 407 1142 mane
434 1113 550 1152 aperiri
571 1112 650 1148 dici,

83 1161 188 1185 tamen
212 1156 276 1187 huc
295 1168 332 1187 ea
355 1169 404 1187 res
422 1158 504 1188 trahi
521 1157 651 1198 nequit,

85 1212 189 1242 neque
209 1213 315 1232 rerum
338 1203 418 1234 ordo
444 1203 600 1240 admittit,
617 1211 654 1233 ut

83 1258 170 1278 nuuc
188 1247 226 1278 de
242 1250 400 1280 matutino
413 1256 554 1289 tempore
569 1251 653 1291 cogi-

83 1300 203 1331 temus;
233 1295 406 1325 inclinatur
441 1296 525 1325 euim
563 1306 652 1325 nunc

82 1339 148 1369 dies
160 1362 168 1377 ,
189 1351 255 1381 quo
278 1349 454 1382 pugnatum
483 1349 548 1372 erat
565 1341 651 1382 (IX,

87 1386 152 1426 459
166 1387 258 1428 sqq.)
271 1387 311 1417 ad
327 1398 488 1428 vesperam
503 1397 511 1418 :
527 1398 652 1428 eompa-

83 1439 131 1462 ret
144 1433 241 1463 modo
251 1434 363 1473 aliquis
375 1434 457 1463 infra
474 1434 536 1470 146
545 1456 554 1472 ,
572 1444 584 1463 1
593 1439 631 1472 47
643 1458 652 1473 ,

86 1478 170 1515 215,
196 1480 273 1510 216.
294 1479 434 1510 Concilia
455 1487 559 1510 autem
579 1480 653 1511 deo-

84 1535 158 1554 rum
175 1525 288 1556 similia
307 1525 393 1566 apud
409 1528 584 1556 Homerum
601 1538 655 1557 oc-

84 1578 220 1600 currunt
235 1572 344 1612 plura,
370 1582 440 1612 quae
455 1580 526 1602 ante
545 1574 655 1603 oculos

83 1618 212 1646 Maroni
239 1617 333 1648 fuisse
355 1619 520 1659 probabile
537 1617 592 1657 fit;
610 1621 656 1650 iu-

84 1663 194 1702 primis
214 1663 306 1694 Iliad.
327 1660 366 1701 δ,
392 1672 512 1703 ῐ-4,
530 1665 585 1695 sed
608 1666 655 1695 ibi

84 1708 169 1737 inter
187 1707 428 1739 deliberandum
455 1718 567 1753 potant
590 1711 653 1749 dii,

86 1764 126 1783 ex
148 1755 326 1794 priscorum
352 1755 522 1786 hominum
546 1768 653 1794 more,

86 1799 177 1830 Iliad.
193 1801 226 1838 θ,
242 1811 260 1831 2
280 1808 311 1831 et
327 1802 380 1839 51;
395 1811 432 1839 υ,
454 1808 473 1838 4
488 1813 556 1842 sqq.
579 1804 655 1832 Om-

87 1846 259 1887 nipotencis
295 1847 425 1888 Olympi
437 1859 448 1877 .·
468 1848 655 1878 insolentior

87 1893 196 1933 paullo
223 1894 386 1924 translatio
403 1894 534 1934 epitheti
555 1905 571 1924 a
595 1894 654 1924 diis

87 1938 126 1968 ad
139 1939 244 1979 ipsum
267 1939 461 1981 Olympum3
478 1941 654 1981 antiquiore

85 1984 168 2015 forte
181 1986 379 2016 auctoritate.
394 2003 440 2009 ——-
452 1987 481 2017 3.
497 1985 547 2021 Εἰς
563 1986 653 2029 οὐρα.-

86 2028 134 2061 νὸν
159 2028 345 2075 ἀστερόεντα
366 2034 583 2064 Homericum.
602 2033 652 2063 Ad

87 2076 208 2118 reliqua
230 2079 314 2110 conf.
342 2079 432 2109 Iliad.
459 2079 493 2117 θ,
519 2080 558 2109 51
572 2103 580 2117 ,
601 2080 654 2110 52.

88 2139 135 2145 —-
145 2124 175 2153 5.
197 2124 298 2155 Tectis
314 2125 530 2166 bipatentibuS.
547 2127 579 2156 Si
593 2133 655 2155 tec-

88 2175 153 2198 tum
163 2169 304 2210 bipatens
317 2172 439 2209 audias,
455 2182 510 2202 seu
523 2172 654 2202 domum

88 2214 280 2255 bipatentem
290 2240 299 2256 ,
316 2229 382 2249 non
401 2218 491 2248 aliter
503 2219 634 2259 accipies
645 2241 653 2256 ,

702 661 796 692 quam
812 658 848 681 ut
866 653 925 688 sit,
945 652 1033 691 quod
1054 651 1094 682 ab
1109 654 1217 684 antica
1241 662 1272 684 ec

703 707 725 726 a
736 696 864 738 postica
884 704 980 738 parte
1005 699 1128 729 aditum
1156 699 1267 735 habet,

703 743 896 783 templorum
920 753 1025 781 more,
1040 755 1112 784 quae
1126 743 1194 775 ναεὶ
1211 744 1270 787 ἀμ.-

704 786 904 831 φιπρόστυλοι
920 788 1083 820 dicuntur.
1113 793 1272 821 Hactenus

704 845 771 865 non
795 835 875 865 male
897 835 935 865 ad
956 842 1062 865 ortum
1080 843 1110 866 et
1127 847 1274 867 occasum

705 880 789 922 apud
800 883 888 912 Serv.
902 881 1046 912 refertur.
1058 884 1162 924 Pergit
1171 883 1252 913 idem
1266 893 1273 913 :

704 935 769 958 «est
778 934 882 957 autem
891 938 994 958 sermo
1003 929 1103 958 Eun.»
1112 928 1174 959 hoc
1184 930 1277 960 bene:

704 973 759 1004 sed
786 973 907 1015 reliqua
917 996 926 1012 ‚
950 984 1021 1014 quae
1036 974 1253 1013 subjiciuntur
1264 998 1272 1012 ,

704 1031 818 1060 parum
850 1027 926 1050 sunt
952 1021 1128 1061 perspicua.
1153 1021 1274 1052 Scilicet

706 1066 759 1096 alii
780 1072 900 1096 tectum
924 1066 1068 1106 bipatens
1094 1077 1158 1097 esse
1182 1075 1274 1107 puta-

706 1118 783 1141 runt
792 1135 801 1149 ,
812 1111 899 1152 quod
910 1112 1005 1142 habet
1017 1112 1098 1142 sores
1113 1113 1196 1142 binis
1210 1113 1274 1143 val-

705 1158 753 1187 vis
767 1163 898 1198 apertas.
914 1158 969 1188 Ad
983 1169 1014 1187 v.
1034 1158 1054 1188 6
1068 1158 1151 1188 idem
1166 1161 1252 1190 Serv.
1266 1169 1273 1189 :

706 1213 906 1243 «quianam,
931 1215 1005 1241 cur,
1025 1215 1121 1244 quare
1143 1215 1151 1235 ε
1172 1216 1274 1236 sermo

706 1250 869 1279 Ennianus
880 1271 888 1286 ,
903 1249 1058 1289 quianam
1069 1251 1208 1291 legiones
1217 1262 1273 1281 cce-

706 1294 809 1324 dimus
822 1294 915 1335 firro
926 1299 943 1324 .³
959 1309 975 1320 »
992 1297 1067 1335 Sup.
1081 1298 1129 1333 V,
1150 1297 1188 1326 13
1204 1298 1273 1326 Heu

705 1340 861 1382 quianam
872 1340 958 1371 tanti
970 1340 1142 1372 cinxerunt
1153 1341 1272 1372 aethera

707 1386 831 1417 nimbi?

753 1433 785 1464 6.
814 1433 898 1474 Quia
916 1445 1011 1470 nam,
1031 1435 1191 1475 antiquam
1217 1446 1271 1466 vo-

708 1490 793 1517 cem,
817 1480 974 1510 adstruxit
991 1483 1063 1511 satis
1079 1483 1209 1513 Pierius.
1234 1482 1272 1511 cf.

708 1536 777 1566 sup.
793 1528 834 1563 V,
854 1527 904 1564 13,
922 1527 980 1556 etsi
994 1537 1061 1557 non
1078 1529 1170 1566 pauci
1193 1529 1274 1566 ejus—

709 1571 781 1601 dem
798 1579 830 1602 et
850 1583 900 1613 ap.
917 1574 1037 1610 Burm.,
1061 1572 1130 1602 hini
1148 1584 1276 1614 quoquc

709 1618 849 1648 Gotham·
867 1629 941 1648 cum
962 1618 1027 1649 Erf.
1050 1629 1201 1659 quaenam
1223 1630 1276 1649 ex-

707 1664 828 1695 hibent.
843 1666 923 1706 Quoe
927 1664 1002 1706 jam
1011 1665 1194 1697 Dorvill.--
1201 1668 1276 1697 Ora-

708 1712 754 1741 tio
777 1712 868 1741 Jovis
888 1713 1057 1750 majestatis
1077 1711 1185 1751 plena,
1210 1713 1276 1751 ipsa

708 1757 861 1786 brevitate
893 1763 924 1786 et
955 1758 1091 1797 antiquae
1125 1758 1275 1787 orationis

707 1802 833 1840 studio;
852 1804 897 1832 sic
911 1813 1007 1832 versa
1026 1809 1107 1832 retro
1124 1812 1183 1842 pro
1206 1812 1272 1832 mu·

709 1854 786 1885 tata;
803 1848 918 1877 animis
934 1847 1051 1887 {niquis
1065 1858 1124 1888 pro
1142 1848 1273 1879 infestis.

706 1910 753 1916 -—
767 1894 784 1922 8
799 1905 867 1934 sqq.
885 1895 1064 1933 Nusquam,
1078 1894 1105 1922 si
1119 1893 1200 1923 bene
1213 1905 1274 1924 me-

707 1941 871 1976 minimus,
900 1946 993 1979 poeta
1020 1941 1276 1970 commemoravit

707 1986 741 2015 in
770 1985 1004 2026 superioribus,
1033 1986 1147 2016 Jovem
1176 1987 1273 2016 iuter-

707 2031 838 2069 dixisse,
856 2042 895 2060 ne
909 2030 954 2060 dii
968 2031 1088 2061 bellum
1102 2033 1184 2061 inter
1199 2033 1275 2062 Tro-

706 2079 795 2117 janos
817 2085 848 2108 et
872 2079 997 2108 Latinos
1027 2077 1181 2108 foverent.
1207 2079 1274 2109 Nec

709 2131 820 2164 praeter
834 2125 990 2153 Venerem
1002 2130 1033 2153 et
1045 2125 1065 2154 J
1067 2134 1206 2154 unonem
1223 2123 1274 2154 alii

708 2170 751 2200 dii
776 2181 843 2200 eam
872 2180 938 2199 rem
965 2180 1086 2200 curasse
1112 2169 1271 2200 videntur.

707 2217 794 2258 Quin
812 2217 917 2257 potius
933 2217 1023 2248 Jovis
1043 2215 1137 2246 verba
1160 2226 1272 2257 parum
