1414 2435
566 29 689 59 LIBER
712 30 770 59 XI.

78 83 125 117 Et
144 95 228 118 cum
247 83 361 120 fratre
380 85 515 129 Coras,
530 84 615 121 latis
635 84 835 122 diffundite
854 87 1005 136 campis.

1204 29 1263 65 137

1217 93 1266 121 465

28 173 36 179 ,
78 142 168 177 Pars
189 142 310 180 aditus
327 143 432 180 urbis
448 143 614 190 firment,
635 153 834 194 turresque
853 154 1046 195 capessant
1063 159 1071 181 ε

80 203 231 249 Cetera,
249 216 324 253 qua
334 203 458 252 jusso,
477 216 624 241 mecum
643 217 775 241 manus
794 205 930 243 inferat
949 218 1062 242 arma.
1083 221 1098 238 ι)

132 261 239 299 Ilicet
256 262 294 298 in
311 274 439 300 muros
457 271 536 300 tota
553 263 780 301 discurritur
798 264 905 302 urbe.

79 321 285 357 Concilium
303 322 383 371 ipse
403 331 528 371 pater,
548 331 586 359 et
604 336 739 373 magna
759 324 908 373 incepta
925 324 1080 361 Latinus

80 379 247 426 Deserit,
267 393 310 417 ac
329 380 428 418 tristi
446 380 621 420 turbatus
641 391 812 432 tempore
831 383 979 430 differt3

79 440 277 490 Multaque
298 454 336 478 se
352 441 516 489 incusat,
536 443 602 492 qui
620 455 697 479 non
714 443 907 493 adceperit
924 444 1025 480 ultro

81 500 314 537 Dardanium
333 504 492 548 AEnean‚
511 515 768 551 generumque
788 503 989 540 adsciverit
1006 502 1103 540 urbi.

81 559 312 596 Praefodiunt
330 561 393 596 alii
412 569 559 610 portas,
580 570 646 599 aut
665 575 755 599 saxa
773 563 961 611 sudesque

84 618 315 657 Subvectant
335 635 342 656 :
362 620 462 658 bello
482 621 546 658 dat
565 622 713 671 signum
731 635 844 660 rauca
863 630 1062 659 cruentum

83 678 256 715 Buccina.
277 681 372 716 Tum
392 693 520 718 muros
538 682 642 718 varia
661 682 814 719 cinxere
833 694 975 718 corona

83 740 268 775 'Matronae
287 741 490 788 puerique;
509 748 620 776 vocat
639 740 749 777 labor
769 741 922 777 ultimus
940 741 1072 776 omnis.

82 800 161 834 Nec
179 811 255 835 non
275 799 322 835 ad
341 799 538 848 templum,
560 812 799 849 summasque
820 800 867 837 ad
886 800 1046 837 Palladis
1065 812 1168 836 arces

85 858 318 895 Subvehitur
335 871 470 908 magna
491 867 656 896 matrum
673 860 804 909 regina
820 869 990 906 caterva,

86 920 194 955 Dona
213 918 355 965 ferens,
371 918 556 968 juxtaque
573 931 698 956 comes
715 920 874 957 Lavinia
891 919 1019 969 virgo,

86 1074 219 1115 equites,
239 1082 270 1106 et
285 1076 472 1116 plerumque
489 1076 626 1114 junctim
641 1085 648 1106 :

86 1121 216 1151 Rutulos
241 1121 370 1162 equites.
385 1121 588 1161 —Eqaitem
619 1121 652 1151 in

86 1167 202 1202 armis,
232 1178 291 1207 pro
317 1174 488 1204 armatum,
512 1174 548 1197 ut
572 1178 654 1208 saepe

87 1213 173 1243 alibi.
186 1213 347 1253 Messapus
356 1236 365 1249 ,
379 1224 477 1254 graece
488 1236 496 1250 ‚
506 1224 564 1254 pro
574 1215 655 1243 Mes-

88 1269 178 1299 sape,
199 1265 229 1288 et
248 1259 359 1295 Coras,
382 1271 441 1300 pro
467 1260 564 1297 Cora,
585 1270 654 1289 cum

79 1305 186 1346 fratre
198 1305 321 1335 Catillo.
342 1317 370 1335 V.
388 1316 456 1346 sup.
475 1307 555 1343 VII,
576 1306 654 1344 672.

88 1352 212 1387 -465.
225 1352 333 1381 Corax:
344 1351 482 1382 Gothan.
498 1363 544 1392 pr.
559 1350 656 1380 Latiis

89 1398 152 1428 Erf.
163 1420 171 1434 ‚
191 1408 249 1427 nec
262 1399 366 1438 ipsum
380 1399 469 1428 male.
486 1396 656 1439 Effundite

89 1446 198 1474 Franc.
211 1445 344 1482 -467,
379 1445 451 1484 Qua
469 1443 554 1484 jusso
565 1466 573 1481 ,
596 1454 655 1484 pro

86 1491 225 1528 jussero:
242 1497 294 1527 ut,
310 1490 430 1520 levasso
441 1513 449 1526 ,
465 1489 655 1528 declarasso,

89 1546 205 1566 amasso
219 1543 249 1566 et
269 1536 321 1574 al.;
333 1543 486 1577 sequutus
501 1537 548 1566 'est
562 1536 656 1567 Silius

90 1583 152 1613 XII
162 1605 170 1620 ,
202 1583 275 1621 175.

138 1629 221 1665 468,
252 1629 328 1668 469.
351 1629 542 1669 Comparant
565 1629 655 1659 Iliad.

91 1672 130 1711 β,
147 1685 192 1704 vs.
214 1675 276 1704 808
298 1684 305 1704 :
330 1669 414 1714 Αἷψοι
432 1671 461 1704 δ’
477 1674 556 1705 ἑ’).υσ’
580 1672 656 1718 ἀγο-

92 1718 144 1761 ρὴν
155 1741 163 1756 ,
199 1717 250 1749 ἐπὶ
281 1718 396 1759 τεύχεα
429 1716 459 1749 δ’
490 1719 656 1751 ἐσσεύοντο.

91 1783 136 1788 —
147 1771 223 1804 47¹2.
249 1765 471 1806 Generumque
495 1766 659 1796 adsciverit

92 1811 170 1842 urbi.
200 1813 251 1842 Sic
276 1817 457 1841 constanter
481 1811 597 1851 legitur
627 1819 658 1842 et

91 1858 307 1899 distinguitur.
328 1859 396 1887 Erit
417 1856 494 1887 adeo
517 1857 601 1893 urbi,
624 1859 658 1887 in

92 1903 180 1934 urbis
196 1914 230 1934 ac
245 1905 333 1945 regni
346 1903 524 1933 utilitatem.
543 1905 658 1933 Parum

92 1950 269 1980 commode.
300 1951 450 1990 Suspicor
477 1949 571 1979 fuisse
604 1949 660 1989 qui

94 2007 159 2026 non
178 1995 335 2037 acceperit
350 1996 431 2025 ultro
455 1994 657 2025 Dardanium

94 2043 233 2079 AEnean,
241 2052 458 2084 generumque
471 2041 637 2071 adsciverit
647 2052 658 2070 :

93 2087 174 2118 urbis
186 2087 385 2130 Proesbdiunt
398 2087 458 2118 alii
468 2094 591 2128 porcas.
608 2088 658 2119 Sic

94 2134 203 2174 utique
215 2134 317 2166 lenior
332 2133 476 2176 procedit
491 2135 601 2165 oratio.

762 1076 838 1114 473.
871 1075 956 1105 Ante
980 1082 1085 1116 portas
1115 1075 1210 1106 fossas
1235 1077 1277 1106 fa-

706 1122 807 1158 ciunt,
822 1128 858 1150 ut
870 1121 952 1151 bene
965 1123 1102 1159 Servius,
1117 1128 1147 1151 et
1159 1123 1277 1152 vallum

707 1168 830 1197 ducunt
843 1168 926 1197 saxis
941 1167 1163 1208 stipitibusque
1179 1169 1277 1198 humo

708 1220 839 1255 aggesta.
865 1215 974 1253 Quum
1013 1220 1118 1243 autem
1161 1225 1209 1244 res
1240 1213 1279 1243 ad

707 1269 867 1289 summum
888 1259 1057 1288 discrimen
1079 1259 1212 1290 adducta
1231 1270 1278 1289 es-

708 1312 754 1335 set
784 1304 796 1345 (
812 1304 904 1334 labor
934 1304 1058 1334 ultimus
1082 1313 1182 1335 vocat
1213 1316 1278 1335 om-

711 1362 766 1381 nes
780 1351 875 1380 etiam
891 1358 1056 1380 matronas
1079 1357 1110 1380 et
1120 1361 1236 1391 pueros
1247 1350 1260 1392 )
1270 1374 1277 1388 ,

708 1397 910 1438 procurritur
923 1398 956 1426 in
970 1407 1077 1426 muros
1086 1419 1094 1433 ‚
1110 1403 1147 1426 ut
1160 1398 1278 1435 Trojae,

708 1454 808 1483 quum
821 1443 966 1482 praelium
982 1452 1054 1472 cum
1066 1442 1198 1472 Achivis
1209 1453 1280 1483 pro-

708 1490 780 1530 pius
793 1488 867 1518 urbi
881 1488 1043 1520 admotum
1053 1496 1148 1528 esset,
1162 1488 1279 1519 sactum

709 1546 773 1566 esse
792 1541 897 1564 narrat
912 1537 1080 1565 Homerus.

758 1587 835 1620 477.
852 1581 1019 1611 Manifesta
1042 1582 1171 1622 vestigia
1185 1581 1223 1612 11.
1245 1580 1278 1619 ζ,

712 1628 778 1658 865
802 1638 869 1667 sqq.
901 1628 966 1668 269
986 1638 1054 1668 sqq.
1074 1627 1160 1657 Illud
1174 1634 1279 1658 autem

711 1676 810 1704 miror
820 1697 828 1711 ‚
844 1673 933 1714 quod
958 1675 992 1703 in
1016 1674 1076 1703 hac
1100 1674 1277 1704 imitatione

712 1731 777 1751 non
794 1720 1015 1749 animadvertit
1026 1742 1034 1756 ‚
1050 1719 1205 1750 Palladem
1216 1720 1279 1757 jam

710 1773 778 1795 tum
797 1766 858 1795 coli
868 1776 885 1794 a
900 1765 1111 1795 Laurentibus
1123 1764 1210 1794 haud
1223 1775 1277 1805 po-

711 1813 823 1847 tuisse,
844 1821 938 1850 quam
964 1812 1118 1848 Trojanos
1138 1811 1277 1850 primum

710 1857 853 1886 intulisse
876 1858 1063 1886 *communis
1088 1855 1169 1885 fama
1193 1855 1275 1886 obti-

711 1903 792 1932 nuit.
802 1919 848 1925 —
859 1907 898 1940 47
906 1902 937 1932 8.
963 1900 1165 1937 Subvekieur,·
1183 1912 1278 1942 supra

711 1949 791 1977 VIII
802 1970 810 1985 ,
830 1947 896 1978 666
907 1954 1004 1978 castoe
1017 1947 1176 1977 ducebant
1186 1957 1280 1977 sacra

705 2005 767 2034 per
775 1993 881 2024 urbem
892 1994 1021 2024 Pilentis
1032 2001 1148 2024 macres
1161 1993 1193 2023 in
1203 1994 1279 2024 mol—

711 2040 801 2071 libus.
819 2058 863 2063 --
879 2045 955 2080 479.
979 2041 1086 2070 Dona.
1111 2042 1278 2080 Perperam

710 2087 841 2127 peplum
856 2097 897 2117 ex
911 2088 1050 2116 Homero
1062 2085 1126 2116 huc
1145 2093 1260 2116 vocant
1269 2109 1278 2123 ,

711 2139 811 2174 poetae
833 2143 932 2175 genus
952 2143 1070 2174 ponere
1087 2131 1217 2174 placuit.
1234 2150 1279 2156 -—
