1414 2435
142 67 207 98 260

643 66 840 98 AENEIDOS

142 128 419 174 Conversaeque
439 132 556 161 ruunt
574 123 691 170 acies;
714 125 788 161 fert
802 125 954 174 inpetus
977 124 1122 174 ipsum,

144 187 191 221 Et
210 184 362 221 cristam
382 182 543 220 adverso
563 196 682 220 curru
699 185 822 234 quatit
842 198 935 222 aura
954 184 1158 221 volantem.

144 248 231 283 Non
251 246 336 283 tulit
352 245 555 284 instantem
571 245 744 295 Phegeus
762 245 972 296 animisque
990 246 1234 291 frementem3

146 305 296 355 Objecit
316 318 397 343 sese
414 305 463 342 ad
481 318 655 351 currum,
674 313 712 342 et
733 306 951 356 spumantia
970 306 1088 343 frenis

146 368 225 403 Ora
242 367 447 405 citatorum
464 367 599 404 dextra
617 366 778 405 detorsit
797 380 998 417 equorum.

145 429 247 463 Dum
267 426 450 474 trahitur,
468 426 685 477 pendetque
700 426 820 477 jugi-5,
838 426 940 464 hunc
959 427 1036 464 lata
1051 433 1235 464 retectum

144 489 294 525 Lancea
311 489 575 538 consequitur,
595 489 817 538 rumpitque
836 488 953 525 infixa
971 487 1126 525 bilicem

1302 495 1352 528 375

146 547 339 596 Loricam,
360 557 397 585 et
414 561 604 586 summum
623 548 798 598 degustat
815 549 970 586 volnere
990 560 1142 598 corpus.

147 609 215 646 Ille
233 617 357 647 tamen
374 609 509 660 clypeo
529 610 680 661 objecto
698 622 906 648 conversus
924 610 964 647 in
980 609 1133 647 hostem

148 669 251 716 Ibat,
269 679 307 707 et
328 671 512 708 auxilium
532 671 648 710 ducto
668 684 852 709 mucrone
872 670 1048 722 petebat3

149 733 279 777 Quum
297 740 382 768 rota
404 733 640 782 praecipitem
660 742 696 770 et
714 747 902 783 procursu
921 732 1094 770 concitus
1114 732 1194 769 axis

150 791 312 841 Inpulit,
331 790 570 841 effunditque
587 793 688 839 solo3
708 796 938 842 Turnusque
957 801 1127 838 secutus,
1306 800 1354 823 3ss-

149 855 270 889 Imam
287 852 387 889 inter
405 852 567 903 galeam,
589 854 725 890 summi
746 853 911 891 thoracis
931 862 969 890 et
989 865 1092 898 oras,

150 912 318 951 Abstulit
337 926 424 951 ense
441 923 574 964 caput,
594 923 849 964 truncumque
869 914 1025 963 reliquit
1044 925 1179 950 arenae.

149 1095 206 1114 seu
233 1084 392 1121 turbatae3
416 1094 456 1113 ex
480 1082 662 1114 κλονεῖσθαι.
677 1101 724 1107 --

151 1132 229 1169 370.
246 1133 373 1161 Poterat
387 1137 479 1170 poeta
495 1130 620 1171 vulgari
636 1142 724 1162 more

151 1177 263 1208 efferre
276 1177 363 1218 :fert
379 1176 514 1217 impetus
536 1176 636 1217 ipsum
658 1178 725 1207 Ad-

151 1235 238 1254 verso
263 1234 370 1259 curru,
400 1231 431 1253 ec
458 1231 587 1254 crzstam
621 1224 727 1264 quatit

151 1281 233 1301 aura
247 1270 405 1301 volantis.
425 1271 485 1301 Sed
508 1270 596 1300 vides
618 1272 725 1301 Maro-

150 1318 200 1348 nis
218 1317 359 1347 studium
378 1317 593 1358 exquisitioris
606 1325 636 1348 et
650 1317 725 1348 doc-

151 1364 241 1394 n'oris
264 1365 438 1401 orationis;
463 1365 587 1394 cristam
608 1365 726 1395 ‘volare

151 1410 282 1440 adverso
307 1421 399 1440 curm
425 1410 571 1442 absolute
597 1413 724 1452 posuit,

151 1456 229 1487 dum
266 1467 380 1487 currus
413 1456 563 1487 adversus
595 1465 725 1488 ventum

151 1503 262 1534 fertur.
272 1505 376 1534 —Ne
388 1505 460 1544 quis
477 1505 635 1542 conjectet
646 1527 654 1539 ,
671 1505 726 1534 ad-

152 1560 240 1580 verso
266 1560 380 1585 curs11;
405 1560 478 1579 nam
499 1561 590 1580 curru
614 1551 726 1581 eodem

151 1594 331 1637 significatu
353 1595 490 1627 doctius.
515 1597 628 1637 Quatit
649 1608 725 1627 αινα

153 1641 252 1673 Goth.
274 1649 346 1673 tert.
367 1659 413 1665 —-
440 1644 516 1681 371.
543 1643 727 1685 Animoqne

152 1688 288 1720 Oudart.
323 1690 492 1719 Furentem
528 1701 577 1731 pr.
610 1691 725 1721 Hatub.

151 1752 197 1758 —
212 1736 274 1774 371
289 1758 298 1772 ,
319 1737 396 1774 37²·
427 1738 514 1766 Vero
544 1738 726 1777 proximum

152 1789 199 1812 est
225 1783 359 1823 jungere
383 1792 391 1814 ε
415 1783 602 1823 spumantia
619 1783 728 1825 frem's

153 1839 209 1858 ora
220 1851 228 1864 ‚
248 1828 281 1860 h.
297 1830 331 1859 in
345 1828 441 1859 frenis
452 1852 460 1867 ‚
478 1832 578 1868 circa,
595 1842 652 1872 per
668 1831 726 1861 fre-

153 1886 203 1906 na.
219 1877 298 1906 Nam
316 1876 440 1906 frenum
459 1888 570 1918 spuma
585 1879 648 1908 oris
662 1888 726 1907 ma-

153 1921 368 1953 det.Variavit
384 1931 487 1963 poeta,
501 1924 587 1965 quod
602 1924 726 1956 AEueid.

155 1971 220 2005 lv,
251 1970 313 1999 135
340 1969 485 2000 dixerat:
511 1973 581 2001 Stat
602 1971 728 2012 sonipes

155 2025 194 2043 ac
198 2014 301 2055 frena
305 2014 409 2057 fi’rooe
431 2017 616 2057 spumantia
635 2029 727 2048 man-

154 2060 211 2090 dit.
225 2078 273 2085 —
290 2064 372 2101 374,
387 2065 464 2102 375.
481 2066 554 2095 Nou
567 2075 583 2095 a
597 2067 725 2102 Turno,

154 2106 209 2137 sed
237 2117 252 2137 a
285 2115 373 2149 tergo
401 2112 571 2141 immissam
603 2111 729 2152 Phegeu

153 2153 250 2184 fuisse
274 2153 394 2185 hastam
419 2157 557 2188 arbitror
583 2158 623 2188 ab
652 2159 726 2189 alio.

156 2199 297 2243 Phegeus
307 2203 430 2242 pendet
448 2204 534 2245 jugis
552 2204 591 2234 ab
616 2206 723 2245 equis,

777 1094 858 1124 quos
873 1083 970 1114 frenis
983 1083 1254 1124 apprehenderat,
1269 1094 1356 1114 cum·

778 1142 840 1171 que
855 1132 893 1160 iis
908 1131 1067 1168 luctatur,
1088 1129 1168 1160 dum
1190 1129 1239 1159 iffi
1260 1129 1354 1160 obni-

779 1184 894 1207 tuntur
907 1184 938 1207 et
953 1184 1162 1218 procurrunt.
1179 1177 1268 1206 Inter
1286 1176 1355 1207 haec

779 1224 894 1254 lancea
913 1224 1116 1265 consequitur
1132 1231 1282 1255 retectum
1293 1246 1303 1261 ,
1320 1223 1354 1254 h.

778 1272 813 1300 in
827 1271 901 1301 loco
918 1272 1062 1312 corporis
1074 1271 1197 1312 patenti
1211 1281 1271 1300 nec
1286 1271 1355 1311 cly-

779 1328 840 1358 peo
869 1325 952 1348 tecto
978 1319 1169 1358 percutitur.
1181 1320 1278 1351 ,Tum
1302 1317 1355 1347 ille

779 1375 946 1394 conversus
968 1367 1081 1396 stricto
1108 1364 1214 1406 gladio
1229 1365 1265 1395 in
1281 1360 1354 1394 hos-

780 1419 842 1441 tem
857 1411 943 1449 ibat,
958 1413 1013 1452 qui
1027 1423 1101 1442 eum
1117 1412 1355 1446 vulneraverat,

780 1460 837 1498 qui
864 1457 943 1489 adeo
971 1458 1051 1488 alius
1078 1469 1113 1488 ac
1142 1458 1287 1488 diversus
1315 1456 1355 1487 ab

779 1507 891 1535 Turno
917 1515 981 1535 esse
1005 1505 1127 1535 debuit.
1153 1507 1238 1534 Tum
1265 1504 1356 1543 equis

779 1552 847 1588 ejus
864 1561 957 1580 manu
974 1550 1110 1580 dimissis
1123 1552 1253 1580 Turnus
1266 1551 1355 1580 iure-

780 1597 827 1626 hit
851 1607 988 1637 cumque
1014 1603 1207 1638 prostratum
1225 1596 1355 1627 obterit.

781 1661 826 1666 —-
849 1643 925 1681 375.
951 1643 1105 1680 aiacem,
1137 1643 1222 1673 binis
1253 1643 1355 1681 liciis,

781 1689 910 1720 filorum
937 1690 1124 1727 ordinibus,
1142 1700 1198 1721 seu
1213 1701 1254 1720 ex
1266 1690 1353 1727 lino,

780 1748 834 1766 sen
849 1748 890 1767 ex
906 1748 966 1767 :erc
990 1737 1198 1779 (bracteolis,
1225 1743 1354 1767 catenu-

781 1784 837 1819 lis,
861 1783 1026 1824 squamis)
1055 1784 1189 1821 factam;
1213 1790 1251 1814 ut
1275 1782 1354 1813 erili-

781 1841 849 1861 cem
862 1841 934 1872 sup.
946 1834 1017 1862 AEn.
1032 1831 1100 1868 111,
1117 1831 1179 1868 467
1193 1841 1202 1867 ς
1217 1831 1259 1866 V,
1274 1829 1354 1868 259.

780 1896 826 1901 —
845 1879 923 1915 376.
955 1879 1131 1919 Deguseat‚
1156 1883 1193 1906 ut
1217 1875 1352 1906 bibere:

780 1926 825 1955 sic
851 1926 914 1963 jam
942 1923 1088 1968 γεύεσθαι
1114 1932 1173 1964 pro
1199 1922 1354 1963 stringere

783 1972 819 2003 ll.
833 1981 862 2009 υ,
876 1971 940 2001 258
952 1982 960 2007 ;
974 1980 1007 2012 φ,
1018 1970 1074 2007 60,
1085 1969 1146 2006 (313
1162 1967 1237 1998 alibi
1249 1968 1307 1999 alia
1320 1967 1356 1998 fl-

781 2029 858 2059 gura
870 2014 1030 2061 ἐπέγραψε
1041 2013 1132 2058 χρόα.
1142 2016 1224 2045 Rota
1235 2022 1268 2045 et
1275 2015 1353 2046 axis

775 2074 930 2105 procursu
955 2062 1113 2099 concitus,
1138 2063 1241 2093 Turni
1264 2069 1351 2103 puta.

779 2128 827 2134 -
837 2110 878 2141 38
889 2121 899 2140 t
913 2132 921 2147 ,
938 2110 1014 2140 382.
1027 2111 1074 2140 De
1084 2108 1224 2139 vulneris
1233 2108 1307 2140 sede
1317 2119 1353 2139 ac

780 2156 877 2187 modo
899 2158 931 2187 in
957 2157 1023 2198 ipsa
1045 2156 1178 2186 cervicis
1205 2155 1351 2186 vertebra

779 2204 877 2242 tuam
896 2203 935 2235 cf.
951 2214 1022 2245 sup.
1037 2204 1102 2242 xt,
1122 2203 1186 2244 691
1199 2202 1335 2244 -693.
