1414 2435
577 51 699 81 LIBER
723 52 781 80 XI.

87 109 154 147 Sin
173 117 210 146 et
231 122 320 160 opes
339 108 468 154 nobis,
487 116 525 144 et
545 106 670 144 adhuc
686 106 827 144 intacta
841 107 1037 157 juventus,

38 158 45 164 ,
86 169 312 219 Auxilioque
331 168 444 205 urbes
462 167 584 213 Italae,
600 166 809 217 populique
827 176 1046 218 supersunt3

1226 181 1275 208 1120

87 230 153 267 Sin
172 238 208 267 et
225 228 396 281 Trojanis
414 241 500 266 cum
520 227 639 265 multo
659 227 780 277 gloria
798 229 902 266 venit

85 291 289 339 Sanguine,
310 298 472 339 suntque
490 289 562 326 illis
582 301 650 325 sua
668 288 819 334 funera,
837 301 982 339 parque
1000 302 1069 340 per
1088 290 1209 328 omnis

83 352 300 399 Tempestas
319 364 326 385 :
347 362 416 386 cur
433 348 632 386 indecores
652 349 690 386 in
709 349 837 386 limine
856 349 980 400 primo

82 409 308 446 Deficimus?
328 423 396 446 cur
413 418 499 446 ante
519 408 650 446 tubam
669 418 811 446 tremor
828 419 990 460 occupat
1009 412 1136 448 artus?

82 470 204 506 Multa
224 470 322 518 dies,
342 470 515 519 variique
534 470 643 507 labor
662 469 854 508 mutabilis
875 470 946 508 aevi

81 531 244 567 Rettulit
262 531 301 568 in
320 532 468 577 melius3
488 532 626 568 multos
644 531 788 568 alterna
805 532 972 569 revisens

82 591 207 636 Lusit,
224 600 261 628 et
279 592 317 628 in
336 591 458 629 solido
474 605 605 629 rursus
625 594 793 630 Fortuna
809 592 958 629 locavit.

81 743 149 762 rum
163 743 233 774 sup.
252 744 332 764 vers.
352 733 435 775 73),
450 734 527 764 felix
542 736 578 764 in
592 744 652 764 ma—

80 780 119 809 lis
137 780 202 809 suis
221 786 252 809 et
268 779 505 809 calamitatibus.
523 796 569 802 -—-
585 781 651 809 Hu-

80 835 166 854 mum
190 836 244 855 ore
268 824 438 854 momordic
455 835 466 853 .·
487 827 649 856 Homeric.

79 877 146 907 ——4
155 881 192 911 19
205 894 213 909 ‚
230 878 306 908 420.
317 871 457 912 Respicit
469 872 571 901 Latini
584 881 651 900 ver-

78 917 120 947 ba
135 928 229 958 supra
248 919 402 958 309—31
413 927 441 948 1.
469 917 564 947 Urbes
584 918 656 947 Ita--

80 964 140 1001 loe,
163 965 280 994 iterum
301 970 447 1004 respectu
466 963 647 1000 Diomedjs,

79 1016 228 1051 tanquam
243 1011 348 1041 Graeci
369 1017 401 1040 et
424 1011 525 1039 exteri
544 1009 647 1039 homi-

79 1056 138 1087 nis.
156 1058 346 1097 Supersunt,
370 1055 645 1096 superabundant,

79 1103 224 1140 Servius,
255 1102 342 1142 quod
367 1104 476 1132 Burm.
505 1102 648 1132 adstruit.

79 1165 125 1170 —
143 1153 219 1183 421.
238 1147 352 1177 Gloria
368 1158 428 1188 pro
442 1148 592 1184 victoria,
611 1154 650 1178 ut

79 1189 182 1228 κῦδος.
219 1193 272 1224 Ad
302 1194 489 1223 sententiam
519 1204 647 1233 compa-

78 1246 149 1269 rant
173 1250 234 1269 vss.
256 1240 444 1269 Homericos
464 1238 501 1269 11.
520 1250 555 1282 ρ,
580 1240 643 1270 361

77 1285 213 1322 —363,
238 1292 270 1315 et
293 1285 331 1315 ad
349 1297 381 1316 v,
409 1285 475 1320 425
500 1285 647 1315 laudatur

77 1333 188 1362 tritum
200 1331 281 1362 illud
294 1341 302 1362 ε
317 1328 383 1364 νίκη
397 1327 427 1360 δ’
439 1329 646 1374 ἐπαμείβεται

77 1373 194 1420 ἄνδρας
228 1377 318 1408 Iliad.
343 1388 384 1416 χ,
413 1378 490 1417 339.
518 1380 646 1409 Senten-

76 1424 149 1453 tiam
172 1431 278 1454 autem
303 1424 512 1461 tutissimam,
541 1430 646 1454 tamen

75 1469 206 1507 habuit,
231 1469 395 1510 quomodo
424 1470 528 1499 verbis
554 1480 646 1500 orna·

75 1522 123 1546 ret
136 1525 144 1547 :
162 1515 267 1546 Multa
283 1515 539 1552 dies—Fortuna
555 1516 642 1545 loca-

73 1561 123 1592 vit.
151 1562 290 1592 Enniani
321 1571 428 1591 versus
457 1568 532 1591 sunt
559 1561 645 1602 apud

72 1608 216 1638 Macrob.
233 1610 300 1645 VI,
316 1617 334 1637 2
348 1630 357 1645 ,
373 1617 454 1647 quos
474 1613 546 1637 ante
567 1618 643 1638 ocu-

73 1652 122 1682 los
135 1652 229 1683 fuisse
239 1654 367 1684 Maroni
379 1652 432 1682 ille
443 1659 551 1693 putat:
563 1654 644 1684 Mul-

73 1706 108 1728 ta
131 1697 200 1728 dies
223 1698 257 1727 ln
280 1698 363 1728 bello
386 1698 515 1740 conficit
539 1710 642 1737 unus;

73 1746 104 1774 Ε
105 1752 118 1774 t
124 1744 234 1774 muleae
243 1755 348 1774 rursus
352 1743 497 1785 sorcunae
498 1744 588 1786 [οι-ιε
598 1756 643 1775 re-

73 1790 233 1821 cumbunt.
250 1791 512 1831 Haudquaquam
536 1801 644 1830 quem-

72 1847 170 1878 quam
199 1847 323 1877 semper
342 1836 481 1878 fortuna
509 1844 643 1876 sequuta

72 1890 128 1914 est.
155 1885 194 1914 In
222 1884 356 1913 Marone
381 1882 473 1913 labor
499 1882 559 1912 aevi
583 1893 642 1923 pro

72 1940 140 1960 aevo
179 1930 365 1971 simpliciter
398 1939 470 1958 cum
511 1929 642 1959 notione

71 1985 222 2006 aerumnae
232 1998 240 2014 ‚
256 1986 326 2016 quae
338 1976 372 2005 in
385 1986 453 2005 aevo
469 1975 620 2005 toleratur
630 1998 638 2012 ‚

70 2021 210 2060 adjec1a3
230 2022 281 2052 die
307 2029 338 2052 et
361 2032 448 2059 aevo,
465 2020 498 2052 h.
514 2032 541 2052 e.
562 2028 640 2051 tem-

71 2069 158 2108 poris
193 2068 411 2099 vicissitudine
448 2068 556 2098 multae
591 2078 640 2097 res

70 2115 252 2145 mortalium
273 2116 309 2145 in
330 2115 444 2145 melius
464 2121 638 2145 mutamur.

68 2160 121 2191 Ad
138 2167 286 2192 ornatum
303 2167 447 2203 spectant
464 2161 610 2200 adjuncta
631 2170 638 2191 ι

705 744 804 764 oevum
823 732 972 769 varium,
995 734 1146 774 temporis
1165 733 1274 764 decur-

703 789 757 809 sus
779 781 816 809 in
835 789 900 819 quo
921 779 1048 809 fortuna
1071 781 1156 810 varia
1175 781 1272 819 jacta-

703 835 786 856 mur.
805 842 852 848 —-
871 830 949 861 424.
970 824 1147 867 Deficimur
1162 827 1272 857 Mont-

703 871 764 901 alb.
791 872 967 913 eleganter;
991 871 1096 909 judice
1120 873 1271 911 Heinsio,

703 928 798 957 quem
820 929 851 948 v.
867 916 906 946 ad
922 916 1016 948 Ovid.
1034 919 1116 958 Epp.
1133 920 1176 956 V,
1196 919 1272 950 150.

702 964 829 999 —425.
856 962 1032 1004 Variusque
1056 963 1163 1001 labor,
1182 965 1272 1005 quod

701 1009 846 1040 Macrob.
871 1016 903 1039 et
924 1011 1049 1041 Nonius
1075 1017 1271 1051 agnoscunt,

702 1055 854 1096 quodque
868 1055 1047 1086 Brunckius
1059 1058 1205 1094 retraxit,
1223 1067 1274 1087 an-

702 1108 732 1131 te
754 1103 864 1133 Heius.
889 1102 1072 1142 legebatur,
1093 1103 1149 1143 qui
1176 1105 1271 1134 Rom.

701 1147 819 1179 Medic.
836 1155 867 1177 et
881 1155 1001 1178 ceteros
1017 1149 1163 1179 meliores
1177 1148 1270 1180 codd.

699 1201 854 1234 sequutus
880 1200 926 1223 est
940 1203 949 1224 ε
966 1201 997 1224 et
1016 1201 1099 1224 recte
1110 1217 1119 1232 ‚
1146 1196 1250 1235 primo
1261 1218 1271 1232 ‚

700 1239 788 1280 quod
811 1239 981 1269 verborum
1005 1246 1036 1269 et
1058 1240 1272 1280 epithetorum

700 1285 868 1315 collocatio
882 1284 957 1314 inde
971 1286 1038 1315 exit
1050 1286 1193 1326 poetica:
1207 1297 1270 1315 va-

699 1330 741 1360 rii
764 1331 856 1361 labor
882 1330 1043 1360 mutabilis
1071 1330 1151 1368 aevi;
1166 1341 1270 1371 quum

697 1376 811 1406 varius
832 1376 925 1406 labor
946 1376 1107 1407 mutabilis
1130 1377 1188 1407 α’νί
1212 1378 1270 1407 mi-

698 1433 760 1452 nus
778 1422 908 1452 doctum
924 1424 983 1460 εἰη
997 1429 1065 1452 tum
1077 1445 1086 1460 ‚
1105 1423 1192 1464 quod
1205 1423 1271 1454 dic-

698 1475 766 1498 tum
791 1475 837 1498 est
858 1468 921 1498 hoc
944 1470 1050 1508 ipsum
1070 1469 1242 1509 elegantius
1259 1479 1268 1500 :

696 1513 788 1544 varii
801 1514 894 1544 labor
905 1513 1066 1544 mutabilis
1081 1515 1141 1544 aevi
1152 1526 1164 1545 .·
1178 1522 1215 1545 ut
1228 1516 1270 1547 sit

697 1571 798 1590 nevum
820 1560 951 1590 varium
960 1583 970 1597 ,
1002 1570 1067 1600 quo
1095 1562 1181 1591 varia
1206 1561 1269 1591 for-

698 1613 776 1636 tuna
792 1607 958 1645 jactamur.
978 1605 1084 1636 Labor
1106 1606 1268 1638 mutabilis

697 1652 728 1683 h.
748 1653 883 1683 mutatio
900 1653 1035 1688 laboris,
1052 1663 1268 1684 aerumnae.—

697 1699 803 1728 Labor
824 1696 916 1734 πόνος
928 1721 936 1736 ,
955 1709 1113 1734 aerumna,
1133 1699 1267 1729 mutabi-

696 1744 754 1780 lis,
776 1745 811 1774 in
831 1745 994 1774 meliorem
1014 1744 1174 1774 fortunam
1199 1755 1267 1774 mu-

696 1791 755 1819 tari
784 1790 895 1827 solita,
921 1791 1049 1819 alterna
1072 1796 1176 1830 potest
1200 1800 1266 1820 esse

696 1835 777 1865 dicta
799 1837 866 1876 ipsa
886 1837 1045 1871 Fortuna;
1072 1836 1133 1865 nisi
1153 1836 1265 1867 malis:

695 1881 822 1911 alterna
841 1878 968 1923 (κατὰ)
982 1880 1054 1911 lusit
1069 1888 1101 1911 ee
1113 1892 1217 1911 rursus
1230 1881 1263 1912 in

695 1927 797 1957 solido
823 1927 954 1964 locavit,
976 1928 1009 1957 in
1034 1925 1148 1965 firmo,
1173 1934 1264 1966 tuto,

695 1973 724 2005 ἐν
738 1975 781 2016 τῷ
797 1973 934 2016 σταθερῷ
946 1996 954 2011 ,
977 1980 1066 2003 antea
1084 1974 1118 2003 in
1138 1973 1264 2005 lubrico

693 2019 843 2050 labantes.
857 2037 903 2044 -—
920 2026 997 2059 427.
1020 2019 1161 2057 Ludere,
1184 2030 1264 2061 prae-

695 2073 741 2096 ter
761 2067 1029 2107 exspectationem
1048 2065 1168 2107 aliquid
1181 2067 1264 2096 infe-

693 2112 793 2143 rendo
812 2135 821 2150 ‚
858 2112 1012 2143 mutando
1041 2122 1049 2143 :
1074 2113 1263 2153 plerumque

693 2161 727 2190 in
743 2159 901 2198 ‹leterius3
921 2158 954 2191 h.
978 2159 1000 2190 l.
1023 2159 1057 2189 in
1081 2159 1202 2190 melius.
1223 2160 1262 2188 In

1214 53 1273 83 183
1318 73 1320 75 -
