1414 2435
102 75 163 95 120

597 64 790 96 AENEIDOS

99 123 247 160 Obvius
266 121 414 158 ardenti
431 133 511 158 sese
528 121 667 160 obtulit
687 137 695 159 z
716 123 778 159 ille
797 121 954 159 reducta

98 183 273 219 Loricam
297 181 496 231 clypeique
515 181 646 232 ingens
663 194 758 220 onus
775 181 921 232 inpedit
941 181 1056 218 hasta.

99 244 197 277 Tum
217 250 331 290 caput
350 241 492 279 orantis
511 241 789 291 nequidquam,
808 251 845 279 et
862 241 979 278 multa
997 238 1163 290 parantis

98 302 253 347 Dicere,
274 300 452 339 deturbat
471 311 602 347 terrae,
622 310 875 351 truncumque
896 308 1085 350 tepentem
1246 307 1294 332 ⁵55

98 362 346 408 Provolvens‚
366 375 481 412 super
499 361 581 400 haec
597 362 750 399 inimico
770 371 924 412 pectore
946 361 1046 397 fatur
1065 375 1072 396 :

100 439 113 453 «
136 422 224 458 Istic
243 434 362 468 nunc,
383 421 603 468 metuende,
616 421 699 472 jace
720 435 728 457 :
749 433 826 456 non
845 429 880 457 te
899 421 1043 470 optima
1060 427 1179 456 mater

99 482 245 519 Condet
261 481 386 528 humi,
405 482 579 531 patriove
597 480 772 518 onerabit
789 480 960 517 membra
978 479 1152 529 sepulcro
1171 494 1179 514 ε

100 541 264 579 Alitibus
280 542 453 591 linquere
471 541 582 588 feris;
604 550 669 578 aut
685 540 833 590 gurgite
850 551 1015 576 mersum

100 603 212 640 Unda
234 604 344 649 feret,
365 602 562 652 piscesque
581 601 720 651 inpasti
739 600 894 637 volnera
909 598 1087 636 lambent.
1108 614 1125 631 »

1246 607 1295 631 560

98 667 282 700 Protenus
301 666 474 699 Antaeum
494 671 531 699 et
551 665 710 708 Lucam,
730 662 853 711 prima
871 660 1019 710 agmina
1037 659 1176 705 Turni,

99 795 138 824 ab
177 797 284 825 AEnea.
327 794 524 829 Exsultans,
564 794 668 835 simpl.

99 841 286 881 prosiliens,
316 840 478 881 prodiens.
511 857 555 863 -—
586 841 648 870 552
660 863 668 878 ‚

103 888 180 917 553.
205 887 267 917 Ille
294 889 406 917 AEneas
431 886 521 927 (non
539 888 670 927 Tarqui·

100 932 173 974 tus)
203 932 297 962 hasta
321 934 469 968 reducta,
499 943 593 973 qnam
622 944 670 963 re-

99 979 232 1009 duxerat
246 980 353 1021 (conf.
369 991 440 1020 sup.
459 979 498 1009 ad
512 981 575 1017 IX,
591 978 670 1020 423)

100 1036 212 1067 magna
225 1033 331 1056 autem
347 1036 420 1056 cum
438 1027 469 1055 vi
482 1026 667 1063 immiserat,

100 1072 235 1113 impedit
248 1072 381 1103 loricam
396 1071 563 1112 clypeique
579 1083 666 1109 onus,

100 1117 256 1160 transfigit
265 1120 412 1159 Tarquiti
421 1118 571 1159 clypeum
585 1125 616 1149 et
627 1119 671 1149 lo-

99 1166 214 1202 ricam,
230 1166 275 1195 sic
295 1172 331 1195 ut
353 1164 452 1195 infixa
467 1164 554 1194 hasta
570 1164 669 1195 haere-

100 1219 166 1247 ret,
194 1222 253 1241 nec
281 1211 399 1241 retrahi
426 1211 516 1241 facile
546 1219 669 1252 posset3

99 1258 175 1288 hinc
194 1260 306 1288 AEueas
326 1264 450 1298 arrepto
473 1259 578 1287 statim
595 1268 669 1288 ense

99 1310 194 1345 caput
214 1303 332 1342 dejicit.
357 1305 485 1335 Servius
510 1303 667 1344 impedit:

98 1361 165 1381 non
184 1351 342 1391 permisit,
360 1351 432 1380 usui
454 1360 519 1381 esse
534 1351 574 1380 ad
592 1361 666 1392 pro-

98 1397 267 1438 tegendum
280 1397 486 1437 Tarquitum:
498 1407 602 1438 neque
615 1397 669 1427 ali-

100 1450 146 1473 ter
169 1443 280 1475 Cerda.
299 1445 421 1473 Verum
441 1451 537 1484 caput
554 1454 668 1484 parum

100 1497 207 1520 tuetur
221 1490 321 1520 lorica
337 1489 542 1531 clypeusque,
550 1490 604 1520 sed
620 1501 669 1531 ga-

98 1535 155 1565 lea.
185 1537 240 1566 Est
272 1543 376 1566 autem
416 1537 572 1576 exquisite
604 1536 668 1566 dic-

99 1589 167 1611 tum
186 1592 193 1612 z
213 1591 286 1611 nam
307 1583 412 1622 primo
436 1582 590 1611 tribuitur
607 1583 667 1623 ipsi

98 1630 220 1664 AEneae,
246 1628 333 1669 quod
363 1628 450 1658 hasta
477 1627 666 1668 impeditur,

99 1674 238 1704 dumilla
257 1685 313 1715 per
328 1674 457 1704 loricam
474 1681 503 1704 et
518 1674 667 1715 clypeum

98 1721 167 1750 vult
196 1728 376 1761 penetrare;
403 1731 478 1750 nam
503 1719 596 1750 hasta
624 1728 670 1751 est

100 1777 188 1797 vasus
206 1775 332 1804 sextus3
359 1768 454 1797 altera
473 1768 596 1807 poetica
620 1778 668 1797 ra-

101 1815 163 1849 tio,
180 1815 276 1854 magis
300 1813 410 1851 obvia,
436 1820 499 1851 est,
521 1814 547 1843 si
569 1812 670 1844 hasta:

98 1870 207 1889 sensus
225 1861 250 1889 is
265 1860 430 1896 tribuitur,
448 1866 485 1890 ut
499 1859 667 1901 impediat3

98 1907 139 1935 ita
158 1913 281 1947 poterat
297 1906 361 1936 dici
375 1917 382 1937 ε
400 1906 533 1936 loricam
557 1914 589 1936 et
601 1907 666 1946 cly-

95 1963 190 1991 peum
208 1952 339 1993 impedit
353 1953 446 1983 hasta
458 1976 466 1989 ,
482 1963 543 1994 pro
560 1953 668 1994 vulga-

99 2000 122 2027 ri
140 2009 147 2029 :
170 1998 264 2028 hasta
285 1999 454 2040 impeditur
475 1999 593 2034 lorica,
612 2010 666 2029 seu

97 2043 222 2073 hastam
239 2045 371 2085 impedit
385 2045 484 2075 lorica
496 2056 506 2075 .·
517 2056 589 2076 nam
602 2045 668 2075 has—

99 2097 126 2119 m
146 2091 309 2131 impr-dita,
330 2100 359 2121 et
382 2091 445 2121 lixa
465 2093 498 2122 in
515 2092 612 2122 lorica
637 2099 667 2122 et

98 2136 212 2176 clypeo
239 2144 363 2167 tenetur
379 2149 385 2168 :
410 2139 517 2179 sicque
546 2147 575 2169 et
603 2140 667 2179 ipse

97 2182 228 2223 clypeus·
243 2183 411 2223 impeditus
425 2193 468 2214 cst
478 2208 484 2217 .
501 2196 559 2216 uec
569 2185 667 2215 libere

723 795 790 835 regi
804 804 839 824 ac
853 795 975 824 moveri
987 800 1107 835 potest3
1122 803 1224 834 eoque
1236 804 1295 824 nec

722 841 793 878 ille,
812 841 869 881 qui
884 840 970 870 hasta
988 842 1100 870 utitur.
1127 839 1211 869 conf.
1235 841 1292 871 inf.

726 893 809 927 794,
829 888 905 927 795.
921 886 982 917 Sed
995 887 1030 916 in
1045 886 1111 922 his,
1126 895 1198 926 quae
1215 887 1293 916 reci-

722 944 819 974 proca
832 939 923 970 sunt,
941 940 1043 973 poetae
1057 932 1138 962 illud
1153 941 1292 972 sequun-

724 986 793 1018 tur,
808 979 895 1021 quod
913 980 1019 1009 minus
1033 979 1162 1019 vulgare
1176 985 1233 1008 est.
1247 996 1292 1002 —

726 1027 802 1063 554.
827 1028 914 1056 Tunc
934 1025 1032 1056 Goth.
1060 1032 1132 1055 tert.
1156 1035 1227 1054 cum
1243 1036 1292 1066 pr.

724 1079 756 1102 et
755 1073 853 1113 plura
856 1083 941 1113 para
946 1071 1007 1101 ntis
1015 1070 1144 1100 Hiscere
1151 1070 1293 1101 Parrhas.

723 1136 769 1144 —-
786 1120 851 1155 554
873 1129 941 1159 sqq.
968 1120 1089 1148 Iterum
1125 1117 1295 1147 Homerica

724 1165 893 1196 adumbrat
906 1166 940 1194 in
961 1175 1042 1204 sqq.‚
1055 1163 1143 1204 quod
1164 1163 1293 1204 quidem

723 1212 776 1242 hic
794 1212 912 1242 facturn
934 1211 1084 1241 nolimus.
1100 1210 1140 1241 cf.
1159 1220 1230 1251 sup.
1252 1210 1292 1240 ad

722 1269 754 1289 v.
772 1259 837 1289 520
850 1276 897 1281 —-
913 1258 990 1295 527.
1008 1257 1149 1287 Primum
1163 1256 1292 1297 quidem

723 1305 776 1346 φθε
765 1315 882 1359 γγου.
871 1304 935 1335 ένου
957 1299 988 1334 δ’
1012 1300 1076 1346 ἄρα
1097 1313 1131 1333 το
1119 1304 1190 1347 ὖγε
1210 1301 1292 1346 κάρη

721 1362 754 1381 r.
745 1349 853 1392 νίῃσιν
871 1349 980 1394 ἐμίχθη
999 1350 1165 1390 aliquoties
1182 1360 1294 1380 occur-

721 1399 778 1436 rit,
792 1399 938 1440 inprimis
956 1397 995 1427 de
1011 1396 1137 1427 Dolone
1151 1395 1241 1427 Iliad.
1255 1407 1292 1433 κ,

723 1446 801 1483 457,
827 1445 885 1475 nbi
906 1444 971 1474 vid.
990 1450 1062 1473 ante
1081 1443 1145 1479 454
1163 1453 1211 1483 sq.
1230 1445 1291 1473 Re-

720 1491 806 1532 liqua
819 1497 924 1522 autem
943 1501 984 1520 ex
1003 1489 1092 1520 Iliad.
1110 1498 1149 1530 ῳ,
1170 1498 1232 1518 120
1246 1505 1293 1511 -—-

726 1547 786 1574 127
808 1538 905 1577 petita
928 1542 1014 1566 sunt.
1037 1534 1123 1564 conf.
1150 1533 1238 1564 Iliad.
1256 1537 1291 1569 λ,

724 1583 787 1618 452
803 1593 872 1623 sqq.
883 1599 929 1606 —-
949 1581 1025 1612 558.
1053 1582 1158 1611 Humo
1174 1579 1290 1611 Medic.

722 1639 738 1659 a
753 1639 834 1659 man.
849 1639 910 1659 sec.
925 1635 955 1658 et
968 1627 1103 1658 Dorvill.
1121 1626 1294 1667 Patrioque

722 1675 883 1706 nonnulli.
908 1674 1074 1705 onerabat
1097 1673 1164 1703 duo
1184 1674 1292 1704 Burm.

723 1721 865 1751 oneravit
881 1720 969 1752 Gud.
988 1719 1117 1750 ornabit
1133 1721 1259 1761 Hagen.
1276 1731 1292 1750 a

722 1779 807 1798 man.
830 1779 893 1798 sec.
911 1766 1079 1797 honorabit
1096 1766 1244 1803 Dorvill.,
1260 1774 1291 1796 et

722 1814 871 1853 onerabit
891 1812 1113 1845 emendaverat
1128 1811 1292 1843 Acidalins

722 1871 772 1903 ap.
797 1863 902 1892 Heius.
919 1878 964 1884 —-
981 1857 1145 1891 Onerabit.
1167 1857 1292 1889 Scilicet

719 1908 900 1949 sepulcrum
911 1907 976 1937 h.1.
987 1913 1033 1937 est
1047 1903 1186 1936 tumulus
1196 1926 1204 1940 ‚
1220 1903 1290 1947 τύμ-

721 1950 792 1991 Εςς,
830 1954 996 1994 impositus
1025 1951 1150 1992 corpori
1162 1973 1170 1984 .
1202 1951 1289 1991 qnod

720 2000 795 2030 alias
811 1999 886 2029 inde
902 1998 1025 2029 tumulo
1034 1995 1142 2038 premi
1159 1996 1287 2027 dicitur.

719 2063 766 2069 —-
783 2045 859 2076 560.
877 2044 982 2075 Pisces
995 2043 1155 2079 lambent,
1173 2050 1209 2073 ut
1225 2044 1290 2073 Ho-

721 2102 825 2122 merus
839 2091 859 2121 1.
878 2101 905 2121 c.
924 2087 1208 2133 ἁπολιχμῆσενται,
1223 2101 1288 2120 snu-

720 2139 848 2181 guinem
866 2137 1022 2168 haurient.

769 2184 960 2221 561—564.
980 2186 1051 2215 Post
1065 2184 1141 2213 alins
1164 2183 1291 2215 Camer-
