1414 2435
493 62 554 91 AD
579 62 745 91 LIBRUM
769 63 843 91 XII.
1207 66 1271 96 335

70 122 312 152 delectationem
336 130 403 150 non
426 127 489 150 tam
511 119 545 148 id
567 120 685 160 quaeri‚
707 130 786 149 num
801 120 882 150 nihil
899 120 1043 152 alicunde
1068 122 1140 153 elici
1155 125 1275 164 possit.

72 176 159 218 quod
172 187 279 206 rerum
293 175 438 205 ordinem
453 181 483 204 et
497 174 630 204 modum
646 181 766 205 evertat
778 186 786 212 ;
797 176 840 204 ita
854 177 938 206 euim
953 179 1056 208 omnis
1066 178 1189 209 sublata
1198 188 1277 210 esset

72 237 103 260 et
120 229 209 260 fictio
222 237 253 260 et
271 240 312 259 ex
330 239 365 259 ea
381 228 548 259 delectatio
564 238 572 259 :
589 239 701 258 verum
718 237 755 258 ut
771 229 854 259 nihil
880 231 936 268 sit,
959 232 1047 272 quod
1066 232 1186 273 legenti
1197 257 1205 270 ‚
1225 234 1276 263 vel

70 285 210 315 audienti
232 290 413 321 succurrat,
440 284 645 324 scriptorisve
672 284 752 314 vitio
780 283 951 322 objiciatur
964 308 972 322 ‚
996 287 1083 326 quod
1106 287 1276 318 admonere

70 339 188 380 possit,
209 337 352 367 fraudem
375 337 424 367 his
446 338 589 375 subesse,
613 348 672 367 nec
695 337 776 375 hoc,
794 349 859 378 quo
874 340 1055 379 expositum
1079 348 1165 378 erat,
1179 342 1276 372 modo

71 403 118 422 res
133 399 186 422 aut
196 398 298 433 gestas
314 403 379 422 esse
393 399 447 422 aut
464 393 530 433 geri
542 393 694 432 potuisse.
709 393 843 423 Nullum
856 393 948 423 facile
963 400 1009 423 est
1023 401 1076 424 aut
1093 405 1156 425 esse
1173 404 1277 436 potest

68 447 165 478 ullius
179 447 284 488 operis
295 469 303 484 ,
324 446 412 487 quod
431 447 597 488 ingenium
613 447 789 477 humanum
805 449 946 488 peperit,
967 449 1115 489 inprimis
1130 451 1211 490 epici
1228 452 1277 481 vel

69 500 248 538 dramatici,
266 509 491 543 argumentum
505 503 548 532 ita
562 508 779 542 comparatum
791 524 799 539 ,
814 503 894 542 quin
906 503 1007 532 insint
1020 503 1174 533 nonnulla
1184 527 1192 541 ,
1206 514 1278 544 quae

67 567 126 587 nec
156 558 282 587 tractari
305 556 386 586 bene
398 579 407 594 ,
433 567 493 587 nec
520 567 642 587 summa
663 564 727 587 arte
756 564 887 587 tractata
909 558 1011 587 nitere
1037 559 1110 587 satis
1131 565 1275 598 possunt.

67 611 222 641 Omittere
237 611 291 641 illa
316 612 511 641 tutissimum
530 618 598 648 est,
616 617 671 640 aut
683 634 691 648 ,
713 612 739 641 si
759 612 864 641 omitti
889 618 1074 651 nequeunt,
1093 612 1158 641 levi
1180 622 1276 642 manu

68 670 200 694 tractare
211 688 219 702 ,
236 672 290 695 aut
307 666 502 695 ornamentis
518 675 649 695 onerare
662 688 670 702 ,
688 672 743 695 aut
761 675 955 706 quacunque
974 665 1033 695 alia
1059 666 1110 695 via
1131 665 1276 695 oblinere

68 717 120 746 illa
137 725 168 747 et
187 718 369 749 obscurare.
393 719 446 749 Ad
469 726 570 759 poetae
591 720 698 758 itaque
722 726 821 749 artem
837 725 959 759 spectat
973 718 1035 748 hoc
1052 719 1104 748 vel
1119 721 1256 749 maxime
1268 742 1275 755 ,

68 779 105 802 ut
116 795 123 809 ‚
140 782 211 811 quae
227 779 408 802 narrantem
422 783 454 801 se
472 779 638 812 premant,
655 783 695 801 ex
711 772 862 813 adspectu
874 795 882 809 ‚
901 783 996 803 sensu
1012 780 1043 802 et
1061 775 1214 804 memoria
1233 774 1276 804 le-

68 827 211 867 gentium
225 832 404 862 removeat,
421 824 596 865 seduloque
612 832 702 856 curet
713 848 721 863 ,
736 837 778 856 ne
792 825 841 864 id,
857 826 948 866 quod
957 828 1136 866 argumenti
1150 828 1184 857 in
1197 838 1278 857 non-

68 880 166 910 nullis
179 881 260 910 forte
272 880 448 910 vacillantis
463 887 578 910 natura
596 887 627 910 et
641 881 739 918 ratio,
754 888 809 911 aut
822 887 1004 922 temporum
1023 892 1195 922 rerumque
1211 893 1275 912 me-

68 934 186 972 moria,
200 935 330 975 ipsaque
343 934 549 965 historiarum
566 936 680 965 veritas
690 957 698 972 ,
715 945 830 975 parum
849 936 1008 966 commodi
1021 935 1116 966 habet
1126 959 1134 973 ‚
1148 947 1274 966 sensum

69 988 199 1029 legentis
212 996 342 1030 repente
357 989 448 1019 feriat
460 1013 467 1027 ‚
483 996 514 1019 et
530 989 726 1029 voluptatem
739 990 938 1030 interpellet,
953 1001 1016 1030 qua
1033 990 1184 1021 delinitus
1194 991 1275 1022 nihil

68 1049 176 1079 curat,
196 1042 278 1072 nihil
299 1042 339 1072 ad
363 1054 394 1072 se
410 1044 572 1083 pertinere
594 1049 703 1083 putat,
717 1043 804 1084 quod
822 1050 912 1073 extra
930 1055 997 1074 rem
1012 1050 1200 1084 praesentem
1216 1055 1275 1085 po-

70 1098 166 1127 situm
190 1104 245 1128 est.
267 1097 370 1127 Facile
394 1097 428 1127 id
455 1104 548 1138 poeta
567 1105 784 1138 consequetur
801 1098 840 1127 ab
858 1109 896 1128 eo
908 1121 917 1136 ,
935 1099 991 1139 qui
1006 1099 1145 1139 ipsarum
1168 1109 1274 1129 rerum

69 1150 341 1191 phantasmatibus
366 1161 555 1191 percussum
571 1151 712 1181 animum
731 1150 845 1190 habet3
872 1151 1036 1182 difficilius
1066 1152 1106 1182 ab
1124 1152 1200 1189 illo,
1218 1154 1274 1192 qni

70 1213 125 1235 aut
142 1212 254 1235 natura
271 1206 378 1235 minus
395 1215 497 1235 acrem
520 1216 629 1235 rerum
648 1216 777 1235 sensum
788 1228 797 1243 ‚
822 1212 877 1235 aut
899 1213 988 1236 aetate
1000 1228 1009 1243 ,
1033 1206 1118 1235 curis
1132 1228 1140 1242 ‚
1166 1216 1272 1235 rerum

70 1269 132 1288 usu
146 1259 322 1289 exercitum
340 1259 485 1289 animum
504 1257 543 1288 ad
561 1264 688 1298 poetam
702 1258 873 1299 legendum
889 1259 980 1288 affert
990 1281 999 1296 ‚
1015 1257 1156 1299 adeoque
1171 1281 1179 1296 ‚
1195 1258 1273 1289 dum

69 1313 246 1344 remissiore
263 1320 309 1343 est
327 1314 432 1343 animo
443 1336 452 1351 ‚
467 1312 505 1342 ad
519 1313 796 1343 animadvertenda
814 1324 866 1351 ea,
882 1324 953 1354 quae
964 1313 1101 1343 sedatius
1114 1313 1272 1351 judicium

70 1378 236 1408 suggerere
252 1373 357 1407 potest
370 1390 378 1404 ‚
394 1367 493 1408 magis
511 1373 558 1397 est
575 1368 783 1407 compositus.

117 1422 167 1451 Ex
184 1420 234 1450 his
249 1420 354 1450 adhuc
367 1420 460 1450 dictis
479 1419 530 1461 (1)
549 1420 684 1462 intelligi
699 1420 854 1457 arbitror,
877 1421 925 1450 uti
940 1430 1049 1450 sensus
1065 1422 1181 1461 cuique
1195 1432 1272 1451 suns

71 1475 106 1504 in
126 1473 176 1504 his
199 1474 430 1514 relinquendus
446 1481 492 1504 est
503 1497 511 1512 ,
528 1475 572 1504 ita
589 1476 624 1504 in
645 1474 924 1515 reprehensionem
940 1480 1066 1515 poetam
1085 1485 1158 1505 vere
1173 1475 1208 1504 in
1222 1474 1271 1504 his

71 1533 195 1558 tantum
210 1529 385 1566 incurrere,
397 1539 468 1569 quae
477 1528 713 1569 parumcedulo
727 1529 810 1558 cavit
825 1539 865 1558 ne
876 1529 981 1569 primo
993 1529 1126 1570 legentis
1141 1528 1271 1558 obtutui

71 1582 176 1612 statim
192 1589 407 1613 occurrerent.
428 1583 548 1613 Contra
559 1593 596 1612 ea
606 1605 615 1620 ‚
629 1593 701 1624 quae
715 1583 881 1614 subtiliore
894 1583 1018 1622 judicio
1033 1590 1065 1613 et
1079 1583 1270 1624 cogitatione

71 1637 243 1666 intentiore
253 1637 368 1674 elicias,
378 1638 413 1667 in
423 1646 589 1667 censuram
595 1638 704 1667 venire
714 1649 780 1668 non
788 1644 933 1679 possunt,
946 1638 1006 1668 nisi
1022 1644 1125 1668 totum
1138 1638 1204 1668 hoc
1220 1649 1271 1679 ge-

71 1700 132 1720 nus
150 1690 312 1730 ipsamque
328 1690 459 1720 Iliadem
471 1698 504 1721 et
519 1691 695 1732 odysseam
710 1702 784 1722 cum
794 1691 925 1723 AEneide
938 1691 1096 1722 sublatam
1105 1702 1171 1721 esse
1181 1691 1269 1721 velis.

71 1744 177 1783 Quam
186 1743 286 1773 multa
295 1744 380 1774 enim
392 1750 477 1781 sunt,
489 1754 562 1784 qnae
569 1746 757 1786 scrupulum
770 1746 896 1783 faciant,
910 1746 935 1774 si
949 1745 988 1775 de
999 1744 1170 1785 Penelopes
1181 1750 1269 1775 aetate

72 1796 132 1827 sub
144 1797 266 1839 Ulyssis
276 1797 413 1828 reditum
424 1804 479 1827 aut
489 1797 528 1828 de
538 1799 727 1830 Telemacho
737 1800 894 1829 curiosius
904 1808 1034 1839 quaeras.
1042 1798 1150 1828 Multo
1164 1798 1270 1828 minus

73 1850 194 1881 ferendi
206 1858 281 1882 sunt
291 1874 300 1889 ,
315 1853 371 1892 qui
385 1851 477 1881 nullo
489 1852 628 1892 poetices
643 1863 737 1883 sensu
748 1853 866 1883 imbuti
881 1853 921 1883 ad
938 1853 1115 1883 dialecticas
1133 1853 1270 1883 rationes

74 1910 129 1934 aut
142 1903 182 1934 ad
198 1904 357 1935 historicae
371 1905 494 1935 critices
513 1916 649 1936 canones
662 1907 782 1946 epicam
799 1907 911 1947 poesin
927 1907 1060 1946 exigunt
1070 1928 1078 1943 ‚
1098 1912 1152 1935 aut
1168 1915 1268 1947 gram-

75 1959 195 1989 maticis
209 1959 352 1989 minutiis
374 1958 518 2000 impediti
533 1959 767 1990 calumniantur
779 1966 905 2001 poetas,
921 1961 977 2001 qui
991 1967 1096 1990 tamen
1111 1970 1177 1989 non
1188 1959 1270 1997 ‚nisi

76 2019 114 2040 eo
127 2011 246 2052 ingenii
262 2019 411 2043 contactu
421 2035 430 2051 ,
448 2023 548 2054 eoque
571 2022 680 2050 sensu,
697 2024 762 2054 quo
779 2014 840 2054 ipsi
854 2015 1025 2054 scripsere,
1042 2012 1168 2054 legendi
1181 2018 1265 2042 sunt.

74 2062 125 2093 Ex
137 2073 294 2105 eogenere
309 2066 396 2097 fuere
406 2067 488 2097 Zoili
502 2072 613 2108 totque
628 2068 912 2109 Homeromastiges
925 2074 957 2098 et
965 2066 1246 2109 Virgiliomastiges
1258 2076 1265 2102 ;

113 2185 147 2213 (ι)
158 2183 263 2209 Ducem
276 2192 369 2219 sequor
385 2189 413 2212 in
426 2188 469 2213 his
486 2187 539 2212 fere
557 2189 733 2213 Aristotelem
751 2189 784 2214 de
804 2190 915 2221 poetice.
