1414 2435
132 61 195 91 388
414 60 449 89 P.
474 57 657 87 VIRGILII
681 56 877 87 MARONIS
902 57 1020 88 CIRIS.

133 122 260 164 Quum
282 126 389 166 pater
405 116 611 153 exstinctus
631 127 730 151 caeca
748 114 818 151 sub
838 123 949 152 nocte
965 116 1114 159 lateret,

131 179 190 215 Illi
212 190 280 227 pro
302 176 441 226 pietate
460 188 528 213 sua
547 174 656 225 (nam
678 186 776 223 saepe
796 173 940 223 tepenti

133 237 321 286 Sanguine
338 244 535 272 taurorum
553 233 713 282 supplex
731 241 962 281 resperserat
982 245 1083 277 aras3
1279 239 1325 262 3²5

132 300 240 346 Saepe
258 295 371 332 deum
388 295 494 344 largo
511 293 708 330 decorarat
727 305 884 328 munere
904 291 1054 341 sedes3)

131 354 310 392 Reddidit
328 362 496 404 optatam
513 361 659 390 mutato
677 364 839 401 corpore
858 351 993 398 vitam,

130 415 235 452 Fecit
254 423 290 451 et
307 414 346 450 in
367 413 476 450 terris
496 413 704 450 Haliaeetus
720 412 796 448 ales
816 419 858 447 ut
876 419 983 448 esset.

133 474 284 523 Quippe
303 473 438 522 aquilis
456 485 605 522 semper
624 471 763 522 gaudet
783 471 874 509 deus
894 472 956 508 ille
976 484 1166 508 coruscus.

130 534 230 570 Huic
250 545 341 569 vero
362 533 526 577 miserae,
546 531 727 582 quoniam
749 531 924 568 damnata
944 530 1103 567 deorum
1279 538 1325 562 53⁰

130 597 151 630 J
154 592 280 629 udicio
300 593 477 643 gnatique
496 601 533 629 et
552 591 721 642 conjugis
741 600 825 628 ante
845 591 994 636 fuisset,

131 651 263 688 Infesti
281 651 533 701 adposuitque
554 650 685 687 odium
705 650 858 686 crudele
878 649 1055 698 parentis.

130 714 321 761 Namque,
341 712 440 749 utin
459 712 617 748 aetherio
636 711 831 761 signorum
850 722 1006 747 munere
1023 717 1223 759 praestans,

132 773 260 807 Unum
277 782 389 819 quem
407 770 550 818 duplici
569 771 762 805 stellarum
781 769 905 805 sidere
925 768 1022 812 vidi,

131 829 312 878 Scorpius
333 828 485 864 alternis
504 827 646 864 clarum
667 828 771 876 fugat
789 827 934 863 Oriona
955 842 962 860 :
1279 833 1326 856 535

132 889 195 926 Sic
214 889 312 925 inter
328 900 408 924 sese
427 887 544 923 tristis
563 886 765 922 Haliaeetus
784 887 878 930 iras,

131 951 179 984 Et
197 949 310 993 Ciris,
330 947 489 984 memori
506 955 658 983 servant
676 946 723 982 ad
741 946 877 982 saecula
898 946 986 982 fato.

133 1011 382 1057 Quacumque
400 1007 463 1043 illa
482 1007 603 1042 levem
624 1005 771 1054 fugiens
791 1013 891 1041 secat
910 1003 1052 1040 aethera
1071 1005 1222 1052 pennis,

132 1070 228 1104 Ecce
247 1067 419 1103 inimicus
440 1075 549 1102 atrox
567 1076 704 1113 magno
722 1062 887 1100 stridore
905 1075 975 1113 per
993 1075 1104 1099 auras

132 1129 350 1176 Insequitur
369 1126 500 1171 Nisus;
521 1137 597 1174 qua
616 1137 655 1161 se
676 1124 748 1160 fert
766 1123 880 1161 Nisus
900 1122 948 1159 ad
969 1135 1098 1166 auras,
1282 1132 1329 1159 ⁵50

135 1188 201 1223 Illa
219 1188 339 1224 levem
363 1186 508 1235 fugiens
528 1184 667 1233 raptim
687 1193 787 1221 secat
807 1183 948 1220 aethera
967 1182 1109 1232 pennis.

182 1313 373 1342 530—532.
396 1312 557 1350 Quoniam
573 1309 701 1339 damna·
756 1315 787 1337 et
801 1308 961 1349 conjugis,
979 1318 1039 1348 pro
1052 1315 1157 1338 amato
1174 1319 1191 1337 a
1205 1309 1324 1348 Scylla.

137 1366 165 1387 ta
183 1360 282 1388 fuerat
301 1359 343 1387 ob
359 1358 479 1387 crimen
493 1355 614 1396 judie-io
628 1355 702 1384 deo·
757 1353 795 1383 ad
808 1364 934 1395 poenam
947 1354 987 1383 ab
1003 1365 1038 1383 ea
1052 1353 1260 1395 expetendam
1277 1354 1328 1385 ad·

136 1415 201 1433 rum
220 1412 249 1433 et
268 1406 365 1445 ipsius
387 1402 520 1437 Minois,
537 1401 649 1443 gnati,
670 1400 702 1429 h.
757 1399 842 1429 ditus
864 1407 910 1429 est
925 1407 1012 1441 pater
1028 1401 1160 1430 infestus
1172 1423 1179 1436 ,
1201 1399 1323 1429 haliwe-

135 1461 161 1479 e.
178 1451 242 1479 nati
255 1450 403 1485 deorum,
421 1456 450 1479 et
466 1448 594 1489 quidem
607 1447 701 1480 lovis,
759 1453 810 1476 tus
829 1446 939 1476 factus.
