1414 2435
502 67 765 98 CATALECTA.
1168 69 1229 108 399

592 181 679 215 XII.

172 285 212 307 IN
233 283 430 307 POMPEIUM
458 284 641 315 MAGNUM,
661 283 734 306 VEL
754 283 795 305 IN
816 284 1100 306 MITHRIDATEM.

41 363 222 412 Adspice,
243 376 354 413 quem
373 363 500 400 valido
522 362 726 400 subnixum
746 361 865 412 gloria
885 375 1001 412 regno

91 424 214 460 Altius
234 432 270 460 et
288 424 372 459 coeli
390 423 542 461 sedibus
559 424 764 468 extulerat,

40 486 243 520 Terrarum
263 484 326 520 hic
342 482 442 520 bello
462 496 639 532 magnum
658 492 897 520 concusserat
917 481 1067 530 orbem;

92 544 163 579 Hic
183 555 289 592 reges
308 543 407 580 Asiae
428 543 592 592 fregerat
611 551 648 580 et
666 543 840 593 populos.

41 602 112 638 Hic
133 615 247 651 grave
267 602 462 639 servitium
482 602 568 648 tibi,
587 603 664 652 jam
685 603 773 648 tibi,
795 605 933 648 Roma,
955 601 1116 647 ferebat3

91 664 224 698 Cetera
239 675 401 711 namque
417 662 491 698 viri
508 663 665 712 cuspide
684 663 943 708 conciderant3

41 724 169 767 Quum
187 720 314 758 subito
331 721 370 756 in
390 721 516 757 medio
533 735 661 759 rerum
679 723 883 758 certamine
902 733 1069 770 praeceps

92 781 267 826 Com-uit,
286 795 306 816 e
325 781 448 830 patria
465 780 596 829 pulsus
615 781 653 816 in
674 780 857 817 exsilium.

39 841 128 876 Tale
147 840 226 877 deae
244 853 383 876 numen
390 855 400 886 ;
419 840 484 877 tali
501 840 675 877 mortalia
694 849 789 877 nutu

92 899 217 935 Fallax
237 908 427 936 momento
445 900 626 949 temporis
642 900 736 936 hora
755 900 868 937 dedit.
1205 916 1231 930 ιω

581 992 691 1026 XIII.

422 1095 469 1115 AD
491 1093 689 1116 ANTONIUM
711 1094 849 1117 Mus-AM.

46 1177 296 1224 Quocumque
312 1174 369 1210 ire
388 1172 514 1210 ferunt
531 1173 646 1209 variae
663 1185 732 1209 nos
756 1181 925 1222 tempora
944 1174 1047 1217 vitae,

93 1235 262 1282 Tangere
279 1245 372 1282 quas
392 1242 528 1278 terras,
547 1245 718 1283 quosque
737 1231 867 1268 videre
887 1232 1074 1277 homines3

42 1293 278 1342 Dispercam‚
298 1293 329 1330 si
349 1301 385 1330 te
404 1293 517 1330 suerit
533 1293 628 1329 mihi
649 1292 774 1329 carior
793 1292 896 1329 alter.

95 1354 201 1389 Alter
216 1352 316 1389 enim
335 1353 419 1401 quis
439 1362 474 1389 te
497 1353 644 1390 dulcior
664 1365 743 1389 esse
763 1355 910 1402 potest?

290 1477 364 1505 XII.

530 1535 546 1552 d

88 1571 252 1600 Disertum
287 1577 413 1597 carmen
427 1590 435 1603 ,
470 1573 614 1608 apertum

44 1617 253 1656 planumque,
267 1614 430 1643 sententiis
444 1613 613 1653 verbisque

43 1661 204 1702 gravibus,
215 1659 274 1689 Sed
282 1681 291 1695 ,
303 1660 338 1687 in
350 1669 444 1698 quem
458 1660 613 1699 scriptum

43 1707 123 1737 illud
145 1707 203 1742 sit,
223 1703 345 1744 liquido
370 1714 437 1734 non
461 1711 584 1734 constat
602 1715 611 1736 ε

43 1754 101 1784 etsi
118 1753 175 1782 vix
191 1751 312 1790 assequi
327 1750 419 1786 licet,
435 1760 500 1790 quo
516 1750 612 1781 modo

43 1806 137 1830 tantae
158 1808 265 1827 rerum
287 1797 522 1833 conversionis,
539 1807 612 1836 quae

42 1846 105 1876 hoc
142 1845 280 1874 carmine
310 1849 474 1879 narratur,
500 1849 611 1872 auctor

43 1892 199 1922 obscurus
213 1900 278 1919 esse
293 1890 400 1929 possit.
418 1890 450 1919 Si
464 1899 498 1918 ea
519 1889 608 1918 colli-

42 1948 112 1978 gas,
130 1947 201 1978 quae
214 1935 252 1966 de
266 1945 380 1975 magno
392 1935 455 1964 hoc
468 1936 554 1972 viro,
569 1934 608 1964 de

42 1984 177 2014 fortnnae
189 1983 312 2024 fastigio
329 1981 470 2019 dejecto,
490 1992 608 2012 memo-

44 2037 169 2066 rantur,
185 2039 281 2059 nemo
295 2030 329 2058 in
346 2028 475 2058 historia
491 2031 606 2058 Roma-

44 2087 102 2112 na,
123 2075 189 2104 sive
212 2082 302 2112 ante,
323 2075 389 2104 sive
412 2081 484 2115 post
502 2076 606 2116 Virgi-

43 2122 123 2151 lium
139 2122 294 2158 occurrit,
316 2121 369 2151 cui
386 2122 460 2151 satis
478 2131 512 2150 ea
530 2131 607 2151 con·

44 2169 181 2198 veniant.
208 2167 375 2207 Pompeius
398 2169 534 2208 ,Magnus
549 2175 607 2197 sta-

668 1478 724 1505 tim
747 1476 872 1505 lectoris
893 1477 1000 1505 animo
1024 1477 1185 1511 occurrit,
1205 1478 1237 1505 iu

667 1532 732 1560 quo
758 1522 895 1551 fortunae
923 1521 1106 1551 vicissitudo
1129 1528 1160 1551 et
1190 1524 1239 1551 in-

668 1569 843 1596 constantia
860 1569 952 1597 etiam
977 1577 992 1595 a
1010 1568 1114 1607 poetis
1132 1569 1237 1597 notari

666 1613 762 1649 solet3
778 1613 833 1641 sed
846 1615 880 1642 in
894 1623 967 1642 eum
980 1623 1091 1653 parum
1109 1616 1238 1654 proprie

666 1658 729 1688 dici
744 1665 847 1699 potest
865 1659 961 1696 illud,
977 1659 1065 1699 quod
1090 1670 1107 1688 e
1123 1660 1234 1699 patria

659 1706 772 1745 pulsus
782 1705 814 1734 in
829 1705 976 1734 exsilium
988 1712 1043 1735 est.
1054 1705 1234 1735 Dicendum

664 1748 776 1792 igitur,
792 1751 945 1791 scriptum
961 1761 1025 1780 esse
1040 1762 1167 1781 carmen
1178 1751 1236 1781 illo

665 1798 817 1837 temporis
841 1797 1025 1833 intervan‚
1048 1808 1109 1838 qua
1136 1797 1232 1828 Phar-

663 1844 736 1872 salia
756 1843 877 1884 fugatus
894 1845 1066 1885 AEgyptum
1085 1845 1234 1884 petierat,

661 1889 798 1919 necdum
814 1889 852 1920 de
868 1891 935 1929 ejus
950 1889 1034 1920 caede
1057 1890 1229 1920 constabat.

898 1984 989 2014 XIII.

707 2076 842 2105 Antonii
865 2076 985 2111 Musae,
1018 2073 1131 2104 medici
1162 2078 1229 2105 Au-

660 2122 759 2162 gusti,
774 2131 890 2151 nomen
913 2131 980 2150 non
996 2120 1170 2151 obscurum
1186 2129 1231 2150 est

662 2167 712 2197 vel
728 2178 767 2197 ex
783 2169 912 2199 Sueton.
932 2168 1016 2208 Aug.
1037 2168 1089 2207 59.
1107 2167 1170 2197 vid.
1192 2168 1229 2196 al.
