1414 2435
238 77 1181 136 P.V1RG1L11MARONIS

429 249 987 337 AENEIDOS

317 459 584 526 LIBER
657 459 1083 528 DECIMUS.

105 639 222 651 mnu
226 639 284 650 ιιι
288 640 1277 654 mmuaemmmmtmmmwmnwmwaemwom
1281 640 1301 650 ν

481 734 934 800 ARGUMENTUM.

151 890 292 918 Jurrrmz
306 911 314 926 ,
335 894 511 918 convocato
533 886 666 917 deorum
687 887 841 923 concilio,
868 885 907 916 ad
929 885 1130 916 concordiam
1146 887 1229 927 ipsos
1247 886 1300 916 ad‘

102 943 258 974 hortatur.
269 961 315 966 —
334 943 384 973 15.
399 942 451 972 Ibi
468 943 577 971 Venus
597 941 635 972 de
651 942 864 980 Trojanorum
885 941 1028 981 periculo
1039 963 1047 978 ,
1067 940 1300 981 insatiabilique

103 996 124 1027 J
127 997 242 1027 unonis
263 996 339 1026 odio
356 997 562 1036 conqueritur
573 1018 581 1032 ,
598 995 794 1035 aliquamque
814 993 940 1023 tandem
960 1000 1007 1023 tot
1021 993 1233 1024 calamitatum
1253 1005 1300 1023 re-

103 1050 212 1089 quiem
225 1049 422 1090 petit—62.
437 1050 525 1080 Juno
543 1055 652 1078 contra
676 1048 832 1078 malorum
848 1047 992 1076 omnium
1015 1056 1154 1076 caussam
1168 1047 1203 1076 in
1221 1048 1301 1076 Tro-

101 1104 206 1142 janos,
226 1104 325 1133 veluti
341 1104 460 1144 primos
477 1103 555 1132 belli
578 1108 723 1132 auctores
734 1124 743 1138 ,
760 1107 854 1140 atque
872 1100 950 1129 adeo
971 1101 1006 1129 in
1020 1102 1178 1129 Venerem
1199 1100 1299 1140 ipsam

104 1156 329 1196 rejicit—95.
348 1158 477 1187 Frustra
506 1157 612 1196 itaque
643 1160 760 1185 tentata
783 1154 1042 1184 reconciliatione
1070 1154 1218 1194 Jupiter,
1244 1155 1300 1184 ubi

103 1211 229 1241 nullum
253 1210 339 1241 videt
360 1221 425 1241 esse
448 1211 692 1241 contentionum
708 1208 823 1246 finem,
837 1219 878 1238 ne
900 1215 955 1238 aut
977 1218 1112 1238 uxorem
1130 1215 1184 1238 aut
1201 1207 1298 1238 filiam

101 1265 246 1303 laederet,
261 1276 293 1295 se
316 1272 503 1296 neutrarum
518 1266 657 1305 partium
671 1262 774 1292 studia
795 1269 1007 1302 sequuturum
1022 1264 1224 1302 pronuntiat,
1243 1263 1298 1293 sed

102 1332 161 1362 pro
176 1330 233 1350 sua
252 1321 395 1361 aequitate
411 1320 518 1349 omnia
530 1319 600 1348 fatis
615 1328 679 1348 esse
695 1317 978 1358 permissurum—
992 1326 1005 1345 1
1016 1326 1027 1344 1
1037 1326 1066 1353 7.
1086 1316 1217 1345 Interim
1231 1318 1295 1347 Ru-

100 1376 158 1405 tuli
182 1375 255 1405 totis
279 1374 401 1405 viribus
427 1373 466 1403 ad
490 1373 762 1414 oppugnationem
780 1370 934 1407 redeunt,
952 1381 1019 1400 non
1043 1371 1167 1400 minore
1189 1371 1296 1400 animo

100 1428 219 1459 obsessi
232 1439 264 1458 se
282 1427 322 1458 ad
340 1427 555 1458 defensionem
571 1432 736 1466 parant—
748 1424 822 1460 145.
842 1426 926 1454 Dum
941 1423 1007 1453 haec
1025 1424 1061 1454 in
1074 1424 1162 1454 Latio
1181 1435 1295 1465 gerun-

101 1488 153 1511 tur
163 1504 171 1519 ,
189 1483 300 1511 AEueas
312 1505 320 1519 ,
336 1481 431 1512 rebus
449 1482 485 1510 in
501 1481 629 1511 Etruria
644 1490 685 1509 ex
700 1479 797 1509 animi
811 1479 964 1508 sententia
987 1477 1137 1508 confectis
1149 1499 1157 1514 ‚
1177 1478 1295 1507 multo-

98 1547 234 1577 rumque
251 1537 312 1566 sibi
335 1536 530 1578 populorum
551 1535 677 1564 auxiliis
699 1534 874 1573 adjunctis,
899 1534 1025 1575 triginta
1046 1533 1177 1562 navium
1202 1531 1296 1561 classe

98 1590 136 1621 ad
149 1601 223 1621 suos
234 1591 398 1621 revehitur
407 1608 452 1614 —-
464 1600 481 1619 2
490 1596 541 1627 14.
559 1589 610 1620 Ibi
622 1588 803 1630 Nymphas,
821 1588 930 1629 paullo
944 1594 1014 1617 ante
1030 1588 1065 1617 iu
1078 1597 1145 1616 eam
1161 1585 1295 1616 formam

98 1654 139 1673 ex
166 1644 300 1674 navibus
326 1645 391 1674 suis
411 1644 663 1680 transformatus,
681 1642 790 1672 obvias
815 1641 911 1671 habet
928 1650 935 1671 :
953 1651 993 1670 ex
1011 1640 1049 1669 iis
1074 1646 1105 1669 et
1128 1638 1166 1669 de
1192 1639 1295 1669 classis

98 1697 265 1726 amissione
291 1703 323 1726 et
347 1696 386 1726 de
407 1707 540 1727 snorum
557 1697 701 1737 periculo
721 1696 837 1726 certior
858 1693 1145 1724 redditur—255.
1166 1691 1244 1721 Inde
1260 1692 1295 1721 in

97 1751 237 1781 hostium
261 1761 360 1791 usque
383 1757 590 1791 conspectum
613 1750 790 1790 profectus,
807 1749 913 1789 copias
931 1757 1001 1778 suas
1020 1747 1163 1787 exponit.
1183 1745 1294 1776 Rutuli

97 1805 334 1847 oppugnatione
349 1803 519 1841 desistunt,
533 1809 799 1842 occurrentesque
814 1802 852 1831 ad
866 1802 942 1831 litus
959 1808 1041 1831 terra
1053 1800 1174 1829 hostem
1190 1797 1295 1839 prohi-

97 1858 172 1888 bere
194 1864 360 1888 conantur.
386 1858 504 1899 Magno
522 1857 683 1896 utrimque
708 1855 899 1885 detrimento
919 1852 1224 1894 pugnatur—364.
1244 1851 1294 1881 Ibi

98 1913 196 1945 Pallas
207 1935 216 1951 ,
232 1923 345 1954 magna
368 1913 457 1953 prius
480 1911 562 1942 edita
579 1911 718 1942 hostium
737 1915 837 1949 strage
848 1931 856 1945 ‚
877 1906 1001 1937 tandem
1017 1917 1033 1935 a
1049 1908 1160 1937 Turno
1177 1905 1277 1935 occidi
1288 1923 1294 1927 -

98 1967 292 2008 tur—509.
312 1967 411 2006 Cujus
430 1967 475 1997 rei
494 1966 602 1996 dolore
627 1966 764 2006 percitus
789 1965 900 1993 AEneas
912 1985 920 1999 ‚
944 1971 1074 2002 magnos
1099 1960 1293 1991 Rutulorum

97 2031 223 2052 acervos
245 2023 348 2052 amico
370 2021 497 2052 inferias
513 2021 665 2050 mittit—
679 2020 742 2049 601
765 2028 772 2049 :
795 2017 950 2048 Ascanius
975 2025 1103 2057 quoque
1125 2015 1293 2055 eruptione

97 2074 177 2104 facta
200 2086 270 2105 suas
295 2086 367 2106 cum
394 2081 482 2117 patre
507 2075 613 2115 copias
637 2071 944 2114 conjungit—605.
969 2069 1095 2110 Quibus
1116 2067 1210 2097 rebus
1226 2078 1294 2108 per-

96 2133 181 2157 mota
201 2130 310 2167 Juno,
326 2136 357 2159 et
374 2139 434 2170 pro
454 2131 566 2160 Turno
581 2127 713 2158 sollicita
725 2149 733 2164 ‚
751 2127 916 2166 impetrata
941 2133 958 2153 a
982 2125 1063 2154 Jove
1085 2121 1174 2152 venia
1186 2143 1194 2158 ‚
1215 2131 1292 2161 prae-

97 2182 178 2213 senti
203 2193 276 2214 eum
296 2183 440 2225 periculo
458 2183 566 2224 eripit,
587 2182 709 2221 objecta
727 2180 780 2210 illa
799 2179 871 2209 falsa
894 2180 1000 2209 AEueae
1020 2176 1173 2218 imagine,
1195 2185 1287 2216 quam
