<?xml version="1.0" encoding="UTF-8"?>
<!DOCTYPE html PUBLIC "-//W3C//DTD XHTML 1.0 Transitional//EN"
    "http://www.w3.org/TR/xhtml1/DTD/xhtml1-transitional.dtd">
<html xmlns="http://www.w3.org/1999/xhtml" xml:lang="en" lang="en">
 <head>
  <title>
</title>
<meta http-equiv="Content-Type" content="text/html;charset=utf-8" />
  <meta name='ocr-system' content='tesseract 3.04.00' />
  <meta name='ocr-capabilities' content='ocr_page ocr_carea ocr_par ocr_line ocrx_word'/>
</head>
<body>
  <div class='ocr_page' id='page_1' title='image "./operahey04virguoft_0246.png"; bbox 0 0 1414 2435; ppageno 0'>
   <div class='ocr_carea' id='block_1_1' title="bbox 125 84 190 115">
    <p class='ocr_par' dir='ltr' id='par_1_1' title="bbox 125 84 190 115">
     <span class='ocr_line' id='line_1_1' title="bbox 125 84 190 115; baseline -0.015 0"><span class='ocrx_word' id='word_1_1' title='bbox 125 84 190 115; x_wconf 83' lang='lat'>236</span> 
     </span>
    </p>
   </div>
   <div class='ocr_carea' id='block_1_2' title="bbox 625 76 820 111">
    <p class='ocr_par' dir='ltr' id='par_1_2' title="bbox 625 76 820 111">
     <span class='ocr_line' id='line_1_2' title="bbox 625 76 820 111; baseline 0.01 -2"><span class='ocrx_word' id='word_1_2' title='bbox 625 76 820 111; x_wconf 79' lang='lat' dir='ltr'>AENEIDOS</span> 
     </span>
    </p>
   </div>
   <div class='ocr_carea' id='block_1_3' title="bbox 123 136 1321 431">
    <p class='ocr_par' dir='ltr' id='par_1_3' title="bbox 123 136 977 189">
     <span class='ocr_line' id='line_1_3' title="bbox 123 136 977 189; baseline -0.006 -10"><span class='ocrx_word' id='word_1_3' title='bbox 123 143 296 179; x_wconf 87' lang='lat' dir='ltr'>Pilumno</span> <span class='ocrx_word' id='word_1_4' title='bbox 316 150 411 189; x_wconf 83' lang='lat' dir='ltr'>quos</span> <span class='ocrx_word' id='word_1_5' title='bbox 430 138 513 188; x_wconf 83' lang='lat' dir='ltr'>ipsa</span> <span class='ocrx_word' id='word_1_6' title='bbox 528 136 642 173; x_wconf 87' lang='lat' dir='ltr'>decus</span> <span class='ocrx_word' id='word_1_7' title='bbox 659 137 763 174; x_wconf 85' lang='lat' dir='ltr'>dedit</span> <span class='ocrx_word' id='word_1_8' title='bbox 781 136 977 185; x_wconf 81' lang='lat' dir='ltr'>Orithyia,</span> 
     </span>
    </p>

    <p class='ocr_par' dir='ltr' id='par_1_4' title="bbox 124 196 1321 369">
     <span class='ocr_line' id='line_1_4' title="bbox 126 196 1057 247; baseline -0.005 -10"><span class='ocrx_word' id='word_1_9' title='bbox 126 201 202 247; x_wconf 89' lang='lat' dir='ltr'>Qui</span> <span class='ocrx_word' id='word_1_10' title='bbox 219 199 381 236; x_wconf 83' lang='lat' dir='ltr'>candore</span> <span class='ocrx_word' id='word_1_11' title='bbox 397 198 503 235; x_wconf 86' lang='lat' dir='ltr'>nives</span> <span class='ocrx_word' id='word_1_12' title='bbox 522 197 727 243; x_wconf 77' lang='lat' dir='ltr'>anteirent,</span> <span class='ocrx_word' id='word_1_13' title='bbox 743 196 916 234; x_wconf 81' lang='lat' dir='ltr'><strong>cursibus</strong></span> <span class='ocrx_word' id='word_1_14' title='bbox 935 209 1057 233; x_wconf 81' lang='lat' dir='ltr'>auras.</span> 
     </span>
     <span class='ocr_line' id='line_1_5' title="bbox 126 257 1321 309; baseline -0.004 -11"><span class='ocrx_word' id='word_1_15' title='bbox 126 263 379 299; x_wconf 83' lang='lat' dir='ltr'>Circumstant</span> <span class='ocrx_word' id='word_1_16' title='bbox 395 258 550 309; x_wconf 85' lang='lat' dir='ltr'><strong>properi</strong></span> <span class='ocrx_word' id='word_1_17' title='bbox 571 258 732 308; x_wconf 81' lang='lat' dir='ltr'>aurigae,</span> <span class='ocrx_word' id='word_1_18' title='bbox 754 257 1005 307; x_wconf 85' lang='lat' dir='ltr'>manibusque</span> <span class='ocrx_word' id='word_1_19' title='bbox 1022 258 1209 294; x_wconf 77' lang='lat' dir='ltr'>lacessunt</span> <span class='ocrx_word' id='word_1_20' title='bbox 1289 265 1321 289; x_wconf 71' lang='grc'>85</span> 
     </span>
     <span class='ocr_line' id='line_1_6' title="bbox 124 318 1125 369; baseline -0.004 -12"><span class='ocrx_word' id='word_1_21' title='bbox 124 324 280 358; x_wconf 79' lang='lat' dir='ltr'><strong>Pectora</strong></span> <span class='ocrx_word' id='word_1_22' title='bbox 301 321 432 369; x_wconf 88' lang='lat' dir='ltr'>plausa</span> <span class='ocrx_word' id='word_1_23' title='bbox 446 318 568 364; x_wconf 87' lang='lat' dir='ltr'>cavis,</span> <span class='ocrx_word' id='word_1_24' title='bbox 590 327 626 354; x_wconf 89' lang='lat' dir='ltr'>et</span> <span class='ocrx_word' id='word_1_25' title='bbox 640 318 736 354; x_wconf 87' lang='lat' dir='ltr'>colla</span> <span class='ocrx_word' id='word_1_26' title='bbox 755 318 943 354; x_wconf 82' lang='lat' dir='ltr'>comantia</span> <span class='ocrx_word' id='word_1_27' title='bbox 958 325 1125 367; x_wconf 85' lang='lat' dir='ltr'>pectunt.</span> 
     </span>
    </p>

    <p class='ocr_par' dir='ltr' id='par_1_5' title="bbox 124 377 1123 431">
     <span class='ocr_line' id='line_1_7' title="bbox 124 377 1123 431; baseline -0.005 -14"><span class='ocrx_word' id='word_1_28' title='bbox 124 384 209 431; x_wconf 88' lang='lat' dir='ltr'>Ipse</span> <span class='ocrx_word' id='word_1_29' title='bbox 229 379 366 417; x_wconf 88' lang='lat' dir='ltr'>dehinc</span> <span class='ocrx_word' id='word_1_30' title='bbox 381 391 476 416; x_wconf 87' lang='lat' dir='ltr'>auro</span> <span class='ocrx_word' id='word_1_31' title='bbox 494 378 728 428; x_wconf 83' lang='lat' dir='ltr'><strong>squalentem</strong></span> <span class='ocrx_word' id='word_1_32' title='bbox 746 377 910 426; x_wconf 84' lang='lat' dir='ltr'>alboque</span> <span class='ocrx_word' id='word_1_33' title='bbox 930 377 1123 414; x_wconf 85' lang='lat' dir='ltr'>orichalco</span> 
     </span>
    </p>
   </div>
   <div class='ocr_carea' id='block_1_4' title="bbox 101 541 693 2241">
    <p class='ocr_par' dir='ltr' id='par_1_6' title="bbox 101 541 693 2241">
     <span class='ocr_line' id='line_1_8' title="bbox 170 541 693 579; baseline -0.01 -7"><span class='ocrx_word' id='word_1_34' title='bbox 170 543 223 572; x_wconf 84' lang='lat'>83.</span> <span class='ocrx_word' id='word_1_35' title='bbox 255 541 384 572; x_wconf 84' lang='lat' dir='ltr'>Poetico</span> <span class='ocrx_word' id='word_1_36' title='bbox 418 550 507 569; x_wconf 89' lang='lat' dir='ltr'>more</span> <span class='ocrx_word' id='word_1_37' title='bbox 535 549 693 579; x_wconf 87' lang='lat' dir='ltr'>equorum</span> 
     </span>
     <span class='ocr_line' id='line_1_9' title="bbox 122 585 692 629; baseline -0.009 -11"><span class='ocrx_word' id='word_1_38' title='bbox 122 599 221 629; x_wconf 82' lang='lat' dir='ltr'>genus</span> <span class='ocrx_word' id='word_1_39' title='bbox 239 594 341 618; x_wconf 85' lang='lat' dir='ltr'>ornat.</span> <span class='ocrx_word' id='word_1_40' title='bbox 357 589 438 617; x_wconf 86' lang='lat' dir='ltr'><strong>Sunt</strong></span> <span class='ocrx_word' id='word_1_41' title='bbox 453 586 487 615; x_wconf 90' lang='lat' dir='ltr'>hi</span> <span class='ocrx_word' id='word_1_42' title='bbox 499 586 603 616; x_wconf 88' lang='lat' dir='ltr'>Turni</span> <span class='ocrx_word' id='word_1_43' title='bbox 619 585 692 625; x_wconf 87' lang='lat' dir='ltr'>equi</span> 
     </span>
     <span class='ocr_line' id='line_1_10' title="bbox 122 631 692 671; baseline -0.007 -6"><span class='ocrx_word' id='word_1_44' title='bbox 122 646 162 665; x_wconf 77' lang='lat' dir='ltr'>ex</span> <span class='ocrx_word' id='word_1_45' title='bbox 180 635 331 671; x_wconf 87' lang='lat' dir='ltr'>Thracia,</span> <span class='ocrx_word' id='word_1_46' title='bbox 355 635 463 663; x_wconf 85' lang='lat' dir='ltr'>Boreae</span> <span class='ocrx_word' id='word_1_47' title='bbox 482 631 554 662; x_wconf 87' lang='lat' dir='ltr'>sede</span> <span class='ocrx_word' id='word_1_48' title='bbox 566 654 574 669; x_wconf 91' lang='lat'><strong>‚</strong></span> <span class='ocrx_word' id='word_1_49' title='bbox 600 632 692 670; x_wconf 90' lang='lat' dir='ltr'>cujus</span> 
     </span>
     <span class='ocr_line' id='line_1_11' title="bbox 121 678 689 721; baseline -0.005 -10"><span class='ocrx_word' id='word_1_50' title='bbox 121 692 205 711; x_wconf 78' lang='lat' dir='ltr'>uxor</span> <span class='ocrx_word' id='word_1_51' title='bbox 227 681 363 721; x_wconf 79' lang='lat' dir='ltr'>Orithya</span> <span class='ocrx_word' id='word_1_52' title='bbox 385 690 426 709; x_wconf 80' lang='lat' dir='ltr'>ex</span> <span class='ocrx_word' id='word_1_53' title='bbox 447 680 552 709; x_wconf 86' lang='lat' dir='ltr'>Attica</span> <span class='ocrx_word' id='word_1_54' title='bbox 570 688 577 709; x_wconf 78' lang='lat' dir='ltr'><em>z</em></span> <span class='ocrx_word' id='word_1_55' title='bbox 604 678 689 708; x_wconf 87' lang='lat' dir='ltr'>conf.</span> 
     </span>
     <span class='ocr_line' id='line_1_12' title="bbox 119 726 691 767; baseline -0.005 -10"><span class='ocrx_word' id='word_1_56' title='bbox 119 727 273 767; x_wconf 85' lang='lat' dir='ltr'>Apollon.</span> <span class='ocrx_word' id='word_1_57' title='bbox 297 729 332 763; x_wconf 88' lang='grc' dir='ltr'>Ι,</span> <span class='ocrx_word' id='word_1_58' title='bbox 350 736 412 755; x_wconf 86' lang='lat'>211</span> <span class='ocrx_word' id='word_1_59' title='bbox 441 736 509 765; x_wconf 84' lang='lat' dir='ltr'>sqq.</span> <span class='ocrx_word' id='word_1_60' title='bbox 530 727 559 755; x_wconf 91' lang='lat' dir='ltr'>A</span> <span class='ocrx_word' id='word_1_61' title='bbox 582 726 691 754; x_wconf 83' lang='lat' dir='ltr'>Boreae</span> 
     </span>
     <span class='ocr_line' id='line_1_13' title="bbox 121 770 690 812; baseline -0.007 -9"><span class='ocrx_word' id='word_1_62' title='bbox 121 780 226 803; x_wconf 83' lang='lat' dir='ltr'>autem</span> <span class='ocrx_word' id='word_1_63' title='bbox 245 783 321 802; x_wconf 86' lang='lat' dir='ltr'>cura</span> <span class='ocrx_word' id='word_1_64' title='bbox 340 782 496 812; x_wconf 88' lang='lat' dir='ltr'>equorum</span> <span class='ocrx_word' id='word_1_65' title='bbox 514 770 622 800; x_wconf 88' lang='lat' dir='ltr'>laudes</span> <span class='ocrx_word' id='word_1_66' title='bbox 642 782 690 800; x_wconf 88' lang='lat' dir='ltr'>re-</span> 
     </span>
     <span class='ocr_line' id='line_1_14' title="bbox 121 818 689 859; baseline -0.005 -10"><span class='ocrx_word' id='word_1_67' title='bbox 121 826 234 859; x_wconf 81' lang='lat' dir='ltr'>petunt</span> <span class='ocrx_word' id='word_1_68' title='bbox 262 825 381 858; x_wconf 79' lang='lat' dir='ltr'>poetoe3</span> <span class='ocrx_word' id='word_1_69' title='bbox 406 818 498 846; x_wconf 87' lang='lat' dir='ltr'>etiam</span> <span class='ocrx_word' id='word_1_70' title='bbox 523 818 689 847; x_wconf 80' lang='lat' dir='ltr'><strong>Homerus,</strong></span> 
     </span>
     <span class='ocr_line' id='line_1_15' title="bbox 120 861 690 900; baseline -0.009 -4"><span class='ocrx_word' id='word_1_71' title='bbox 120 867 201 897; x_wconf 81' lang='lat' dir='ltr'>Nam</span> <span class='ocrx_word' id='word_1_72' title='bbox 214 864 423 895; x_wconf 76' lang='lat' dir='ltr'>Erichthonio</span> <span class='ocrx_word' id='word_1_73' title='bbox 435 886 442 899; x_wconf 92' lang='lat'>‚</span> <span class='ocrx_word' id='word_1_74' title='bbox 457 862 596 892; x_wconf 78' lang='lat' dir='ltr'>Dardani</span> <span class='ocrx_word' id='word_1_75' title='bbox 610 861 690 900; x_wconf 86' lang='lat' dir='ltr'>filio,</span> 
     </span>
     <span class='ocr_line' id='line_1_16' title="bbox 120 909 690 951; baseline -0.009 -9"><span class='ocrx_word' id='word_1_76' title='bbox 120 918 209 943; x_wconf 87' lang='lat' dir='ltr'>eraut</span> <span class='ocrx_word' id='word_1_77' title='bbox 243 921 332 951; x_wconf 85' lang='lat' dir='ltr'>equae</span> <span class='ocrx_word' id='word_1_78' title='bbox 364 921 381 940; x_wconf 88' lang='lat' dir='ltr'>a</span> <span class='ocrx_word' id='word_1_79' title='bbox 414 911 512 940; x_wconf 78' lang='lat' dir='ltr'>Borea</span> <span class='ocrx_word' id='word_1_80' title='bbox 545 909 623 938; x_wconf 86' lang='lat' dir='ltr'>adeo</span> <span class='ocrx_word' id='word_1_81' title='bbox 657 909 690 938; x_wconf 91' lang='lat' dir='ltr'>iu</span> 
     </span>
     <span class='ocr_line' id='line_1_17' title="bbox 119 955 689 999; baseline -0.009 -10"><span class='ocrx_word' id='word_1_82' title='bbox 119 968 237 999; x_wconf 86' lang='lat' dir='ltr'>equum</span> <span class='ocrx_word' id='word_1_83' title='bbox 263 963 385 988; x_wconf 85' lang='lat' dir='ltr'>mutato</span> <span class='ocrx_word' id='word_1_84' title='bbox 402 962 582 998; x_wconf 68' lang='lat' dir='ltr'>prognatae,</span> <span class='ocrx_word' id='word_1_85' title='bbox 600 955 689 985; x_wconf 86' lang='lat' dir='ltr'>Iliad.</span> 
     </span>
     <span class='ocr_line' id='line_1_18' title="bbox 118 1002 691 1045; baseline -0.007 -10"><span class='ocrx_word' id='word_1_86' title='bbox 118 1015 135 1035; x_wconf 86' lang='grc' dir='ltr'>υ</span> <span class='ocrx_word' id='word_1_87' title='bbox 150 1027 158 1042; x_wconf 93' lang='grc'><em>,</em></span> <span class='ocrx_word' id='word_1_88' title='bbox 193 1006 258 1035; x_wconf 79' lang='lat'>223</span> <span class='ocrx_word' id='word_1_89' title='bbox 292 1014 360 1045; x_wconf 89' lang='lat' dir='ltr'>sqq.</span> <span class='ocrx_word' id='word_1_90' title='bbox 381 1027 389 1041; x_wconf 90' lang='lat'><strong>‚</strong></span> <span class='ocrx_word' id='word_1_91' title='bbox 424 1002 691 1044; x_wconf 79' lang='lat' dir='ltr'>quemadmodum</span> 
     </span>
     <span class='ocr_line' id='line_1_19' title="bbox 119 1050 688 1093; baseline -0.007 -11"><span class='ocrx_word' id='word_1_92' title='bbox 119 1050 253 1082; x_wconf 83' lang='lat' dir='ltr'>Achillis</span> <span class='ocrx_word' id='word_1_93' title='bbox 273 1061 373 1093; x_wconf 88' lang='lat' dir='ltr'>equos</span> <span class='ocrx_word' id='word_1_94' title='bbox 391 1061 431 1080; x_wconf 86' lang='lat' dir='ltr'>ex</span> <span class='ocrx_word' id='word_1_95' title='bbox 451 1050 590 1081; x_wconf 84' lang='lat' dir='ltr'>Podarce</span> <span class='ocrx_word' id='word_1_96' title='bbox 613 1051 688 1079; x_wconf 83' lang='lat' dir='ltr'>Har-</span> 
     </span>
     <span class='ocr_line' id='line_1_20' title="bbox 119 1095 689 1139; baseline -0.004 -12"><span class='ocrx_word' id='word_1_97' title='bbox 119 1099 194 1139; x_wconf 74' lang='lat' dir='ltr'>pyia</span> <span class='ocrx_word' id='word_1_98' title='bbox 216 1104 397 1138; x_wconf 84' lang='lat' dir='ltr'>susceperat</span> <span class='ocrx_word' id='word_1_99' title='bbox 411 1097 576 1138; x_wconf 74' lang='lat' dir='ltr'><strong>Zephyrus</strong></span> <span class='ocrx_word' id='word_1_100' title='bbox 593 1095 630 1126; x_wconf 87' lang='grc' dir='ltr'>ΙΙ.</span> <span class='ocrx_word' id='word_1_101' title='bbox 645 1106 670 1125; x_wconf 85' lang='grc' dir='ltr'>π</span> <span class='ocrx_word' id='word_1_102' title='bbox 681 1119 689 1133; x_wconf 88' lang='grc'><strong>,</strong></span> 
     </span>
     <span class='ocr_line' id='line_1_21' title="bbox 123 1143 688 1185; baseline -0.002 -12"><span class='ocrx_word' id='word_1_103' title='bbox 123 1145 186 1174; x_wconf 82' lang='lat'>150</span> <span class='ocrx_word' id='word_1_104' title='bbox 209 1155 272 1185; x_wconf 78' lang='lat' dir='ltr'>seq.</span> <span class='ocrx_word' id='word_1_105' title='bbox 302 1146 384 1184; x_wconf 84' lang='lat' dir='ltr'>Quae</span> <span class='ocrx_word' id='word_1_106' title='bbox 413 1145 520 1173; x_wconf 86' lang='lat' dir='ltr'>omnia</span> <span class='ocrx_word' id='word_1_107' title='bbox 547 1143 688 1172; x_wconf 82' lang='lat' dir='ltr'>celerita-</span> 
     </span>
     <span class='ocr_line' id='line_1_22' title="bbox 117 1190 687 1229; baseline -0.002 -9"><span class='ocrx_word' id='word_1_108' title='bbox 117 1197 180 1220; x_wconf 84' lang='lat' dir='ltr'>tem</span> <span class='ocrx_word' id='word_1_109' title='bbox 197 1201 308 1221; x_wconf 86' lang='lat' dir='ltr'>cursus</span> <span class='ocrx_word' id='word_1_110' title='bbox 325 1190 513 1220; x_wconf 84' lang='lat' dir='ltr'>adumbrare</span> <span class='ocrx_word' id='word_1_111' title='bbox 532 1190 603 1229; x_wconf 90' lang='lat' dir='ltr'>quis</span> <span class='ocrx_word' id='word_1_112' title='bbox 620 1200 687 1219; x_wconf 88' lang='lat' dir='ltr'>non</span> 
     </span>
     <span class='ocr_line' id='line_1_23' title="bbox 115 1236 685 1268; baseline -0.002 -2"><span class='ocrx_word' id='word_1_113' title='bbox 115 1236 224 1267; x_wconf 79' lang='lat' dir='ltr'>videt?</span> <span class='ocrx_word' id='word_1_114' title='bbox 240 1239 312 1268; x_wconf 86' lang='lat' dir='ltr'>Non</span> <span class='ocrx_word' id='word_1_115' title='bbox 337 1237 417 1266; x_wconf 84' lang='lat' dir='ltr'>male</span> <span class='ocrx_word' id='word_1_116' title='bbox 445 1243 550 1266; x_wconf 85' lang='lat' dir='ltr'>autem</span> <span class='ocrx_word' id='word_1_117' title='bbox 577 1236 685 1266; x_wconf 80' lang='lat' dir='ltr'>Critici</span> 
     </span>
     <span class='ocr_line' id='line_1_24' title="bbox 114 1282 687 1324; baseline 0 -12"><span class='ocrx_word' id='word_1_118' title='bbox 114 1290 234 1314; x_wconf 82' lang='lat' dir='ltr'>veteres</span> <span class='ocrx_word' id='word_1_119' title='bbox 267 1282 353 1324; x_wconf 87' lang='lat' dir='ltr'>apud</span> <span class='ocrx_word' id='word_1_120' title='bbox 389 1284 535 1314; x_wconf 79' lang='lat' dir='ltr'>Servium</span> <span class='ocrx_word' id='word_1_121' title='bbox 573 1296 588 1308; x_wconf 92' lang='lat'>«</span> <span class='ocrx_word' id='word_1_122' title='bbox 619 1282 687 1312; x_wconf 86' lang='lat' dir='ltr'>cul-</span> 
     </span>
     <span class='ocr_line' id='line_1_25' title="bbox 115 1329 682 1370; baseline -0.004 -11"><span class='ocrx_word' id='word_1_123' title='bbox 115 1345 129 1355; x_wconf 88' lang='lat'>«</span> <span class='ocrx_word' id='word_1_124' title='bbox 146 1336 264 1370; x_wconf 84' lang='lat' dir='ltr'>parunt</span> <span class='ocrx_word' id='word_1_125' title='bbox 296 1330 357 1360; x_wconf 86' lang='lat' dir='ltr'>hoc</span> <span class='ocrx_word' id='word_1_126' title='bbox 394 1329 466 1360; x_wconf 87' lang='lat' dir='ltr'>loco</span> <span class='ocrx_word' id='word_1_127' title='bbox 490 1329 682 1370; x_wconf 85' lang='lat' dir='ltr'>Virgilium,</span> 
     </span>
     <span class='ocr_line' id='line_1_26' title="bbox 114 1374 681 1417; baseline -0.004 -11"><span class='ocrx_word' id='word_1_128' title='bbox 114 1391 128 1401; x_wconf 68' lang='grc' dir='ltr'><strong><em>ἰ</em></strong></span> <span class='ocrx_word' id='word_1_129' title='bbox 145 1376 286 1406; x_wconf 86' lang='lat' dir='ltr'>dicentes</span> <span class='ocrx_word' id='word_1_130' title='bbox 311 1378 526 1417; x_wconf 83' lang='lat' dir='ltr'>incongruum</span> <span class='ocrx_word' id='word_1_131' title='bbox 556 1386 620 1405; x_wconf 85' lang='lat' dir='ltr'>esse</span> <span class='ocrx_word' id='word_1_132' title='bbox 645 1374 681 1404; x_wconf 82' lang='lat' dir='ltr'>fi-</span> 
     </span>
     <span class='ocr_line' id='line_1_27' title="bbox 113 1422 681 1463; baseline -0.005 -10"><span class='ocrx_word' id='word_1_133' title='bbox 113 1436 127 1448; x_wconf 82' lang='lat'>«</span> <span class='ocrx_word' id='word_1_134' title='bbox 146 1430 319 1463; x_wconf 81' lang='lat' dir='ltr'>gmentum.</span> <span class='ocrx_word' id='word_1_135' title='bbox 358 1424 502 1463; x_wconf 85' lang='lat' dir='ltr'>Namque</span> <span class='ocrx_word' id='word_1_136' title='bbox 545 1422 681 1463; x_wconf 71' lang='lat' dir='ltr'>orithya</span> 
     </span>
     <span class='ocr_line' id='line_1_28' title="bbox 111 1468 681 1509; baseline -0.004 -10"><span class='ocrx_word' id='word_1_137' title='bbox 111 1484 126 1495; x_wconf 88' lang='lat'>·‹</span> <span class='ocrx_word' id='word_1_138' title='bbox 142 1479 242 1509; x_wconf 84' lang='lat' dir='ltr'>quum</span> <span class='ocrx_word' id='word_1_139' title='bbox 267 1469 471 1499; x_wconf 75' lang='lat' dir='ltr'>Atheniensis</span> <span class='ocrx_word' id='word_1_140' title='bbox 503 1469 616 1504; x_wconf 84' lang='lat' dir='ltr'>fuerit,</span> <span class='ocrx_word' id='word_1_141' title='bbox 645 1468 681 1497; x_wconf 81' lang='lat' dir='ltr'>fi-</span> 
     </span>
     <span class='ocr_line' id='line_1_29' title="bbox 111 1514 682 1557; baseline -0.004 -12"><span class='ocrx_word' id='word_1_142' title='bbox 111 1530 126 1541; x_wconf 83' lang='lat'><strong><em>«</em></strong></span> <span class='ocrx_word' id='word_1_143' title='bbox 144 1515 184 1545; x_wconf 88' lang='lat' dir='ltr'>lia</span> <span class='ocrx_word' id='word_1_144' title='bbox 203 1517 384 1556; x_wconf 75' lang='lat' dir='ltr'>Terrigenae</span> <span class='ocrx_word' id='word_1_145' title='bbox 402 1514 633 1557; x_wconf 75' lang='lat' dir='ltr'>(Erechthei),</span> <span class='ocrx_word' id='word_1_146' title='bbox 651 1521 682 1544; x_wconf 87' lang='lat' dir='ltr'>et</span> 
     </span>
     <span class='ocr_line' id='line_1_30' title="bbox 109 1561 681 1600; baseline -0.003 -9"><span class='ocrx_word' id='word_1_147' title='bbox 109 1575 125 1586; x_wconf 68' lang='grc' dir='ltr'>«ι</span> <span class='ocrx_word' id='word_1_148' title='bbox 145 1572 161 1590; x_wconf 83' lang='lat' dir='ltr'>a</span> <span class='ocrx_word' id='word_1_149' title='bbox 175 1563 275 1591; x_wconf 80' lang='lat' dir='ltr'>Borea</span> <span class='ocrx_word' id='word_1_150' title='bbox 289 1563 322 1591; x_wconf 91' lang='lat' dir='ltr'>in</span> <span class='ocrx_word' id='word_1_151' title='bbox 338 1561 504 1591; x_wconf 84' lang='lat' dir='ltr'>Thraciam</span> <span class='ocrx_word' id='word_1_152' title='bbox 518 1567 604 1600; x_wconf 84' lang='lat' dir='ltr'>rapta</span> <span class='ocrx_word' id='word_1_153' title='bbox 621 1562 661 1590; x_wconf 85' lang='lat' dir='ltr'>sit</span> <span class='ocrx_word' id='word_1_154' title='bbox 673 1583 681 1597; x_wconf 80' lang='grc'>,</span> 
     </span>
     <span class='ocr_line' id='line_1_31' title="bbox 109 1607 682 1647; baseline -0.003 -11"><span class='ocrx_word' id='word_1_155' title='bbox 109 1621 125 1632; x_wconf 88' lang='lat'><strong><em>«</em></strong></span> <span class='ocrx_word' id='word_1_156' title='bbox 141 1607 409 1647; x_wconf 82' lang='lat' dir='ltr'>quemadmodum</span> <span class='ocrx_word' id='word_1_157' title='bbox 431 1608 538 1647; x_wconf 81' lang='lat' dir='ltr'>potuit</span> <span class='ocrx_word' id='word_1_158' title='bbox 564 1607 682 1637; x_wconf 88' lang='lat' dir='ltr'>Pilum-</span> 
     </span>
     <span class='ocr_line' id='line_1_32' title="bbox 109 1653 680 1694; baseline -0.004 -11"><span class='ocrx_word' id='word_1_159' title='bbox 109 1667 124 1677; x_wconf 64' lang='grc' dir='ltr'>υ</span> <span class='ocrx_word' id='word_1_160' title='bbox 141 1663 202 1689; x_wconf 85' lang='lat' dir='ltr'>no,</span> <span class='ocrx_word' id='word_1_161' title='bbox 221 1655 276 1694; x_wconf 89' lang='lat' dir='ltr'>qui</span> <span class='ocrx_word' id='word_1_162' title='bbox 301 1659 365 1683; x_wconf 84' lang='lat' dir='ltr'>erat</span> <span class='ocrx_word' id='word_1_163' title='bbox 390 1655 424 1683; x_wconf 87' lang='lat' dir='ltr'>in</span> <span class='ocrx_word' id='word_1_164' title='bbox 448 1653 556 1687; x_wconf 74' lang='lat' dir='ltr'>Italia,</span> <span class='ocrx_word' id='word_1_165' title='bbox 581 1662 680 1692; x_wconf 76' lang='lat' dir='ltr'>equos</span> 
     </span>
     <span class='ocr_line' id='line_1_33' title="bbox 108 1698 679 1739; baseline 0 -11"><span class='ocrx_word' id='word_1_166' title='bbox 108 1713 122 1723; x_wconf 77' lang='grc' dir='ltr'>ι·</span> <span class='ocrx_word' id='word_1_167' title='bbox 140 1698 238 1729; x_wconf 81' lang='lat' dir='ltr'>dare?</span> <span class='ocrx_word' id='word_1_168' title='bbox 252 1714 266 1725; x_wconf 83' lang='lat'>›-</span> <span class='ocrx_word' id='word_1_169' title='bbox 279 1700 404 1730; x_wconf 77' lang='lat' dir='ltr'>Scilicot</span> <span class='ocrx_word' id='word_1_170' title='bbox 418 1699 600 1739; x_wconf 84' lang='lat' dir='ltr'>exemplum</span> <span class='ocrx_word' id='word_1_171' title='bbox 618 1699 679 1728; x_wconf 88' lang='lat' dir='ltr'>hoc</span> 
     </span>
     <span class='ocr_line' id='line_1_34' title="bbox 107 1746 678 1787; baseline 0.002 -13"><span class='ocrx_word' id='word_1_172' title='bbox 107 1752 153 1775; x_wconf 64' lang='lat' dir='ltr'>est</span> <span class='ocrx_word' id='word_1_173' title='bbox 170 1756 245 1775; x_wconf 81' lang='lat' dir='ltr'>usus</span> <span class='ocrx_word' id='word_1_174' title='bbox 261 1746 446 1787; x_wconf 80' lang='lat' dir='ltr'>mythornm</span> <span class='ocrx_word' id='word_1_175' title='bbox 462 1746 577 1787; x_wconf 73' lang='lat' dir='ltr'>poetici</span> <span class='ocrx_word' id='word_1_176' title='bbox 595 1746 678 1786; x_wconf 88' lang='lat' dir='ltr'>apud</span> 
     </span>
     <span class='ocr_line' id='line_1_35' title="bbox 106 1792 678 1832; baseline 0.002 -12"><span class='ocrx_word' id='word_1_177' title='bbox 106 1793 238 1821; x_wconf 62' lang='lat' dir='ltr'>seriores</span> <span class='ocrx_word' id='word_1_178' title='bbox 262 1799 371 1832; x_wconf 84' lang='lat' dir='ltr'>poetas</span> <span class='ocrx_word' id='word_1_179' title='bbox 400 1799 461 1822; x_wconf 83' lang='lat' dir='ltr'>tam</span> <span class='ocrx_word' id='word_1_180' title='bbox 491 1793 608 1821; x_wconf 77' lang='lat' dir='ltr'>diversi</span> <span class='ocrx_word' id='word_1_181' title='bbox 639 1792 678 1821; x_wconf 88' lang='lat' dir='ltr'>ab</span> 
     </span>
     <span class='ocr_line' id='line_1_36' title="bbox 105 1840 677 1879; baseline 0.003 -13"><span class='ocrx_word' id='word_1_182' title='bbox 105 1848 164 1868; x_wconf 78' lang='lat' dir='ltr'>usu</span> <span class='ocrx_word' id='word_1_183' title='bbox 179 1840 322 1879; x_wconf 79' lang='lat' dir='ltr'>antiquo.</span> <span class='ocrx_word' id='word_1_184' title='bbox 339 1840 464 1870; x_wconf 86' lang='lat' dir='ltr'>Maroni</span> <span class='ocrx_word' id='word_1_185' title='bbox 485 1846 530 1868; x_wconf 83' lang='lat' dir='ltr'>est</span> <span class='ocrx_word' id='word_1_186' title='bbox 555 1849 677 1868; x_wconf 89' lang='lat' dir='ltr'>merum</span> 
     </span>
     <span class='ocr_line' id='line_1_37' title="bbox 104 1884 677 1927; baseline 0.002 -13"><span class='ocrx_word' id='word_1_187' title='bbox 104 1892 328 1915; x_wconf 68' lang='lat' dir='ltr'>ornamentum</span> <span class='ocrx_word' id='word_1_188' title='bbox 345 1897 379 1915; x_wconf 90' lang='lat' dir='ltr'>ac</span> <span class='ocrx_word' id='word_1_189' title='bbox 399 1884 584 1927; x_wconf 75' lang='lat' dir='ltr'>figmentum</span> <span class='ocrx_word' id='word_1_190' title='bbox 602 1896 677 1926; x_wconf 90' lang='lat' dir='ltr'>poe-</span> 
     </span>
     <span class='ocr_line' id='line_1_38' title="bbox 106 1931 678 1973; baseline 0.005 -14"><span class='ocrx_word' id='word_1_191' title='bbox 106 1933 222 1967; x_wconf 78' lang='lat' dir='ltr'>ticum;</span> <span class='ocrx_word' id='word_1_192' title='bbox 241 1942 298 1961; x_wconf 86' lang='lat' dir='ltr'>nec.</span> <span class='ocrx_word' id='word_1_193' title='bbox 320 1931 358 1961; x_wconf 88' lang='lat' dir='ltr'>de</span> <span class='ocrx_word' id='word_1_194' title='bbox 375 1933 596 1973; x_wconf 69' lang='lat' dir='ltr'>probabilitate</span> <span class='ocrx_word' id='word_1_195' title='bbox 617 1932 678 1961; x_wconf 81' lang='lat' dir='ltr'>his-</span> 
     </span>
     <span class='ocr_line' id='line_1_39' title="bbox 108 1978 676 2020; baseline 0.005 -14"><span class='ocrx_word' id='word_1_196' title='bbox 108 1979 203 2008; x_wconf 77' lang='lat' dir='ltr'>rorica</span> <span class='ocrx_word' id='word_1_197' title='bbox 219 1978 271 2008; x_wconf 88' lang='lat' dir='ltr'>ille</span> <span class='ocrx_word' id='word_1_198' title='bbox 286 1978 407 2009; x_wconf 82' lang='lat' dir='ltr'>laborat</span> <span class='ocrx_word' id='word_1_199' title='bbox 423 1989 431 2010; x_wconf 70' lang='grc' dir='ltr'><em>ζ</em></span> <span class='ocrx_word' id='word_1_200' title='bbox 447 1980 585 2020; x_wconf 80' lang='lat' dir='ltr'>antiquis</span> <span class='ocrx_word' id='word_1_201' title='bbox 601 1990 676 2009; x_wconf 79' lang='lat' dir='ltr'>vcro</span> 
     </span>
     <span class='ocr_line' id='line_1_40' title="bbox 104 2024 676 2065; baseline 0.005 -13"><span class='ocrx_word' id='word_1_202' title='bbox 104 2031 167 2053; x_wconf 73' lang='lat' dir='ltr'>crat</span> <span class='ocrx_word' id='word_1_203' title='bbox 192 2024 373 2065; x_wconf 76' lang='lat' dir='ltr'>phantasma</span> <span class='ocrx_word' id='word_1_204' title='bbox 397 2026 428 2055; x_wconf 90' lang='lat' dir='ltr'>in</span> <span class='ocrx_word' id='word_1_205' title='bbox 452 2036 596 2055; x_wconf 76' lang='lat' dir='ltr'>seriuone</span> <span class='ocrx_word' id='word_1_206' title='bbox 620 2025 676 2055; x_wconf 83' lang='lat' dir='ltr'>bo-</span> 
     </span>
     <span class='ocr_line' id='line_1_41' title="bbox 106 2070 677 2109; baseline 0.007 -12"><span class='ocrx_word' id='word_1_207' title='bbox 106 2070 198 2099; x_wconf 72' lang='lat' dir='ltr'>nninis</span> <span class='ocrx_word' id='word_1_208' title='bbox 218 2070 440 2109; x_wconf 69' lang='grc' dir='ltr'><strong>ἐνθουσιῶντες,</strong></span> <span class='ocrx_word' id='word_1_209' title='bbox 458 2079 492 2102; x_wconf 87' lang='lat' dir='ltr'>ut</span> <span class='ocrx_word' id='word_1_210' title='bbox 508 2073 609 2102; x_wconf 76' lang='lat' dir='ltr'>ventis</span> <span class='ocrx_word' id='word_1_211' title='bbox 625 2083 677 2101; x_wconf 84' lang='lat' dir='ltr'>na-</span> 
     </span>
     <span class='ocr_line' id='line_1_42' title="bbox 106 2116 674 2159; baseline 0.009 -16"><span class='ocrx_word' id='word_1_212' title='bbox 106 2121 171 2144; x_wconf 79' lang='lat' dir='ltr'>tum</span> <span class='ocrx_word' id='word_1_213' title='bbox 190 2116 307 2147; x_wconf 68' lang='lat' dir='ltr'>‹licon-et</span> <span class='ocrx_word' id='word_1_214' title='bbox 321 2130 438 2159; x_wconf 77' lang='lat' dir='ltr'>equum</span> <span class='ocrx_word' id='word_1_215' title='bbox 453 2129 548 2148; x_wconf 75' lang='lat' dir='ltr'>cursu</span> <span class='ocrx_word' id='word_1_216' title='bbox 564 2118 674 2159; x_wconf 76' lang='lat' dir='ltr'>rapido</span> 
     </span>
     <span class='ocr_line' id='line_1_43' title="bbox 102 2162 675 2205; baseline 0.009 -15"><span class='ocrx_word' id='word_1_217' title='bbox 102 2162 286 2194; x_wconf 85' lang='lat' dir='ltr'>mirabilem.</span> <span class='ocrx_word' id='word_1_218' title='bbox 304 2166 486 2205; x_wconf 77' lang='lat' dir='ltr'>Progeniem</span> <span class='ocrx_word' id='word_1_219' title='bbox 503 2165 598 2195; x_wconf 85' lang='lat' dir='ltr'>modo</span> <span class='ocrx_word' id='word_1_220' title='bbox 614 2176 675 2195; x_wconf 83' lang='lat' dir='ltr'>mc·</span> 
     </span>
     <span class='ocr_line' id='line_1_44' title="bbox 101 2210 673 2241; baseline 0.009 -5"><span class='ocrx_word' id='word_1_221' title='bbox 101 2210 213 2238; x_wconf 85' lang='lat' dir='ltr'>morati</span> <span class='ocrx_word' id='word_1_222' title='bbox 240 2212 371 2240; x_wconf 77' lang='lat' dir='ltr'>armenti</span> <span class='ocrx_word' id='word_1_223' title='bbox 395 2211 591 2241; x_wconf 61' lang='lat' dir='ltr'>Erichthonii</span> <span class='ocrx_word' id='word_1_224' title='bbox 608 2211 673 2241; x_wconf 86' lang='lat' dir='ltr'>buc</span> 
     </span>
    </p>
   </div>
   <div class='ocr_carea' id='block_1_5' title="bbox 727 537 1319 2251">
    <p class='ocr_par' dir='ltr' id='par_1_7' title="bbox 727 537 1319 2251">
     <span class='ocr_line' id='line_1_45' title="bbox 746 537 1319 570; baseline -0.003 0"><span class='ocrx_word' id='word_1_225' title='bbox 746 546 839 570; x_wconf 84' lang='lat' dir='ltr'>vocat</span> <span class='ocrx_word' id='word_1_226' title='bbox 864 538 970 570; x_wconf 89' lang='lat' dir='ltr'>Julius</span> <span class='ocrx_word' id='word_1_227' title='bbox 990 537 1125 568; x_wconf 84' lang='lat' dir='ltr'>Sabinus</span> <span class='ocrx_word' id='word_1_228' title='bbox 1142 546 1150 568; x_wconf 91' lang='lat'>:</span> <span class='ocrx_word' id='word_1_229' title='bbox 1167 548 1234 568; x_wconf 89' lang='lat' dir='ltr'>non</span> <span class='ocrx_word' id='word_1_230' title='bbox 1255 549 1319 568; x_wconf 80' lang='lat' dir='ltr'>ina-</span> 
     </span>
     <span class='ocr_line' id='line_1_46' title="bbox 746 583 1318 626; baseline 0 -11"><span class='ocrx_word' id='word_1_231' title='bbox 746 587 792 626; x_wconf 82' lang='lat' dir='ltr'>gis</span> <span class='ocrx_word' id='word_1_232' title='bbox 820 584 996 616; x_wconf 84' lang='lat' dir='ltr'>commode.</span> <span class='ocrx_word' id='word_1_233' title='bbox 1023 583 1241 614; x_wconf 84' lang='lat' dir='ltr'>Probabiliore</span> <span class='ocrx_word' id='word_1_234' title='bbox 1269 586 1318 615; x_wconf 88' lang='lat' dir='ltr'>in-</span> 
     </span>
     <span class='ocr_line' id='line_1_47' title="bbox 746 630 1319 671; baseline 0 -10"><span class='ocrx_word' id='word_1_235' title='bbox 746 639 844 663; x_wconf 86' lang='lat' dir='ltr'>vento</span> <span class='ocrx_word' id='word_1_236' title='bbox 857 631 1063 663; x_wconf 84' lang='lat' dir='ltr'>Penthesileae</span> <span class='ocrx_word' id='word_1_237' title='bbox 1080 640 1178 671; x_wconf 86' lang='lat' dir='ltr'>equos</span> <span class='ocrx_word' id='word_1_238' title='bbox 1194 630 1234 660; x_wconf 85' lang='lat' dir='ltr'>ab</span> <span class='ocrx_word' id='word_1_239' title='bbox 1250 632 1319 662; x_wconf 88' lang='lat' dir='ltr'>Ori-</span> 
     </span>
     <span class='ocr_line' id='line_1_48' title="bbox 745 677 1319 720; baseline -0.003 -11"><span class='ocrx_word' id='word_1_240' title='bbox 745 679 820 720; x_wconf 76' lang='lat' dir='ltr'>thya</span> <span class='ocrx_word' id='word_1_241' title='bbox 845 679 981 709; x_wconf 82' lang='lat' dir='ltr'>donatos</span> <span class='ocrx_word' id='word_1_242' title='bbox 1005 679 1145 708; x_wconf 74' lang='lat' dir='ltr'>narravit</span> <span class='ocrx_word' id='word_1_243' title='bbox 1166 679 1210 718; x_wconf 89' lang='lat' dir='ltr'>Q.</span> <span class='ocrx_word' id='word_1_244' title='bbox 1232 677 1319 709; x_wconf 77' lang='lat' dir='ltr'>Cala-</span> 
     </span>
     <span class='ocr_line' id='line_1_49' title="bbox 744 723 1316 764; baseline -0.005 -8"><span class='ocrx_word' id='word_1_245' title='bbox 744 725 802 756; x_wconf 88' lang='lat' dir='ltr'>ber</span> <span class='ocrx_word' id='word_1_246' title='bbox 818 737 833 756; x_wconf 86' lang='lat' dir='ltr'>a</span> <span class='ocrx_word' id='word_1_247' title='bbox 851 725 951 757; x_wconf 88' lang='lat' dir='ltr'>Cerda</span> <span class='ocrx_word' id='word_1_248' title='bbox 966 726 1030 764; x_wconf 88' lang='lat' dir='ltr'>jam</span> <span class='ocrx_word' id='word_1_249' title='bbox 1048 724 1193 754; x_wconf 81' lang='lat' dir='ltr'>laudatus</span> <span class='ocrx_word' id='word_1_250' title='bbox 1211 723 1267 754; x_wconf 89' lang='lat' dir='ltr'>lib.</span> <span class='ocrx_word' id='word_1_251' title='bbox 1283 725 1316 761; x_wconf 91' lang='lat'>1,</span> 
     </span>
     <span class='ocr_line' id='line_1_50' title="bbox 751 769 1317 814; baseline 0 -13"><span class='ocrx_word' id='word_1_252' title='bbox 751 773 811 802; x_wconf 70' lang='grc'>165</span> <span class='ocrx_word' id='word_1_253' title='bbox 830 783 894 813; x_wconf 88' lang='lat' dir='ltr'>seq.</span> <span class='ocrx_word' id='word_1_254' title='bbox 912 774 1017 802; x_wconf 82' lang='lat' dir='ltr'>Decus</span> <span class='ocrx_word' id='word_1_255' title='bbox 1028 771 1061 801; x_wconf 88' lang='lat' dir='ltr'>h.</span> <span class='ocrx_word' id='word_1_256' title='bbox 1082 771 1102 801; x_wconf 87' lang='lat' dir='ltr'>l.</span> <span class='ocrx_word' id='word_1_257' title='bbox 1120 769 1234 814; x_wconf 72' lang='grc' dir='ltr'><strong>γέρας,</strong></span> <span class='ocrx_word' id='word_1_258' title='bbox 1251 781 1317 801; x_wconf 90' lang='lat' dir='ltr'>mu-</span> 
     </span>
     <span class='ocr_line' id='line_1_51' title="bbox 745 817 1315 858; baseline -0.002 -11"><span class='ocrx_word' id='word_1_259' title='bbox 745 829 804 847; x_wconf 87' lang='lat' dir='ltr'>nus</span> <span class='ocrx_word' id='word_1_260' title='bbox 830 819 963 847; x_wconf 85' lang='lat' dir='ltr'>honoris</span> <span class='ocrx_word' id='word_1_261' title='bbox 989 827 1095 846; x_wconf 78' lang='lat' dir='ltr'>caussa</span> <span class='ocrx_word' id='word_1_262' title='bbox 1119 817 1250 854; x_wconf 85' lang='lat' dir='ltr'>datum;</span> <span class='ocrx_word' id='word_1_263' title='bbox 1266 828 1315 858; x_wconf 91' lang='lat' dir='ltr'>ap.</span> 
     </span>
     <span class='ocr_line' id='line_1_52' title="bbox 745 861 1314 907; baseline -0.002 -14"><span class='ocrx_word' id='word_1_264' title='bbox 745 865 873 894; x_wconf 87' lang='lat' dir='ltr'>Ilomer.</span> <span class='ocrx_word' id='word_1_265' title='bbox 899 861 1045 907; x_wconf 63' lang='grc' dir='ltr'>ἄγαλμα.</span> <span class='ocrx_word' id='word_1_266' title='bbox 1062 879 1106 885; x_wconf 94' lang='lat'>—-</span> <span class='ocrx_word' id='word_1_267' title='bbox 1132 864 1185 898; x_wconf 72' lang='grc'>84.</span> <span class='ocrx_word' id='word_1_268' title='bbox 1209 863 1272 903; x_wconf 78' lang='lat' dir='ltr'>Qui</span> <span class='ocrx_word' id='word_1_269' title='bbox 1288 874 1314 893; x_wconf 83' lang='lat' dir='ltr'>c.</span> 
     </span>
     <span class='ocr_line' id='line_1_53' title="bbox 745 909 1314 947; baseline -0.004 -7"><span class='ocrx_word' id='word_1_270' title='bbox 745 912 879 941; x_wconf 79' lang='lat' dir='ltr'>Ornavit</span> <span class='ocrx_word' id='word_1_271' title='bbox 897 910 1102 940; x_wconf 81' lang='lat' dir='ltr'>Homericum</span> <span class='ocrx_word' id='word_1_272' title='bbox 1123 909 1160 940; x_wconf 91' lang='lat'>11.</span> <span class='ocrx_word' id='word_1_273' title='bbox 1180 919 1218 944; x_wconf 76' lang='grc' dir='ltr'>κ,</span> <span class='ocrx_word' id='word_1_274' title='bbox 1238 910 1314 947; x_wconf 69' lang='lat'>435.</span> 
     </span>
     <span class='ocr_line' id='line_1_54' title="bbox 745 956 1314 996; baseline -0.002 -10"><span class='ocrx_word' id='word_1_275' title='bbox 745 958 830 988; x_wconf 85' lang='lat' dir='ltr'>conf.</span> <span class='ocrx_word' id='word_1_276' title='bbox 852 956 929 987; x_wconf 87' lang='lat' dir='ltr'>ibid.</span> <span class='ocrx_word' id='word_1_277' title='bbox 946 967 990 993; x_wconf 81' lang='grc' dir='ltr'>π,</span> <span class='ocrx_word' id='word_1_278' title='bbox 1019 961 1154 996; x_wconf 69' lang='lat'>14937,</span> <span class='ocrx_word' id='word_1_279' title='bbox 1178 956 1254 991; x_wconf 78' lang='lat'>415.</span> <span class='ocrx_word' id='word_1_280' title='bbox 1270 973 1314 978; x_wconf 74' lang='lat'><strong>—</strong></span> 
     </span>
     <span class='ocr_line' id='line_1_55' title="bbox 746 1002 1314 1042; baseline -0.005 -8"><span class='ocrx_word' id='word_1_281' title='bbox 746 1004 799 1034; x_wconf 83' lang='lat'>85.</span> <span class='ocrx_word' id='word_1_282' title='bbox 816 1006 988 1033; x_wconf 74' lang='lat' dir='ltr'>Lacessunc</span> <span class='ocrx_word' id='word_1_283' title='bbox 999 1002 1116 1042; x_wconf 76' lang='lat' dir='ltr'>plausa</span> <span class='ocrx_word' id='word_1_284' title='bbox 1131 1009 1241 1032; x_wconf 88' lang='lat' dir='ltr'>ornate</span> <span class='ocrx_word' id='word_1_285' title='bbox 1256 1013 1314 1042; x_wconf 86' lang='lat' dir='ltr'>pro</span> 
     </span>
     <span class='ocr_line' id='line_1_56' title="bbox 743 1049 1312 1090; baseline -0.002 -10"><span class='ocrx_word' id='word_1_286' title='bbox 743 1050 911 1090; x_wconf 87' lang='lat' dir='ltr'>plaudunt.</span> <span class='ocrx_word' id='word_1_287' title='bbox 939 1049 1024 1080; x_wconf 82' lang='lat' dir='ltr'>conf.</span> <span class='ocrx_word' id='word_1_288' title='bbox 1051 1049 1109 1080; x_wconf 88' lang='lat' dir='ltr'>Ge.</span> <span class='ocrx_word' id='word_1_289' title='bbox 1138 1050 1205 1085; x_wconf 90' lang='lat'>111,</span> <span class='ocrx_word' id='word_1_290' title='bbox 1239 1050 1312 1079; x_wconf 82' lang='lat'>186.</span> 
     </span>
     <span class='ocr_line' id='line_1_57' title="bbox 744 1095 1312 1135; baseline 0 -9"><span class='ocrx_word' id='word_1_291' title='bbox 744 1097 792 1126; x_wconf 91' lang='lat' dir='ltr'>De</span> <span class='ocrx_word' id='word_1_292' title='bbox 807 1107 876 1127; x_wconf 70' lang='lat' dir='ltr'>voc.</span> <span class='ocrx_word' id='word_1_293' title='bbox 895 1097 1049 1126; x_wconf 80' lang='lat' dir='ltr'>lacessere</span> <span class='ocrx_word' id='word_1_294' title='bbox 1063 1095 1102 1125; x_wconf 89' lang='lat' dir='ltr'>de</span> <span class='ocrx_word' id='word_1_295' title='bbox 1119 1097 1233 1135; x_wconf 73' lang='lat' dir='ltr'>quovis</span> <span class='ocrx_word' id='word_1_296' title='bbox 1245 1106 1312 1126; x_wconf 88' lang='lat' dir='ltr'>mo-</span> 
     </span>
     <span class='ocr_line' id='line_1_58' title="bbox 744 1141 1314 1181; baseline -0.004 -8"><span class='ocrx_word' id='word_1_297' title='bbox 744 1149 779 1172; x_wconf 85' lang='lat' dir='ltr'>tu</span> <span class='ocrx_word' id='word_1_298' title='bbox 791 1166 799 1180; x_wconf 92' lang='lat'>,</span> <span class='ocrx_word' id='word_1_299' title='bbox 818 1144 891 1173; x_wconf 83' lang='lat' dir='ltr'>alias</span> <span class='ocrx_word' id='word_1_300' title='bbox 905 1153 953 1172; x_wconf 86' lang='lat' dir='ltr'>res</span> <span class='ocrx_word' id='word_1_301' title='bbox 965 1165 973 1175; x_wconf 85' lang='grc'>.,</span> <span class='ocrx_word' id='word_1_302' title='bbox 996 1142 1046 1172; x_wconf 85' lang='lat' dir='ltr'>vel</span> <span class='ocrx_word' id='word_1_303' title='bbox 1064 1141 1159 1179; x_wconf 84' lang='lat' dir='ltr'>alios,</span> <span class='ocrx_word' id='word_1_304' title='bbox 1183 1151 1250 1181; x_wconf 91' lang='lat' dir='ltr'>quo</span> <span class='ocrx_word' id='word_1_305' title='bbox 1275 1143 1314 1172; x_wconf 79' lang='lat' dir='ltr'>af-</span> 
     </span>
     <span class='ocr_line' id='line_1_59' title="bbox 742 1188 1311 1227; baseline 0.002 -9"><span class='ocrx_word' id='word_1_306' title='bbox 742 1188 888 1225; x_wconf 85' lang='lat' dir='ltr'>ficimus,</span> <span class='ocrx_word' id='word_1_307' title='bbox 913 1189 979 1220; x_wconf 61' lang='lat' dir='ltr'>vid.</span> <span class='ocrx_word' id='word_1_308' title='bbox 996 1188 1035 1218; x_wconf 87' lang='lat' dir='ltr'>ad</span> <span class='ocrx_word' id='word_1_309' title='bbox 1052 1191 1083 1219; x_wconf 79' lang='lat' dir='ltr'><strong>X</strong></span> <span class='ocrx_word' id='word_1_310' title='bbox 1095 1211 1104 1225; x_wconf 89' lang='lat'>,</span> <span class='ocrx_word' id='word_1_311' title='bbox 1126 1199 1176 1219; x_wconf 89' lang='lat'>10.</span> <span class='ocrx_word' id='word_1_312' title='bbox 1194 1205 1241 1211; x_wconf 89' lang='lat'>—-</span> <span class='ocrx_word' id='word_1_313' title='bbox 1257 1188 1311 1227; x_wconf 85' lang='lat'>87.</span> 
     </span>
     <span class='ocr_line' id='line_1_60' title="bbox 741 1234 1315 1277; baseline -0.002 -11"><span class='ocrx_word' id='word_1_314' title='bbox 741 1237 949 1277; x_wconf 83' lang='lat' dir='ltr'>Squalencem</span> <span class='ocrx_word' id='word_1_315' title='bbox 965 1246 1043 1265; x_wconf 82' lang='lat' dir='ltr'>auro</span> <span class='ocrx_word' id='word_1_316' title='bbox 1053 1258 1060 1271; x_wconf 90' lang='lat'><em>,</em></span> <span class='ocrx_word' id='word_1_317' title='bbox 1079 1234 1315 1275; x_wconf 85' lang='lat' dir='ltr'>splendentem;</span> 
     </span>
     <span class='ocr_line' id='line_1_61' title="bbox 739 1281 1312 1324; baseline -0.003 -12"><span class='ocrx_word' id='word_1_318' title='bbox 739 1283 805 1314; x_wconf 74' lang='lat' dir='ltr'>vid.</span> <span class='ocrx_word' id='word_1_319' title='bbox 829 1293 898 1324; x_wconf 84' lang='lat' dir='ltr'>sup.</span> <span class='ocrx_word' id='word_1_320' title='bbox 916 1282 955 1312; x_wconf 86' lang='lat' dir='ltr'>ad</span> <span class='ocrx_word' id='word_1_321' title='bbox 974 1284 1003 1312; x_wconf 84' lang='lat' dir='ltr'>X</span> <span class='ocrx_word' id='word_1_322' title='bbox 1016 1305 1024 1318; x_wconf 94' lang='lat'>‚</span> <span class='ocrx_word' id='word_1_323' title='bbox 1044 1283 1120 1317; x_wconf 72' lang='lat'>314.</span> <span class='ocrx_word' id='word_1_324' title='bbox 1147 1281 1232 1311; x_wconf 84' lang='lat' dir='ltr'>Albo</span> <span class='ocrx_word' id='word_1_325' title='bbox 1252 1281 1312 1311; x_wconf 84' lang='lat' dir='ltr'>ori-</span> 
     </span>
     <span class='ocr_line' id='line_1_62' title="bbox 738 1327 1312 1369; baseline 0 -10"><span class='ocrx_word' id='word_1_326' title='bbox 738 1328 850 1359; x_wconf 78' lang='lat' dir='ltr'>chalco</span> <span class='ocrx_word' id='word_1_327' title='bbox 865 1341 875 1359; x_wconf 91' lang='lat'>.·</span> <span class='ocrx_word' id='word_1_328' title='bbox 893 1339 993 1369; x_wconf 89' lang='lat' dir='ltr'>quum</span> <span class='ocrx_word' id='word_1_329' title='bbox 1007 1327 1045 1358; x_wconf 92' lang='lat' dir='ltr'>de</span> <span class='ocrx_word' id='word_1_330' title='bbox 1062 1327 1194 1358; x_wconf 85' lang='lat' dir='ltr'>metallis</span> <span class='ocrx_word' id='word_1_331' title='bbox 1213 1329 1312 1359; x_wconf 86' lang='lat' dir='ltr'>omni·</span> 
     </span>
     <span class='ocr_line' id='line_1_63' title="bbox 737 1374 1311 1416; baseline -0.003 -10"><span class='ocrx_word' id='word_1_332' title='bbox 737 1387 780 1406; x_wconf 86' lang='lat' dir='ltr'>no</span> <span class='ocrx_word' id='word_1_333' title='bbox 804 1376 923 1411; x_wconf 85' lang='lat' dir='ltr'>multa,</span> <span class='ocrx_word' id='word_1_334' title='bbox 949 1374 1012 1405; x_wconf 76' lang='lat' dir='ltr'>fide</span> <span class='ocrx_word' id='word_1_335' title='bbox 1032 1385 1147 1416; x_wconf 84' lang='lat' dir='ltr'>parum</span> <span class='ocrx_word' id='word_1_336' title='bbox 1167 1374 1311 1415; x_wconf 81' lang='lat' dir='ltr'>explora-</span> 
     </span>
     <span class='ocr_line' id='line_1_64' title="bbox 736 1421 1308 1459; baseline 0 -7"><span class='ocrx_word' id='word_1_337' title='bbox 736 1430 764 1452; x_wconf 86' lang='lat' dir='ltr'>ta</span> <span class='ocrx_word' id='word_1_338' title='bbox 775 1445 782 1459; x_wconf 94' lang='lat'>‚</span> <span class='ocrx_word' id='word_1_339' title='bbox 819 1421 989 1452; x_wconf 88' lang='lat' dir='ltr'>crediderit</span> <span class='ocrx_word' id='word_1_340' title='bbox 1023 1427 1161 1451; x_wconf 72' lang='lat' dir='ltr'>vetustas</span> <span class='ocrx_word' id='word_1_341' title='bbox 1172 1443 1180 1458; x_wconf 89' lang='lat'>‚</span> <span class='ocrx_word' id='word_1_342' title='bbox 1215 1421 1308 1452; x_wconf 84' lang='lat' dir='ltr'>etiam</span> 
     </span>
     <span class='ocr_line' id='line_1_65' title="bbox 735 1467 1310 1509; baseline -0.005 -10"><span class='ocrx_word' id='word_1_343' title='bbox 735 1470 910 1509; x_wconf 86' lang='lat' dir='ltr'>pretiosum</span> <span class='ocrx_word' id='word_1_344' title='bbox 925 1467 1053 1508; x_wconf 89' lang='lat' dir='ltr'>aliquod</span> <span class='ocrx_word' id='word_1_345' title='bbox 1067 1475 1097 1498; x_wconf 83' lang='lat' dir='ltr'>et</span> <span class='ocrx_word' id='word_1_346' title='bbox 1110 1477 1189 1497; x_wconf 91' lang='lat' dir='ltr'>auro</span> <span class='ocrx_word' id='word_1_347' title='bbox 1204 1468 1310 1507; x_wconf 85' lang='lat' dir='ltr'>proxi·</span> 
     </span>
     <span class='ocr_line' id='line_1_66' title="bbox 735 1515 1308 1552; baseline -0.003 -8"><span class='ocrx_word' id='word_1_348' title='bbox 735 1526 823 1544; x_wconf 89' lang='lat' dir='ltr'>mum</span> <span class='ocrx_word' id='word_1_349' title='bbox 852 1515 1016 1544; x_wconf 88' lang='lat' dir='ltr'>metallum</span> <span class='ocrx_word' id='word_1_350' title='bbox 1047 1519 1178 1543; x_wconf 79' lang='lat' dir='ltr'>narrant</span> <span class='ocrx_word' id='word_1_351' title='bbox 1204 1519 1308 1552; x_wconf 74' lang='lat' dir='ltr'>poetae</span> 
     </span>
     <span class='ocr_line' id='line_1_67' title="bbox 736 1559 1304 1603; baseline -0.002 -13"><span class='ocrx_word' id='word_1_352' title='bbox 736 1559 918 1603; x_wconf 70' lang='grc' dir='ltr'>ὂρείχαλκεν</span> <span class='ocrx_word' id='word_1_353' title='bbox 930 1582 938 1596; x_wconf 90' lang='grc'><strong><em>,</em></strong></span> <span class='ocrx_word' id='word_1_354' title='bbox 956 1571 986 1589; x_wconf 74' lang='lat' dir='ltr'>v.</span> <span class='ocrx_word' id='word_1_355' title='bbox 998 1570 1025 1589; x_wconf 87' lang='lat' dir='ltr'>c.</span> <span class='ocrx_word' id='word_1_356' title='bbox 1039 1561 1159 1599; x_wconf 73' lang='lat' dir='ltr'>Hymu.</span> <span class='ocrx_word' id='word_1_357' title='bbox 1175 1560 1304 1589; x_wconf 81' lang='lat' dir='ltr'>Homer.</span> 
     </span>
     <span class='ocr_line' id='line_1_68' title="bbox 735 1604 1305 1646; baseline -0.002 -10"><span class='ocrx_word' id='word_1_358' title='bbox 735 1609 776 1643; x_wconf 82' lang='lat' dir='ltr'>V,</span> <span class='ocrx_word' id='word_1_359' title='bbox 793 1618 825 1646; x_wconf 81' lang='lat'>9,</span> <span class='ocrx_word' id='word_1_360' title='bbox 842 1607 921 1636; x_wconf 86' lang='lat' dir='ltr'>male</span> <span class='ocrx_word' id='word_1_361' title='bbox 936 1616 951 1635; x_wconf 91' lang='lat' dir='ltr'>a</span> <span class='ocrx_word' id='word_1_362' title='bbox 964 1604 1130 1635; x_wconf 85' lang='lat' dir='ltr'>nonnullis</span> <span class='ocrx_word' id='word_1_363' title='bbox 1145 1604 1305 1635; x_wconf 77' lang='lat' dir='ltr'>redditum</span> 
     </span>
     <span class='ocr_line' id='line_1_69' title="bbox 735 1651 1303 1682; baseline 0 0"><span class='ocrx_word' id='word_1_364' title='bbox 735 1653 960 1682; x_wconf 77' lang='lat' dir='ltr'>aurichalcum.</span> <span class='ocrx_word' id='word_1_365' title='bbox 976 1651 1061 1682; x_wconf 87' lang='lat' dir='ltr'>conf.</span> <span class='ocrx_word' id='word_1_366' title='bbox 1076 1651 1108 1681; x_wconf 87' lang='lat' dir='ltr'>h.</span> <span class='ocrx_word' id='word_1_367' title='bbox 1127 1651 1147 1681; x_wconf 87' lang='lat' dir='ltr'>l.</span> <span class='ocrx_word' id='word_1_368' title='bbox 1163 1651 1303 1682; x_wconf 74' lang='lat' dir='ltr'>Servius.</span> 
     </span>
     <span class='ocr_line' id='line_1_70' title="bbox 734 1697 1305 1741; baseline -0.005 -11"><span class='ocrx_word' id='word_1_369' title='bbox 734 1701 815 1730; x_wconf 77' lang='lat' dir='ltr'>AEris</span> <span class='ocrx_word' id='word_1_370' title='bbox 824 1710 924 1741; x_wconf 71' lang='lat' dir='ltr'>genus</span> <span class='ocrx_word' id='word_1_371' title='bbox 935 1697 1060 1738; x_wconf 83' lang='lat' dir='ltr'>aliquod</span> <span class='ocrx_word' id='word_1_372' title='bbox 1073 1697 1221 1738; x_wconf 85' lang='lat' dir='ltr'>pallidius</span> <span class='ocrx_word' id='word_1_373' title='bbox 1234 1697 1305 1728; x_wconf 79' lang='lat' dir='ltr'>fuis-</span> 
     </span>
     <span class='ocr_line' id='line_1_71' title="bbox 733 1743 1306 1786; baseline -0.005 -9"><span class='ocrx_word' id='word_1_374' title='bbox 733 1757 765 1776; x_wconf 80' lang='lat' dir='ltr'>se</span> <span class='ocrx_word' id='word_1_375' title='bbox 786 1757 825 1776; x_wconf 81' lang='lat' dir='ltr'>ex</span> <span class='ocrx_word' id='word_1_376' title='bbox 850 1747 910 1776; x_wconf 86' lang='lat' dir='ltr'>boc</span> <span class='ocrx_word' id='word_1_377' title='bbox 926 1745 1104 1786; x_wconf 67' lang='lat' dir='ltr'>Yirgiliauo</span> <span class='ocrx_word' id='word_1_378' title='bbox 1127 1743 1199 1774; x_wconf 91' lang='lat' dir='ltr'>loco</span> <span class='ocrx_word' id='word_1_379' title='bbox 1217 1743 1306 1774; x_wconf 83' lang='lat' dir='ltr'>colli-</span> 
     </span>
     <span class='ocr_line' id='line_1_72' title="bbox 732 1791 1302 1833; baseline -0.004 -11"><span class='ocrx_word' id='word_1_380' title='bbox 732 1794 828 1833; x_wconf 70' lang='lat' dir='ltr'>gitur.</span> <span class='ocrx_word' id='word_1_381' title='bbox 844 1805 874 1824; x_wconf 77' lang='lat' dir='ltr'>v,</span> <span class='ocrx_word' id='word_1_382' title='bbox 892 1792 1038 1822; x_wconf 79' lang='lat' dir='ltr'>Bochart.</span> <span class='ocrx_word' id='word_1_383' title='bbox 1056 1792 1183 1822; x_wconf 83' lang='lat' dir='ltr'>llieroz.</span> <span class='ocrx_word' id='word_1_384' title='bbox 1200 1792 1234 1822; x_wconf 87' lang='grc' dir='ltr'>Ρ.</span> <span class='ocrx_word' id='word_1_385' title='bbox 1251 1791 1302 1826; x_wconf 82' lang='grc' dir='ltr'>ΙΙ,</span> 
     </span>
     <span class='ocr_line' id='line_1_73' title="bbox 732 1836 1301 1878; baseline -0.004 -10"><span class='ocrx_word' id='word_1_386' title='bbox 732 1841 777 1868; x_wconf 73' lang='lat' dir='ltr'>w</span> <span class='ocrx_word' id='word_1_387' title='bbox 789 1863 797 1875; x_wconf 87' lang='lat'>,</span> <span class='ocrx_word' id='word_1_388' title='bbox 820 1841 870 1870; x_wconf 86' lang='lat'>16.</span> <span class='ocrx_word' id='word_1_389' title='bbox 887 1841 956 1869; x_wconf 85' lang='lat' dir='ltr'>lloc</span> <span class='ocrx_word' id='word_1_390' title='bbox 973 1838 1086 1869; x_wconf 83' lang='lat' dir='ltr'>melius</span> <span class='ocrx_word' id='word_1_391' title='bbox 1102 1847 1197 1878; x_wconf 88' lang='lat' dir='ltr'>quam</span> <span class='ocrx_word' id='word_1_392' title='bbox 1215 1836 1301 1877; x_wconf 81' lang='lat' dir='ltr'>quod</span> 
     </span>
     <span class='ocr_line' id='line_1_74' title="bbox 731 1882 1300 1923; baseline -0.007 -7"><span class='ocrx_word' id='word_1_393' title='bbox 731 1888 859 1916; x_wconf 78' lang='lat' dir='ltr'>Servius</span> <span class='ocrx_word' id='word_1_394' title='bbox 883 1886 996 1923; x_wconf 81' lang='lat' dir='ltr'>affert,</span> <span class='ocrx_word' id='word_1_395' title='bbox 1017 1884 1124 1915; x_wconf 83' lang='lat' dir='ltr'>album</span> <span class='ocrx_word' id='word_1_396' title='bbox 1146 1882 1210 1913; x_wconf 84' lang='lat' dir='ltr'>dici</span> <span class='ocrx_word' id='word_1_397' title='bbox 1234 1885 1300 1913; x_wconf 73' lang='lat' dir='ltr'>auri</span> 
     </span>
     <span class='ocr_line' id='line_1_75' title="bbox 731 1928 1299 1974; baseline -0.004 -13"><span class='ocrx_word' id='word_1_398' title='bbox 731 1934 986 1974; x_wconf 75' lang='lat' dir='ltr'>coinparatione;</span> <span class='ocrx_word' id='word_1_399' title='bbox 999 1941 1070 1961; x_wconf 80' lang='lat' dir='ltr'>nam</span> <span class='ocrx_word' id='word_1_400' title='bbox 1081 1939 1137 1970; x_wconf 84' lang='lat' dir='ltr'>per</span> <span class='ocrx_word' id='word_1_401' title='bbox 1145 1939 1178 1960; x_wconf 84' lang='lat' dir='ltr'>se</span> <span class='ocrx_word' id='word_1_402' title='bbox 1191 1928 1299 1959; x_wconf 85' lang='lat' dir='ltr'>album</span> 
     </span>
     <span class='ocr_line' id='line_1_76' title="bbox 731 1975 1299 2016; baseline -0.009 -6"><span class='ocrx_word' id='word_1_403' title='bbox 731 1990 798 2009; x_wconf 87' lang='lat' dir='ltr'>non</span> <span class='ocrx_word' id='word_1_404' title='bbox 819 1990 903 2015; x_wconf 53' lang='grc' dir='ltr'>θῶες</span> <span class='ocrx_word' id='word_1_405' title='bbox 922 1979 982 2008; x_wconf 86' lang='lat' dir='ltr'>uisi</span> <span class='ocrx_word' id='word_1_406' title='bbox 1006 1977 1112 2007; x_wconf 75' lang='lat' dir='ltr'>album</span> <span class='ocrx_word' id='word_1_407' title='bbox 1131 1975 1236 2016; x_wconf 81' lang='lat' dir='ltr'>simpl.</span> <span class='ocrx_word' id='word_1_408' title='bbox 1260 1976 1299 2006; x_wconf 84' lang='lat' dir='ltr'>nd</span> 
     </span>
     <span class='ocr_line' id='line_1_77' title="bbox 729 2023 1297 2066; baseline -0.005 -12"><span class='ocrx_word' id='word_1_409' title='bbox 729 2026 932 2066; x_wconf 79' lang='lat' dir='ltr'>splendorem</span> <span class='ocrx_word' id='word_1_410' title='bbox 953 2029 1072 2064; x_wconf 75' lang='lat' dir='ltr'>spectat</span> <span class='ocrx_word' id='word_1_411' title='bbox 1083 2044 1091 2059; x_wconf 81' lang='grc'><em>,</em></span> <span class='ocrx_word' id='word_1_412' title='bbox 1107 2023 1154 2052; x_wconf 82' lang='lat' dir='ltr'>uti</span> <span class='ocrx_word' id='word_1_413' title='bbox 1169 2023 1297 2052; x_wconf 77' lang='lat' dir='ltr'>llcsiod.</span> 
     </span>
     <span class='ocr_line' id='line_1_78' title="bbox 728 2067 1297 2112; baseline -0.004 -10"><span class='ocrx_word' id='word_1_414' title='bbox 728 2075 778 2102; x_wconf 79' lang='lat' dir='ltr'>Sc.</span> <span class='ocrx_word' id='word_1_415' title='bbox 798 2074 838 2102; x_wconf 83' lang='lat' dir='ltr'>H.</span> <span class='ocrx_word' id='word_1_416' title='bbox 864 2081 925 2102; x_wconf 62' lang='grc' dir='ltr'>ηπ</span> <span class='ocrx_word' id='word_1_417' title='bbox 954 2067 1147 2112; x_wconf 48' lang='lat' dir='ltr'>&amp;paulimus</span> <span class='ocrx_word' id='word_1_418' title='bbox 1172 2071 1297 2110; x_wconf 63' lang='grc' dir='ltr'>φαεινώ</span> 
     </span>
     <span class='ocr_line' id='line_1_79' title="bbox 728 2115 1298 2158; baseline -0.004 -10"><span class='ocrx_word' id='word_1_419' title='bbox 728 2117 830 2155; x_wconf 78' lang='lat' dir='ltr'>dixit,</span> <span class='ocrx_word' id='word_1_420' title='bbox 856 2117 944 2158; x_wconf 87' lang='lat' dir='ltr'>quod</span> <span class='ocrx_word' id='word_1_421' title='bbox 966 2118 1029 2155; x_wconf 84' lang='lat' dir='ltr'>jam</span> <span class='ocrx_word' id='word_1_422' title='bbox 1058 2115 1156 2147; x_wconf 67' lang='lat' dir='ltr'>(let-da</span> <span class='ocrx_word' id='word_1_423' title='bbox 1182 2116 1298 2157; x_wconf 80' lang='lat' dir='ltr'>aliique</span> 
     </span>
     <span class='ocr_line' id='line_1_80' title="bbox 727 2163 1296 2203; baseline -0.002 -9"><span class='ocrx_word' id='word_1_424' title='bbox 727 2164 874 2194; x_wconf 83' lang='lat' dir='ltr'>maluere.</span> <span class='ocrx_word' id='word_1_425' title='bbox 894 2163 985 2194; x_wconf 75' lang='lat' dir='ltr'>Adde</span> <span class='ocrx_word' id='word_1_426' title='bbox 1002 2163 1151 2203; x_wconf 69' lang='lat' dir='ltr'>Aponon.</span> <span class='ocrx_word' id='word_1_427' title='bbox 1185 2165 1240 2200; x_wconf 69' lang='lat' dir='ltr'>lv,</span> <span class='ocrx_word' id='word_1_428' title='bbox 1267 2173 1296 2193; x_wconf 79' lang='lat' dir='ltr'>v.</span> 
     </span>
     <span class='ocr_line' id='line_1_81' title="bbox 727 2209 1301 2251; baseline -0.003 -10"><span class='ocrx_word' id='word_1_429' title='bbox 727 2212 814 2251; x_wconf 70' lang='lat'>973,</span> <span class='ocrx_word' id='word_1_430' title='bbox 835 2211 889 2241; x_wconf 90' lang='lat' dir='ltr'>ubi</span> <span class='ocrx_word' id='word_1_431' title='bbox 915 2211 999 2242; x_wconf 84' lang='lat' dir='ltr'>conf.</span> <span class='ocrx_word' id='word_1_432' title='bbox 1025 2209 1129 2241; x_wconf 74' lang='lat' dir='ltr'>Schol.</span> <span class='ocrx_word' id='word_1_433' title='bbox 1156 2209 1301 2242; x_wconf 63' lang='lat' dir='ltr'>Winkela</span> 
     </span>
    </p>
   </div>
  </div>
 </body>
</html>
