1414 2435
114 77 178 114 248

612 76 810 108 AENEIDOS

113 138 167 172 Ut
184 144 375 184 sceptrum
395 133 486 180 hoc,
509 133 645 171 dextra
664 143 859 183 sceptrum
878 146 966 171 nam
991 135 1089 171 forte
1109 135 1285 185 gerebat,

113 198 331 245 Numquam
351 194 486 232 fronde
506 193 582 232 levi
601 193 736 231 fundet
754 194 939 244 virgulta,
959 208 1085 245 neque
1106 195 1281 242 umbras,

117 258 245 301 Quum
265 255 378 291 semel
397 255 437 291 in
454 254 576 301 silvis,
596 254 674 290 imo
693 253 740 291 de
757 254 876 305 stirpe
897 255 1079 301 recisum,

116 318 240 352 Matre
261 323 381 362 caret,
401 315 606 365 posuitque
627 327 754 351 comas
774 322 812 351 et
829 314 989 353 brachia
1008 316 1131 364 ferr03

117 375 219 411 Olim
238 374 370 421 arbos,
390 388 492 412 nunc
512 374 667 412 artificis
686 388 820 412 manus
839 388 914 412 aere
932 375 1072 414 decoro
1277 393 1323 409 2¹0

117 435 290 482 Inclusit‚
310 435 563 485 patribusque
582 435 687 472 dedit
707 443 855 486 gestare
875 436 1033 474 Latinis.
1054 453 1069 469 »

116 495 269 534 Talibus
289 497 388 534 inter
405 511 445 535 se
465 496 668 533 firmabant
689 496 831 534 foedera
851 496 981 543 dictis,

117 559 330 606 Conspectu
349 558 389 594 in
408 557 534 595 medio
554 570 758 608 procerum
781 572 789 593 :
810 567 891 594 tum
910 558 983 594 rite
1001 565 1166 595 sacratas

117 620 161 653 In
181 617 369 655 flammam
384 619 560 669 jugulant
579 618 765 669 pecudes,
784 627 821 656 et
841 619 989 656 viscera
1006 618 1104 657 vivis

118 676 310 726 Eripiunt,
332 679 603 728 cumulantque
623 679 789 716 oneratis
809 678 983 716 lancibus
1001 691 1096 716 aras.

1274 687 1322 711 2¹5

169 740 220 774 At
239 750 331 774 vero
351 739 503 776 Rutulis
523 739 634 788 inpar
650 752 694 776 ea
714 752 841 789 pugna
861 739 986 776 videri

116 798 366 845 Jamdudum,
384 808 422 836 et
441 799 547 836 vario
566 799 716 836 misceri
735 808 891 848 pectora
910 808 1017 836 motu
1025 815 1036 846 3

117 859 216 895 Tum
232 859 368 908 magis,
387 868 430 896 ut
447 858 607 909 propius
627 867 807 904 cernunt,
825 872 903 896 non
921 857 1070 895 viribus
1091 859 1219 908 aequis.

116 996 249 1028 Tartaro
281 998 417 1028 misceri.
432 998 566 1027 ——206.
598 998 690 1027 Fere-

117 1044 173 1073 bac
203 1044 325 1075 Zulich.
356 1044 499 1085 Regebac
530 1044 690 1074 Montalb.

118 1090 242 1121 doctius
258 1101 352 1128 sane3
371 1098 402 1120 et
417 1091 559 1131 reposuit
578 1101 594 1120 e
618 1090 690 1120 cod.

119 1137 200 1168 Coll.
221 1139 298 1168 Jesu
312 1137 437 1168 Wakef.
448 1155 495 1159 —-
504 1137 557 1167 Ad
569 1137 634 1167 206
646 1154 692 1159 —

118 1194 181 1213 211
201 1185 255 1213 vix
271 1194 397 1214 necesse
427 1191 462 1213 ut
483 1194 688 1219 moneamus,

115 1230 184 1260 haec
204 1241 244 1261 ex
267 1230 358 1261 uiad.
379 1240 419 1267 α,
447 1231 513 1266 234
533 1241 602 1270 sqq.
625 1240 690 1260 esse

116 1277 313 1308 adumbrata.
340 1278 534 1317 Comparcnt
556 1276 692 1307 studiosi

114 1324 182 1365 ipsa
201 1324 307 1354 verba.
322 1324 441 1353 Valerii
459 1324 560 1354 Flacci
573 1323 633 1353 alia
647 1331 693 1353 est

116 1371 252 1401 imitatio
284 1370 342 1401 lib.
372 1372 437 1407 111,
463 1380 525 1408 707
556 1381 626 1410 sqq.
643 1388 691 1396 —--

119 1418 196 1448 208.
224 1418 327 1457 Quum
352 1416 452 1446 semel
471 1412 581 1450 ἐπειδὴ
601 1419 688 1460 πρὼ-

115 1474 157 1493 τᾱ.
179 1462 275 1505 τομὴν
297 1463 352 1504 (h.
370 1464 501 1503 stirpem
513 1486 520 1499 ‚
539 1463 625 1493 unde
642 1475 689 1494 re-

116 1511 215 1540 cisum
230 1509 304 1550 fuit)
315 1508 342 1540 ἐν
359 1507 459 1551 ὄρεσσι
474 1509 610 1540 λέλοιπε.
625 1512 691 1540 Ma·

116 1564 194 1585 trem
208 1579 216 1592 ‚
238 1555 277 1585 de
297 1563 377 1586 terra
403 1563 439 1585 ut
457 1567 529 1596 sup.
559 1558 604 1587 XI
617 1580 624 1591 ‚
648 1568 663 1594 7
676 1568 687 1587 t

118 1601 275 1642 Nonjam
295 1609 401 1631 macer
423 1602 483 1631 alic
501 1603 605 1633 tellus.
633 1606 691 1633 Po-

118 1654 176 1677 test
193 1655 313 1682 tamen,
338 1647 426 1688 quod
447 1649 572 1683 malim,
590 1648 628 1678 de
643 1650 689 1689 ip-

116 1704 148 1724 sa
161 1695 259 1734 stirpe
272 1716 281 1729 ,
297 1701 410 1724 trunco
421 1705 494 1724 cum
511 1695 670 1725 radicibus
681 1719 690 1732 ‚

118 1741 230 1780 accipi.
262 1742 316 1770 Est
340 1740 408 1771 haec
441 1742 567 1772 Pindari
596 1743 692 1772 arbos

120 1786 167 1817 ἐὰν
192 1785 380 1830 &puysie-mx
411 1790 523 1831 χῶρον.
547 1807 591 1812 —
612 1800 690 1819 210.

120 1836 191 1863 AEre
213 1841 360 1864 ornatum
390 1842 552 1875 sceptrum
577 1838 690 1877 cogita.

118 1881 176 1909 Vis
189 1887 294 1910 autem
304 1883 550 1922 comparationis
564 1883 597 1912 iu
612 1883 670 1913 hoc
683 1892 690 1913 :

118 1933 152 1955 ut
169 1927 229 1957 hoc
240 1934 410 1968 sceptrum,
423 1928 488 1958 lucc
503 1929 599 1965 hasta,
613 1940 693 1959 nun-

119 1984 212 2013 quam
227 1974 451 2015 repullulabit,
465 1976 509 2004 sic
526 1987 692 2015 uunquam

120 2020 158 2049 ab
182 2020 244 2050 hoc
267 2020 383 2051 foetlere
411 2021 563 2052 recedam.
589 2022 692 2052 Aliter

121 2076 169 2094 res
197 2078 228 2095 sc
255 2067 351 2097 habet
381 2067 465 2109 apud
495 2071 691 2105 nonu-rum,

120 2112 176 2141 ubi
196 2113 336 2143 Achilles
357 2121 417 2144 tam
441 2122 525 2144 certo
546 2117 596 2145 sui
613 2115 694 2145 desi-

120 2157 243 2188 derium
270 2160 451 2190 subiturum
471 2172 536 2192 esse
559 2162 693 2192 Achivis

118 2206 413 2247 pronuntiat‚q=1an¹
426 2215 508 2237 certe
517 2215 690 2249 sceptrum,

746 996 836 1037 quod
854 997 1009 1038 gestabat,
1025 1007 1190 1037 nunquam
1208 998 1323 1028 iterum

746 1054 812 1073 esse
823 1043 1242 1084 repullulaturum.Utrique
1252 1054 1324 1084 poe-

748 1096 787 1119 tae
810 1090 928 1127 injuria
951 1090 1032 1120 facta
1057 1100 1074 1119 a
1100 1090 1176 1120 viris
1198 1090 1322 1127 doctis,

746 1137 802 1176 qui
821 1135 956 1165 alterum
975 1136 1066 1166 alteri
1092 1136 1246 1167 anteferre
1266 1147 1322 1167 vo—

745 1182 846 1213 luere.
859 1193 931 1212 ——2
942 1193 953 1212 1
963 1184 979 1213 3
992 1205 1000 1220 ‚
1022 1193 1039 1212 2
1049 1188 1099 1219 14.
1122 1182 1193 1213 Rite
1215 1193 1323 1213 sacra-

746 1236 796 1258 tas
818 1229 859 1259 cf.
882 1239 954 1270 sup.
983 1229 1022 1259 ad
1046 1241 1077 1260 v.
1107 1240 1228 1267 172—
1247 1235 1320 1268 174.

747 1277 787 1305 In
799 1276 978 1319 flammam
996 1276 1167 1317 jugulant,
1186 1283 1223 1306 ut
1239 1287 1322 1317 saepe

744 1323 808 1361 jam
824 1322 962 1353 vidimus
972 1345 981 1358 ‚
1000 1323 1100 1353 verbo
1115 1329 1220 1364 motus
1235 1333 1321 1353 reso-

743 1369 813 1400 luto
834 1371 867 1399 iu
884 1369 1021 1399 alterum
1035 1369 1171 1400 verbum
1183 1392 1191 1406 ,
1212 1380 1271 1410 pro
1287 1369 1321 1399 in

732 1416 895 1458 flammas
910 1417 1085 1457 projiciunt
1096 1416 1266 1458 jugulatas.
1276 1433 1321 1439 —

745 1473 762 1491 9.
774 1474 783 1492 1
793 1463 822 1492 5.
836 1462 1075 1503 Cumulancque
1089 1462 1248 1499 oneratis,
1268 1473 1323 1492 cu-

746 1509 865 1539 mulate
896 1510 1070 1549 imponunt
1099 1510 1159 1538 aris
1177 1518 1184 1538 :
1211 1508 1320 1539 eadem

745 1566 815 1595 sup.
846 1556 945 1591 VIII,
979 1555 1055 1590 284.
1088 1554 1220 1583 Viscera
1245 1562 1321 1584 sunt

745 1608 835 1634 exta,
854 1611 994 1641 quorum
1019 1600 1174 1641 primitias
1190 1599 1202 1641 (
1218 1598 1321 1643 ἀπαρ-

745 1644 827 1688 χὰς)
843 1648 926 1677 lanei
943 1648 1104 1687 impositas
1121 1646 1161 1676 ad
1176 1657 1260 1677 aram
1278 1647 1321 1677 al-

746 1694 821 1723 latas
854 1696 887 1724 in
920 1694 1079 1723 flammam
1107 1694 1321 1724 immittebant

746 1741 930 1770 cremandas
948 1750 955 1770 :
976 1751 1042 1770 nou
1060 1750 1152 1775 vero,
1172 1747 1207 1770 ut
1222 1740 1320 1770 lanci-

746 1787 805 1817 bus
819 1799 915 1828 super
939 1786 1075 1816 flammis
1093 1793 1244 1827 tauquam
1266 1797 1320 1817 co·

745 1834 871 1874 quenda
886 1841 959 1864 exta
974 1834 1192 1874 apposuerint.
1205 1833 1263 1863 Ge.
1276 1834 1319 1865 11.

753 1887 813 1920 ¹94
832 1881 989 1911 Lancibus
1007 1887 1040 1910 ec
1050 1879 1175 1920 pandis
1179 1878 1320 1920 flaman-

746 1927 791 1957 tin
819 1928 981 1957 reddimus
1007 1933 1096 1956 exta.
1129 1924 1213 1955 conf.
1244 1926 1319 1955 Dio-

746 1985 816 2015 nys
836 1974 937 2004 lIalic.
955 1974 1038 2009 VII,
1056 1982 1096 2010 72
1113 1978 1195 2001 extr.

794 2021 871 2050 216.
891 2021 1080 2059 Comparare
1099 2018 1202 2048 solent
1231 2017 1319 2048 Iliad.

745 2077 763 2099 η
775 2089 783 2104 ,
807 2077 824 2096 2
835 2067 873 2096 15
897 2077 965 2107 sqq.
979 2082 1026 2088 —-
1038 2065 1114 2095 218.
1136 2066 1176 2093 Ut
1189 2065 1321 2105 propius

745 2120 898 2150 cernunt,
913 2123 978 2141 non
993 2111 1114 2141 viribus
1130 2111 1241 2151 wquis.
1254 2114 1322 2142 Ser-

746 2160 815 2189 vius
847 2168 856 2190 :
889 2169 942 2189 eos
976 2168 1202 2199 congressuros
1235 2169 1300 2188 esse
1311 2181 1319 2194 ‚

745 2204 904 2236 subaudit.
934 2206 1138 2236 Burmannus
1158 2213 1165 2234 :
1193 2213 1226 2235 ut
1255 2215 1321 2235 cer-
