1414 2435
149 103 213 134 368

517 105 551 134 P.
577 101 758 134 VIRGILII
783 100 979 132 MARONIS

148 164 195 198 Et
215 161 372 211 cupidos
392 170 536 210 quaestu
555 161 695 212 passim
713 159 892 209 spoliaret
910 164 1093 202 amantes;

149 221 318 258 Piscibus
338 229 375 258 et
394 221 550 259 canibus
570 220 713 258 rabidis
735 220 872 256 vallata
890 227 1061 268 repente,

148 279 360 318 Horribiles
381 280 523 317 circum
539 280 635 317 vidit
653 293 692 316 se
711 279 842 316 sistere
862 278 1012 314 formas.
1308 282 1339 306 ⁵0

148 341 233 375 Heu
253 340 400 388 quoties
420 341 554 377 mirata
572 352 693 377 novos
712 338 895 389 expalluit
914 339 1035 374 artus!

147 400 234 447 Ipsa
254 412 341 436 suos
361 401 509 449 quoties
526 400 603 437 heu
623 399 820 450 pertimuit
840 399 1015 435 latratus!

146 459 248 494 Ausa
267 459 369 507 quod
390 469 446 496 est
464 461 599 496 mulier
617 472 758 496 numen
778 458 955 494 fraudare
973 455 1150 498 deorum,

145 517 192 553 Et
211 516 349 554 dictam
365 520 504 556 Veneri
523 528 701 556 votorum
719 527 869 555 vertere
887 528 1036 566 poenam
1057 529 1065 550 ε

147 579 286 623 Quam,
307 579 404 615 mala
425 580 625 629 multiplici
641 579 825 629 juvenum
846 576 950 627 quod
968 583 1084 625 saepta
1103 581 1278 620 caterva,
1307 580 1340 604 ⁸⁵

145 637 301 675 Dixerat
319 647 431 688 atque
450 640 575 677 animo
595 639 776 676 meretrix
788 640 931 689 jactata
949 637 1133 680 ferarum,

145 697 327 734 Infamem
346 699 409 735 tali
427 701 564 736 merito
584 713 738 736 rumore
758 699 888 745 fuisse,

145 759 267 793 Docta
285 757 511 806 Palaepliatia
530 767 688 794 testatur
707 771 800 794 voce
821 770 1002 807 papyrus.

147 816 363 866 Quidquid,
381 826 418 854 et
436 826 478 854 ut
498 817 656 866 quisque
677 826 732 854 est
752 817 817 852 tali
833 817 880 852 de
896 816 1001 852 clade
1017 817 1183 859 locutus,
1199 832 1201 834 ·

146 875 283 912 Omnia
302 877 375 912 sint
395 891 403 912 :
424 877 551 926 potius
569 876 679 913 liceat
697 885 892 912 notescere
913 875 1036 920 Cirin;
1309 889 1341 912 90

145 939 271 984 Atque
291 949 403 972 unam
425 949 471 972 ex
491 936 618 973 multis
638 937 800 985 Scyllam
819 949 896 972 non
915 948 995 972 esse
1013 933 1157 984 puellis.

148 998 293 1040 Quare,
310 1008 413 1044 quae,
433 1004 563 1032 cantus
579 995 779 1032 meditanti
796 996 946 1031 mittere
965 1003 1105 1039 certos,

149 1057 287 1104 Magna
306 1055 399 1091 mihi
416 1055 555 1105 cupido
574 1055 761 1092 tribuistis
780 1055 953 1106 praemia,
970 1053 1067 1090 divae

147 1115 312 1152 Pierides
334 1131 342 1151 :
363 1128 524 1164 quarum
544 1126 664 1153 castos
686 1116 817 1153 altaria
836 1124 962 1166 postes

149 1177 308 1212 Munere
329 1188 426 1225 saepe
447 1189 531 1213 meo
552 1177 742 1222 inficiunt,
763 1176 984 1225 foribusque
1004 1173 1200 1224 hyacinthi
1308 1183 1341 1214 9⁵

149 1345 303 1379 quaesrum
328 1339 420 1376 fecit,
439 1346 469 1370 et
491 1350 506 1369 a
532 1342 655 1370 Venere
682 1341 716 1370 in

148 1391 324 1415 monstrum
342 1386 498 1415 marinum
515 1393 559 1415 est
575 1393 704 1417 mutata.

196 1431 254 1467 83,
283 1432 336 1467 84.
365 1434 513 1468 Laeserat,
538 1432 576 1461 ad
601 1433 716 1462 horum

147 1484 313 1517 poetarum
341 1485 497 1515 mentem,
523 1479 626 1519 Scylla
650 1490 715 1508 me-

147 1524 246 1552 retrix
267 1534 405 1561 numen,
421 1525 657 1555 intervertendo
685 1533 717 1555 ct

148 1569 381 1609 intercipiendo
407 1581 537 1610 poenam
567 1579 715 1601 ‘votorum

145 1613 264 1644 dictam
281 1615 424 1645 Veneria
436 1617 623 1654 juvenibus,
635 1628 716 1657 quos

145 1660 198 1690 illa
214 1671 319 1691 amore
337 1662 386 1691 sui
404 1663 565 1693 irretierat.
584 1665 627 1693 I't
646 1663 717 1693 voti

146 1717 215 1736 reus
231 1708 342 1748 aliquis
358 1708 490 1746 dicitur,
507 1710 575 1745 cui,
592 1720 714 1740 succes-

145 1763 180 1782 su
194 1753 348 1791 secundo,
364 1765 403 1785 ex
417 1761 492 1785 voto
506 1756 713 1796 persolvenda

145 1806 237 1838 sunt,
262 1811 333 1840 quae
354 1808 509 1832 voverat:
529 1803 573 1831 sic
595 1810 714 1843 spectat

139 1856 238 1884 poena
254 1846 290 1875 ad
305 1854 426 1878 reatum
441 1849 529 1888 quasi
544 1855 692 1879 votorum
703 1871 712 1886 ‚

143 1891 261 1931 quibus
285 1904 317 1923 se
340 1894 558 1935 obligaverant
579 1897 712 1933 Veneri,

143 1948 278 1979 quaeque
293 1941 353 1980 ipsi
372 1951 458 1970 nunc
484 1948 571 1971 erant
595 1942 713 1982 persol-

146 1985 261 2022 venda;
285 1986 339 2015 sed
362 1988 494 2026 juvenes
509 1998 558 2023 ca,
582 1999 651 2028 quae
673 1999 713 2018 ex

145 2037 219 2060 voto
233 2031 406 2069 debebant,
421 2041 473 2063 aut
488 2035 553 2063 voti
568 2034 712 2064 solvendi

145 2085 250 2107 caussa
265 2080 382 2109 Veneri
405 2079 653 2116 destinaverant,
673 2080 712 2110 ad

143 2122 277 2161 put-llam
288 2146 295 2159 ,
311 2136 382 2165 qum
396 2133 551 2166 quaestum
567 2126 709 2164 faciebat,

145 2169 363 2208 apportabant.

192 2215 233 2254 89
251 2226 316 2256 sqq.
335 2219 454 2246 Verum
475 2218 626 2258 cujusque
646 2229 711 2249 mo-

771 1340 803 1370 di
818 1340 884 1370 haec
903 1340 1010 1370 omnia
1034 1340 1113 1375 siut,
1137 1337 1295 1379 quidquid
1310 1345 1342 1368 et

770 1394 805 1416 ut
822 1388 954 1427 quisque
971 1386 1010 1415 de
1028 1387 1066 1415 iis
1082 1385 1237 1422 narravit;
1254 1385 1341 1425 equi-

771 1433 840 1462 dem
866 1432 905 1462 de
922 1443 956 1462 ea
975 1432 1078 1473 Scylla
1098 1441 1204 1472 agam,
1222 1441 1293 1472 quae
1307 1431 1341 1461 iu

771 1480 858 1509 Cirin
874 1486 993 1509 mutata
1008 1485 1053 1508 est
1069 1487 1076 1508 :
1091 1478 1275 1508 inclarescat
1288 1478 1340 1509 illa

770 1536 840 1555 meo
867 1527 1004 1554 carmine
1015 1547 1023 1557 ,
1053 1533 1111 1553 nec
1139 1524 1180 1553 sit
1207 1535 1273 1554 una
1300 1524 1341 1554 de

770 1570 892 1607 maltis,
909 1569 1068 1612 ignobilis.
1087 1569 1202 1599 Clades
1214 1569 1340 1599 videtur

768 1619 834 1657 ipsa
852 1618 1028 1657 perniciosa
1044 1615 1149 1656 puella
1163 1626 1228 1645 esse
1243 1615 1339 1656 :fim-

769 1663 804 1693 di
822 1663 922 1693 nostri
936 1662 1119 1692 calamitas.

815 1720 986 1749 92—100.
1010 1710 1152 1749 Quare...
1169 1707 1250 1738 diva.-
1264 1708 1338 1739 Pie-

767 1756 898 1787 rides.,..
925 1767 1008 1785 nnnc
1049 1766 1103 1791 σε,
1128 1753 1223 1791 diva,
1252 1765 1338 1785 nunc

762 1803 924 1843 pra-cipue
934 1802 1096 1843 adspirate
1105 1799 1208 1831 labori
1217 1809 1335 1832 nostro.

768 1851 797 1879 Is
813 1849 893 1879 ordo
912 1850 1075 1878 sententiae
1090 1857 1098 1878 :
1114 1846 1249 1887 ideoque
1264 1857 1335 1888 pra·

767 1906 838 1925 vam
854 1896 1144 1936 interpunctionem
1159 1893 1336 1925 eme-davi.

814 1948 872 1982 94,
900 1942 954 1982 95.
982 1943 1030 1971 De
1056 1939 1212 1969 sacrificio
1235 1939 1337 1970 Musis

766 1987 835 2018 fleri
861 1989 954 2018 solito
972 1988 1032 2028 agit
1051 1995 1060 2016 ε
1079 1995 1214 2026 quarum
1232 1993 1337 2016 castos

759 2043 868 2075 postes
882 2033 1001 2064 altaria
1013 2042 1097 2072 serpe
1110 2031 1252 2074 inficiunt
1265 2043 1332 2062 mu-

765 2091 840 2110 nere
863 2091 943 2110 meo.
969 2079 1032 2109 Ara
1050 2079 1085 2107 iu
1112 2077 1220 2119 templi
1245 2077 1335 2109 adim

765 2127 815 2156 vel
829 2125 986 2156 vestibulo
1000 2125 1116 2161 stabam
1129 2125 1170 2154 ita
1179 2148 1188 2161 ‚
1199 2125 1334 2156 victima:

765 2173 931 2213 sangnine,
953 2178 1058 2212 postes
1085 2181 1119 2200 ac
1137 2172 1232 2209 janua
1258 2177 1334 2201 tem-

765 2219 809 2259 pli
831 2218 972 2258 adspergi
989 2224 1145 2258 poterant.
1162 2220 1208 2248 Ita
1224 2217 1337 2247 saltem,
