1414 2435
140 115 206 151 ¹284

645 111 842 142 AENEIDOS

140 177 223 210 Jam
244 182 335 208 vero
354 177 390 207 et
409 168 542 205 Rutuli
559 167 751 215 certatim,
773 177 811 205 et
825 169 962 214 Troes,
982 179 1020 206 et
1040 182 1170 207 omnes

140 237 370 271 Convertere
389 229 520 266 oculos
535 228 640 275 Itali,
660 228 804 278 quique
825 229 899 266 alta
916 228 1099 267 tenebant

141 293 300 338 Moenia,
321 291 464 341 quique
483 289 580 327 imos
600 287 804 339 pulsabant
823 289 942 327 ariete
960 303 1110 337 muros·‚

141 357 332 401 Armaque
351 350 563 401 deposuere
582 349 753 386 humeris
773 364 781 386 :
803 357 932 400 stupet
948 351 1030 401 ipse
1049 350 1206 388 Latinus
1218 378 1228 395 ,

143 411 326 462 Ingentis,
347 410 494 461 genitos
514 409 674 447 diversis
695 409 869 460 partibus
889 410 1016 458 orbis,

142 475 246 508 Inter
265 484 304 508 se
326 470 460 508 coiisse
479 470 602 516 viros,
622 479 660 506 et
677 483 834 507 cernere
852 470 967 508 ferro.

142 537 269 582 Atque
287 532 359 578 illi,
379 540 422 568 ut
441 544 563 568 vacuo
581 540 791 582 patuerunt
808 545 962 582 aequore
980 532 1124 582 campi,

1303 546 1352 572 7¹⁰

143 599 333 631 Procursu
350 593 504 644 rapido,
523 593 704 644 conjectis
723 593 870 630 eminus
888 593 1028 639 hastis,

143 653 334 690 Invadunt
354 656 518 690 Martem
538 653 681 704 clypeis
699 663 813 704 atque
834 667 908 691 aere
926 665 1079 691 sonoro.

145 719 220 752 Dat
239 716 421 765 gemitum
439 716 567 762 tellus;
588 724 669 752 tum
688 714 844 753 crebros
865 714 1019 753 ensibus
1036 714 1133 751 ictus

145 775 420 824 Congeminant
439 789 447 810 z
470 776 547 812 fors
566 784 604 811 et
622 777 746 814 virtus
765 777 973 813 miscentur
990 776 1030 812 in
1048 787 1180 812 unum.

148 837 202 870 Ac
222 834 346 881 velut,
364 834 507 884 ingenti
528 834 623 881 Sila,
643 848 840 872 summove
859 835 1063 879 Taburno,

150 988 271 1018 umbra.
295 988 346 1018 Sic
369 998 465 1029 supra
478 989 510 1025 1,
536 989 618 1025 164,
643 988 728 1018 silvis

151 1045 248 1064 scena
263 1034 411 1064 coruscis.
422 1052 469 1057 —-
480 1045 557 1074 709.
577 1037 615 1064 In
631 1036 728 1064 Hein-

151 1082 247 1111 sianis
260 1088 291 1110 et
304 1082 414 1110 Burin.
432 1079 532 1110 coisse
548 1081 661 1110 vitiose
675 1091 728 1110 ex-

153 1138 306 1168 pressum.
341 1126 492 1156 Ceterum
521 1127 727 1156 memorabile

153 1174 337 1213 exemplum
362 1172 414 1201 liic
437 1183 546 1202 versus
563 1172 671 1213 prodit
692 1173 728 1203 li-

153 1220 288 1250 brorum
302 1220 336 1248 iu
352 1218 549 1249 manifestam
563 1226 728 1260 corrupte-

153 1268 216 1297 lam
255 1266 528 1306 conspirantiu1n;
560 1277 625 1306 (suo
657 1267 729 1306 quis

154 1313 243 1344 abuti
259 1313 359 1353 possit
374 1312 415 1342 ad
434 1313 656 1343 auctoritatem
673 1323 728 1343 co-

155 1360 263 1390 dicum
277 1358 474 1390 elevandam.
494 1361 625 1400 Legitur
643 1361 730 1390 enim

153 1409 187 1437 in
202 1407 458 1445 Romau0‚juxta
473 1417 509 1436 ac
523 1406 683 1443 Medica),
699 1414 730 1436 et

154 1456 188 1483 iu
205 1455 318 1484 ceteris
332 1453 484 1485 Pierianis
499 1461 530 1484 et
549 1454 730 1484 Heiusianis

156 1501 327 1537 omnibus,
351 1501 387 1531 it.
407 1500 442 1530 in
461 1501 527 1531 Erf.
539 1523 548 1538 ,
577 1500 728 1530 adversus

157 1554 294 1577 metrum
311 1556 319 1577 .·
333 1546 422 1577 viros
439 1555 470 1577 e:
485 1547 658 1577 decernere
663 1546 730 1587 fer-

156 1604 201 1624 ro.
231 1595 322 1624 Unus
347 1600 413 1623 erat
436 1595 519 1624 Pier.
532 1616 541 1631 ‚
557 1604 572 1623 a
592 1604 657 1634 quo
675 1593 730 1623 ab-

156 1646 222 1670 erat
238 1647 285 1676 et,
304 1639 391 1680 quod
405 1647 436 1669 et
450 1640 549 1670 Goth.
562 1651 623 1670 see.
640 1640 732 1681 igno-

156 1686 246 1717 rabat
261 1697 334 1716 cum
355 1686 422 1716 aliis
434 1708 442 1722 ,
459 1697 541 1727 quos
558 1686 666 1717 Ursin.
685 1687 731 1716 vi-

157 1733 264 1771 derat,
280 1734 336 1773 qui
350 1740 382 1763 et
398 1734 555 1763 Fam-uum
569 1733 613 1762 sic
629 1744 733 1763 emen-

158 1780 245 1810 dasse
271 1786 412 1810 testatur.
439 1782 626 1820 Sequuntur
645 1780 731 1810 codi-

157 1837 228 1856 cum
244 1827 359 1857 vitium
372 1825 445 1858 edd.
463 1834 559 1864 vett„
576 1833 733 1867 quantum

159 1873 252 1903 video
263 1895 271 1910 ‚
287 1884 397 1904 omnes
408 1896 416 1911 ‚
433 1874 575 1914 exceptis
588 1874 626 1903 iis
637 1895 645 1911 ‚
660 1884 734 1914 quae

159 1931 197 1949 vx
209 1921 334 1960 Egnatii
349 1921 533 1951 recensione
544 1922 627 1951 Ven.
646 1932 656 1950 1
666 1922 729 1959 507

159 1967 324 2006 profectae,
344 1967 379 1997 in
395 1966 512 2007 quibus
527 1975 558 1998 et
574 1978 703 1998 cernere
721 1978 733 1998 .·

160 2012 220 2043 hoc
233 2015 325 2043 etiam
342 2014 401 2045 Ge.
413 2014 578 2045 Fabricius
591 2022 675 2045 recte
689 2025 734 2045 re·

161 2061 267 2098 petiit,
296 2060 436 2102 hincque
457 2061 521 2092 alii.
546 2062 733 2092 Auctorita-

160 2112 223 2135 tem
240 2107 354 2138 faceret
366 2108 429 2146 jam
444 2118 500 2148 per
514 2119 547 2138 se
563 2109 636 2138 satis
651 2119 734 2150 mag-

161 2163 233 2181 nam
259 2154 338 2183 ratio
358 2156 505 2194 poetica:
523 2154 577 2185 sed
601 2166 733 2186 cernere

159 2199 251 2229 etiam
266 2198 369 2230 firmat
383 2204 500 2231 Seneca
516 2203 574 2243 Ep.
591 2202 650 2239 58,
665 2209 733 2232 tum

160 2246 317 2286 Quinctil.
331 2254 360 2276 et
374 2249 536 2286 Priscian„
548 2255 625 2279 teste
636 2249 732 2280 Hein-

1306 843 1355 875 7¹⁵

780 991 828 1019 sio
839 1012 847 1027 ‚
877 988 1025 1029 inprimis
1062 994 1168 1017 autem
1209 987 1355 1022 Servius,

782 1035 875 1065 docta
899 1037 935 1066 in
958 1041 1033 1064 nota
1061 1033 1100 1063 ad
1123 1034 1156 1063 h.
1176 1033 1217 1070 l.‚
1235 1032 1355 1063 docens

781 1091 911 1121 quoque
927 1080 1144 1120 posteritatem
1160 1081 1292 1119 coepisse
1311 1079 1355 1108 le-

781 1138 871 1167 gere,
896 1134 928 1156 et
948 1127 1119 1156 decernere
1142 1136 1153 1153 .·
1176 1125 1356 1155 secundum

781 1184 876 1214 quam
889 1173 1062 1203 lectionem
1075 1171 1262 1213 synaloephe
1275 1182 1356 1212 opus

782 1231 848 1250 esse
865 1220 998 1250 excluso
1021 1230 1056 1249 os
1065 1241 1075 1255 ‚
1094 1225 1131 1248 ut
1146 1219 1204 1249 sit:
1222 1217 1308 1248 incer
1323 1229 1357 1248 se

781 1267 893 1297 coiisse
918 1265 982 1296 ‘vir'
1002 1273 1034 1296 et
1058 1265 1228 1296 decernere
1236 1264 1332 1306 ferro
1346 1276 1356 1294 .·

782 1313 880 1343 habes
908 1323 1043 1343 acumen
1067 1313 1308 1354 grammaticum
1323 1313 1358 1341 iu

783 1359 896 1402 liguris
919 1359 1218 1396 comminiscendis,
1242 1365 1274 1389 et
1289 1369 1355 1389 cer-

784 1418 858 1437 nere
873 1408 966 1436 etiam
992 1416 1008 1436 a
1029 1417 1071 1437 m.
1090 1416 1154 1436 sec.
1168 1406 1204 1435 in
1222 1405 1356 1436 Memet.

783 1461 849 1484 erat
872 1452 1085 1484 emendatum.
1116 1455 1192 1484 Post
1214 1452 1359 1483 virorum

782 1500 952 1531 doctorum
984 1500 1242 1531 observationem
1271 1509 1360 1529 nunc

785 1553 907 1577 constat
919 1569 927 1584 ,
938 1556 1068 1576 cernere
1077 1568 1087 1582 ,
1100 1543 1212 1587 κρίνειν
1226 1543 1340 1588 ἀγῶνα
1351 1567 1360 1581 ,

785 1604 845 1634 pro
872 1593 1061 1629 decernere,
1077 1592 1142 1630 jam
1165 1592 1270 1621 Ennio
1295 1601 1360 1621 esse

786 1641 1034 1680 frequentatum.
1067 1638 1153 1668 conf.
1176 1639 1286 1668 Heius.
1320 1637 1360 1668 ad

786 1686 818 1717 h.
839 1686 861 1717 l.
876 1697 950 1716 cum
970 1684 1070 1716 Corda
1085 1692 1115 1715 et
1132 1685 1241 1715 Burm.

835 1744 851 1771 7
863 1744 874 1763 1
883 1743 899 1763 2
920 1732 1080 1763 Invadunt
1092 1732 1231 1762 Martem
1245 1741 1256 1760 :
1279 1730 1361 1761 elato

786 1781 920 1821 spiritu,
937 1790 996 1820 pro
1007 1801 1016 1816 ,
1031 1778 1193 1819 incipiunt
1203 1787 1342 1820 pugnam
1352 1799 1360 1814 ‚

787 1826 828 1857 cf.
845 1829 911 1864 lx,
934 1826 1009 1857 186.
1036 1825 1162 1866 Clypeis
1183 1831 1281 1866 atque
1298 1833 1362 1854 aere

785 1885 902 1904 sonoro
928 1884 939 1903 :
968 1879 1143 1913 utrumque
1175 1871 1215 1901 de
1242 1869 1363 1911 clypeis

788 1921 916 1951 collisis.
956 1919 1042 1950 Infra
1076 1924 1142 1958 724
1178 1917 1335 1958 repetitur
1351 1926 1358 1947 :

790 1967 992 1998 Concurrunt
999 1965 1031 2005 cl.
1033 1965 1129 2006 rpeis.
1139 1981 1185 1987 —-·
1198 1973 1214 2002 7
1225 1974 1236 1993 x
1246 1969 1276 1999 4.
1285 1965 1363 1994 Fors

787 2022 820 2045 et
830 2014 944 2044 virtus.
958 2014 1032 2045 Non
1042 2011 1107 2042 fors
1119 2011 1244 2047 Turni,
1256 2012 1363 2041 AEneae

787 2063 888 2091 virtus
903 2069 911 2092 :
927 2059 983 2090 sed
995 2064 1173 2100 pugnantes
1187 2068 1253 2087 non
1266 2056 1363 2088 modo

786 2108 939 2138 virtutem
954 2111 1120 2147 praestant,
1140 2103 1195 2134 sed
1210 2111 1241 2134 et
1255 2114 1363 2135 casum

786 2164 823 2184 ae
836 2153 998 2184 fortunam
1015 2152 1050 2182 in
1067 2151 1185 2181 ictibus
1204 2157 1235 2182 et
1250 2150 1362 2182 vnlne-

787 2199 877 2231 ribus
895 2197 1068 2230 inferendis
1086 2197 1268 2229 observant.

837 2257 853 2286 7
864 2247 913 2278 15.
931 2246 1000 2277 Sila
1013 2245 1128 2277 diserte
1142 2244 1261 2277 Medic.
1277 2250 1308 2276 et
1323 2243 1364 2274 sl.
