1414 2435
611 82 807 114 AENEIDOS

107 142 238 179 Amata,
260 153 359 183 quum
388 144 536 173 Turnum
554 142 698 173 occisum
725 141 949 180 arbitraretur,
972 141 1093 173 doloris
1114 140 1312 182 impatientia

109 195 222 235 laqueo
239 197 335 226 xitam
352 195 426 227 finit
443 215 490 220 —
506 198 586 228 613.
602 198 662 227 His
679 196 777 227 rebus
795 199 906 228 Turno
928 208 986 238 per
1007 199 1114 228 Sacem
1139 194 1311 231 nuntiatis,

109 260 210 289 quum
236 262 273 281 eo
298 262 364 282 rem
391 251 551 282 redactam
576 251 717 290 videret,
740 259 778 282 ut
800 251 863 282 sibi
889 252 1066 282 necessario
1092 247 1311 281 dimicandum

108 313 204 344 esset,
226 308 286 338 nisi
308 308 432 349 perpeti
453 308 561 338 mallet
583 307 747 337 sociorum
763 305 895 345 urbem,
911 317 943 337 se
965 307 1172 348 inspiciente,
1192 306 1227 334 iu
1241 302 1313 333 hos-

107 362 186 391 tium
203 368 391 403 potestatem
405 363 593 405 pervenire,
608 361 696 391 ultro
717 364 847 392 AEueam
867 372 909 391 ex
929 362 1117 403 praescripto
1135 359 1262 391 foederis
1275 356 1313 387 ad

107 417 265 457 singulare
290 425 449 448 certamen
474 423 631 459 provocat
652 434 700 440 —
722 416 801 456 696.
823 417 867 446 Ea
890 426 999 457 pugna
1019 417 1167 457 superior
1182 417 1310 449 AEneas,

108 481 208 510 quum
223 472 301 502 victi
315 471 416 503 hostis
438 471 590 513 precibus
603 472 667 510 jam
688 481 780 512 paene
795 469 834 500 ad
848 471 1098 502 misericordiam
1111 471 1310 507 flecteretur,

106 531 278 565 conspecto
292 527 328 555 in
342 525 484 556 humeris
498 526 566 564 ejus
584 525 692 555 balteo
701 547 709 563 ,
730 535 826 566 quem
839 526 946 556 occiso
961 525 1097 556 Pallanti
1111 527 1241 557 Turnus
1256 523 1310 554 de-

104 585 258 618 traxerat,
275 586 406 620 repente
430 580 478 609 ira
493 589 657 616 accemm,
675 578 782 619 gladio
805 589 863 620 per
877 585 989 620 pectus
1008 578 1136 616 adacto,
1157 589 1229 609 eum
1246 579 1310 608 vita

103 631 229 671 spoliat.

109 81 174 111 228

643 757 776 765 ---.-

159 874 336 917 Tum-s,
355 879 395 906 ut
416 870 596 907 infractos
614 869 775 906 adverso
791 871 916 906 Marte
937 869 1092 905 Latinos

106 930 299 967 Defecisse
318 929 422 967 videt
434 959 443 976 ‚
465 943 532 967 sua
551 943 652 966 nunc
669 929 856 980 promissa
875 929 1042 979 reposci,

106 992 155 1027 Se
175 990 316 1041 signari
334 991 470 1037 oculis,
492 991 594 1027 ultro
610 989 847 1040 inplacabilis
865 989 989 1034 ardet,

108 1051 346 1101 Adtollitque
360 1051 516 1088 animos.
538 1054 742 1088 Poenorum
762 1051 884 1101 qualis
904 1051 942 1087 in
959 1051 1077 1095 arvis,

155 1203 183 1223 1.
211 1191 370 1234 [nst-accos
383 1203 394 1222 .·
413 1206 428 1218 «
445 1200 534 1222 antea
557 1204 681 1234 semper

104 1250 172 1270 nou
186 1240 302 1269 fractos
317 1254 333 1265 n
344 1261 352 1276 ,
370 1240 598 1280 interpretatur
615 1242 681 1270 Ser-

105 1287 191 1323 vius,
227 1296 322 1326 quem
350 1287 468 1315 mirum
499 1293 545 1316 est
556 1309 564 1323 ,
593 1297 681 1316 nunc

105 1332 232 1362 demum
256 1333 290 1362 iu
309 1332 370 1362 hac
392 1343 471 1363 voce
490 1332 609 1362 haerere
626 1344 681 1374 po-

105 1380 216 1417 tuisse,
234 1390 329 1420 quam
345 1380 408 1418 jam
425 1379 591 1420 aliquoties
605 1390 680 1421 poe-

106 1434 145 1455 tae
172 1425 405 1466 frequentatum
428 1426 585 1463 vidimus,
602 1438 631 1457 v,
649 1437 676 1457 c.

106 1483 175 1513 sup.
197 1475 268 1504 AEn.
289 1474 356 1509 lx,
381 1479 446 1512 499
470 1472 618 1514 infracta*
636 1473 683 1503 ad

99 1518 220 1559 pra’lia
244 1518 342 1550 vires.
365 1521 567 1549 Monueruut
590 1530 680 1550 nunc

105 1566 177 1594 satis
192 1565 285 1594 multi
305 1565 478 1606 inst-actum
503 1576 568 1595 esse
589 1566 680 1597 valde

106 1611 252 1641 fractum.
272 1611 312 1641 cf.
330 1611 380 1641 vel
401 1611 493 1642 Cerd.
520 1613 559 1641 1η
576 1613 610 1642 iu
629 1612 678 1642 his

103 1657 201 1688 habet
227 1659 293 1687 vim
322 1658 509 1688 Graecorum
536 1669 556 1688 σ.
573 1659 678 1688 inten-

109 1705 180 1742 sivi,
191 1704 216 1734 si
227 1703 325 1735 modo
341 1711 515 1745 utrumque
530 1705 680 1741 intendit,

106 1761 165 1780 nec
179 1751 286 1792 polius
297 1774 305 1787 ‚
321 1757 358 1781 ut
373 1761 456 1791 saepe
470 1750 506 1780 fit
517 1773 525 1787 ‚
541 1752 680 1781 otiosum

107 1804 196 1827 vacat
205 1803 236 1827 et
246 1807 267 1828 σ.
275 1803 305 1827 et
314 1797 346 1826 1¹11
352 1808 428 1827 .—9.
435 1822 440 1827 .
447 1799 511 1827 Sua
520 1808 680 1839 nnnepm-

106 1842 201 1873 missa
218 1852 226 1874 ζ
240 1843 280 1874 de
293 1844 423 1874 meliore
438 1855 598 1874 armornm
613 1855 680 1875 suc-

106 1901 211 1928 cessu,
247 1897 277 1920 et
303 1891 343 1921 de
368 1901 475 1932 pugna
507 1902 580 1921 cum
610 1893 680 1932 ipso

107 1939 203 1967 AEnea
222 1937 372 1968 ineunda.
391 1948 421 1968 ν.
437 1949 508 1978 sup.
526 1941 597 1969 AEu.
613 1940 659 1969 XI
671 1961 679 1975 ,

112 1984 178 2018 436
201 1995 269 2025 sqq.
296 1985 401 2025 posci.
422 1986 617 2025 exspectari,
645 1991 681 2015 ut

114 2031 150 2058 iis
166 2032 342 2061 satisfaciat.
357 2049 400 2054 —-
413 2033 442 2062 3.
462 2032 572 2067 [Νῖνος
586 2031 684 2061 nullis

112 2075 214 2107 adhuc
229 2077 355 2117 probris
365 2085 395 2107 et
409 2079 562 2108 conviciis
575 2088 591 2107 a
608 2088 684 2118 quo-

114 2123 197 2164 piam
210 2123 359 2154 factis.—
371 2130 469 2164 1.-9,
479 2127 586 2155 Sumta
602 2134 686 2153 com-

115 2171 237 2210 ptmtlo
253 2170 294 2199 nl»
310 2172 449 2200 nome-ro
464 2171 552 2201 Iliad.
570 2181 581 2201 t
594 2193 602 2203 .
624 2170 686 2200 13ss

116 2226 205 2257 sqq.;
230 2226 264 2247 υ.
298 2217 357 2251 ¹⁴34
388 2228 476 2256 sqq..
502 2228 574 2257 qua·
605 2217 689 2246 iuter

734 1191 987 1234 splendidissima
1002 1191 1134 1221 Homeri
1145 1191 1214 1222 loca
1224 1197 1308 1228 sunt,

734 1239 883 1269 translata
902 1240 1016 1280 passim
1040 1240 1074 1268 iu
1102 1240 1186 1269 Scut.
1212 1239 1308 1269 Herc.

733 1297 764 1317 v.
787 1286 853 1322 426
869 1296 936 1326 sqq.
948 1309 957 1323 ‚
974 1285 1028 1315 scd
1042 1285 1081 1316 ad
1094 1285 1186 1315 aliam
1201 1294 1307 1315 rerum

733 1334 870 1374 speciem
887 1332 1011 1362 deflexa
1033 1339 1065 1363 et
1087 1331 1237 1375 praeclare
1256 1341 1308 1361 va-

733 1381 811 1410 riata
833 1390 841 1410 ε
865 1386 902 1409 ut
930 1379 980 1410 leo
1013 1379 1147 1409 vulnere
1178 1384 1308 1419 accepto

734 1427 837 1457 multo
865 1427 962 1468 magis
989 1425 1087 1463 furit,
1109 1427 1154 1456 sic
1178 1427 1308 1457 Turnus

735 1473 868 1503 adverso
893 1483 1000 1503 rerum
1031 1483 1181 1502 successu
1211 1471 1309 1512 magis

734 1521 829 1550 etiam
848 1530 945 1560 quam
967 1525 1040 1548 ante
1058 1519 1227 1548 irascitur:
1245 1516 1308 1546 hoc

734 1567 818 1596 enim
838 1571 883 1595 est
899 1564 1021 1594 attollit
1029 1563 1172 1600 animos,
1189 1570 1220 1594 et
1231 1562 1309 1605 glis-

732 1612 777 1642 cit
806 1611 968 1642 violentia
1010 1612 1114 1641 Ten-no
1143 1620 1280 1640 accenso
1296 1621 1309 1638 .-

733 1657 821 1699 quod
841 1660 983 1688 Homero
1010 1664 1074 1687 crat
1087 1680 1096 1694 ‚
1110 1657 1183 1687 loco
1201 1657 1308 1698 priore

734 1704 824 1735 Iliad.
852 1714 884 1741 ε,
910 1705 969 1734 135
995 1702 1182 1734 Diomedem
1201 1713 1218 1733 a
1237 1702 1307 1733 vul-

736 1762 811 1781 nere
834 1757 1056 1787 recreatum,
1046 1747 1118 1793 πρίν
1142 1760 1201 1793 περ
1221 1749 1306 1793 θυμῷ

736 1808 782 1841 με
763 1808 865 1832 uuo:
898 1799 939 1827 T:
945 1795 983 1827 ώε
987 1807 1035 1827 om
1061 1794 1235 1840 μάχεσθαι,
1263 1793 1307 1827 Ar.

733 1843 804 1875 τόἹ
833 1841 884 1888 μὶν
908 1841 971 1887 τρὶς
992 1841 1100 1874 τόσσον
1124 1841 1190 1874 (λιν
1207 1840 1305 1885 μένος.

735 1891 821 1922 Illud
852 1901 947 1928 vero,
971 1889 1059 1931 quod
1092 1888 1182 1920 Iliad.
1202 1899 1243 1929 χ,
1263 1889 1307 1929 96

735 1930 919 1991 ί1ς1ἷὶιιτωρ
936 1933 1087 1967 dee-erm
1119 1933 1200 1976 ἔχων
1220 1933 1308 1978 μένος

736 1984 794 2025 οὐχ
814 1980 991 2025 υπιχώρει,
1010 1982 1145 2023 legitur,
1160 1982 1215 2012 vix
1236 1992 1308 2012 cum

737 2030 930 2061 Valkeuario
946 2027 985 2059 ad
997 2028 1134 2059 Theocr.
1149 2027 1257 2059 Adon.
1277 2039 1309 2070 p.

741 2077 805 2107 252
827 2076 892 2106 huc
914 2073 1080 2106 commode
1097 2075 1178 2105 trahi
1196 2082 1310 2116 potest.

739 2124 907 2159 Ceterum,
938 2131 1009 2162 qna*
1038 2120 1075 2151 ad
1106 2130 1253 2152 ornatum
1277 2122 1311 2151 in

740 2169 789 2199 his
814 2179 875 2199 vsa.
899 2174 1060 2209 spectem,
1087 2168 1176 2199 facile
1199 2178 1259 2210 pro
1280 2177 1314 2198 se

741 2217 878 2256 quisque
892 2215 1050 2246 observet.
1068 2215 1134 2246 Nec
1151 2217 1219 2246 sine
1232 2214 1315 2245 frue-
