1414 2435
87 91 128 120 36
588 89 781 123 AENEIDOS

86 151 311 193 Auctorem,
330 160 399 184 nec
419 160 496 197 quo
513 160 552 185 se
570 148 704 186 ardens
723 148 913 185 inmittere
930 148 1062 199 possit.

87 225 100 240 «
123 210 180 244 Tu
198 216 322 244 tamen
340 207 485 245 interea
504 208 626 245 calido
645 208 739 244 mihi
757 208 938 259 sanguine
955 221 1082 258 poenas

86 267 279 303 Persolves
300 266 518 312 amborum,
538 267 672 316 inquit.
695 284 710 300 »
732 268 851 305 Simul
871 281 958 305 ense
977 268 1123 305 recluso

85 325 171 363 Ibat
190 327 229 362 in
248 327 455 376 Euryalum
475 342 483 363 ε
503 336 582 363 tum
601 339 693 363 vero
714 327 933 374 exterritus,
953 340 1097 373 amens,

86 386 301 423 Conclamat
319 387 449 433 Nisus3
470 400 541 423 nec
560 400 599 423 se
619 387 741 423 celare
761 387 926 424 tenebris

85 447 255 497 Amplius
267 475 276 493 ,
293 455 358 484 aut
377 455 523 483 tantum
542 448 668 497 potuit
687 446 857 496 perferre
877 446 1046 483 dolorem
1062 461 1070 482 :

86 524 101 540 «
122 510 204 553 Me,
225 520 302 552 me,
321 507 471 552 adsum,
491 506 557 556 qui
575 506 664 552 feci,
683 506 722 542 in
741 519 801 542 mc
821 507 1028 543 convertite
1049 506 1208 550 ferrum,

87 569 121 603 Ο
141 567 291 604 Rutuli!
311 579 394 603 mea
416 566 518 603 fraus
539 566 678 611 omnis;
695 565 790 601 nihil
809 565 879 602 iste
895 578 965 601 nec
985 578 1114 610 ausus,

85 628 165 663 Nec
182 625 307 675 potuit
325 639 332 660 :
354 625 488 661 coelum
508 624 582 660 hoc
601 631 638 660 et
655 623 804 660 conscia
823 622 948 660 sidera
967 632 1093 661 testor.

87 688 250 722 Tantum
271 684 458 720 infelicem
477 683 637 719 nimium
656 683 788 719 dilexit
806 684 979 720 amicum.
999 700 1013 716 υ

85 744 191 784 Talia
206 744 306 780 dicta
322 743 455 787 dabat;
474 742 540 780 sed
558 742 704 779 viribus
725 741 822 779 ensis
842 742 997 779 adactus

88 803 304 841 Transabiit
322 812 462 847 costas,
480 811 517 840 et
536 802 696 839 candida
715 811 871 852 pectora
889 804 1043 852 rumpit.

88 864 265 900 Volvitur
284 863 470 912 Euryalus
490 863 582 907 leto,
604 861 859 912 pulchrosque
879 876 948 912 per
968 872 1070 900 artus

89 926 123 960 It
143 936 274 969 cruor,
292 923 407 972 inque
427 922 606 959 humeros
623 922 753 958 cervix
770 922 946 972 conlapsa
967 921 1153 960 recumbit
1173 938 1181 959 z

88 985 307 1033 Purpureus
326 981 444 1019 veluti
460 994 577 1030 quum
594 981 678 1027 flos,
697 982 862 1020 succisus
880 990 1025 1027 aratro,

140 1142 217 1172 4²2·
232 1135 359 1167 Servius
381 1141 412 1165 et
433 1134 577 1165 Macroh.
600 1136 662 1165 Sat.

93 1183 176 1218 VII,
208 1193 220 1211 1
242 1192 311 1222 pag.
334 1182 397 1220 572
425 1183 508 1221 Lips.
537 1180 665 1211 laudant

94 1239 134 1260 ex
153 1229 249 1258 Ennii
271 1227 388 1258 Annal.
408 1229 439 1264 Ι,
457 1237 533 1256 nam
551 1226 596 1256 mi
610 1237 664 1256 ca-

93 1274 160 1306 lido
176 1275 235 1303 dus
251 1273 407 1314 sanguine
420 1283 547 1313 poenas.

139 1326 205 1357 424
221 1331 289 1360 sqq.
310 1320 452 1350 Observa
468 1319 521 1349 hic
535 1319 665 1349 incales-

93 1377 162 1396 cere
193 1367 367 1397 orationem
395 1376 469 1395 cum
495 1367 565 1406 ipso
598 1366 667 1396 Nisi

94 1413 214 1449 calore,
232 1420 263 1442 et
277 1411 330 1441 illa
352 1414 421 1448 Me,
451 1422 500 1442 me
520 1419 592 1449 etc.‚
611 1419 641 1441 et
657 1421 665 1442 ι

97 1461 235 1489 Tantum
262 1458 422 1500 infelicem
457 1458 589 1487 nimium
621 1457 667 1487 di-

94 1506 176 1535 lexit
191 1505 328 1534 amicum
348 1515 393 1535 νε.
413 1505 490 1540 430.
505 1505 586 1544 Quis
601 1514 668 1533 nou

95 1558 204 1581 aestuet
215 1551 365 1589 juvenilis
385 1551 509 1579 animus
526 1551 608 1578 inter
622 1549 666 1578 le-

94 1597 248 1638 gendum!
263 1596 422 1627 Naturalis
436 1595 606 1625 verborum
621 1605 668 1625 or-

94 1644 137 1674 do
153 1654 192 1673 ex
207 1643 302 1672 animi
317 1641 555 1683 perturbatione
571 1650 669 1671 muta-

97 1697 148 1720 tus
173 1696 230 1720 est.
256 1690 310 1718 Me
329 1695 384 1718 aut
401 1699 450 1718 me
474 1689 589 1728 petite,
614 1695 668 1718 aut

95 1735 337 1771 retrahendum,
363 1735 394 1764 in
412 1745 462 1764 me
480 1735 665 1764 convertite.

144 1784 221 1818 432.
251 1780 432 1812 Transabiie
455 1781 536 1810 hene
555 1782 665 1811 Heius.

96 1829 248 1868 reposuit.
269 1829 329 1858 Sic.
354 1830 446 1858 Rom.
471 1838 520 1867 pr.
540 1829 668 1868 Menag.

96 1885 144 1914 pr.
169 1875 343 1915 llamburg.
362 1881 391 1904 et
409 1874 474 1904 duo
492 1873 544 1903 alii
559 1874 667 1904 Heius.

97 1922 150 1950 Est
167 1921 359 1951 vocabulum
376 1921 474 1951 Statio
491 1920 668 1961 frequenta-

98 1973 185 2004 tum,
210 1967 370 1996 interdum
406 1973 605 2008 portentose,
633 1972 669 1995 ut

98 2014 143 2043 IX
169 2013 268 2044 Theb.
299 2013 383 2049 126,
407 2013 463 2043 ubi
486 2012 572 2042 hasta
595 2022 670 2041 con-

96 2059 176 2097 jecta
192 2059 327 2088 medium
349 2059 481 2089 Polcten
502 2057 669 2089 Transabie

98 2112 130 2134 et
137 2105 243 2145 juncti
260 2106 403 2145 clypeum
420 2113 514 2135 cavat
527 2104 668 2146 improba

101 2151 213 2192 Mopsi.
232 2152 386 2182 Nonnulli
407 2152 499 2182 codd.
519 2162 568 2192 ap.
587 2152 666 2182 Pier.

101 2198 208 2228 Heius.
222 2205 250 2227 et
263 2199 368 2228 Burni.
381 2209 451 2227 cnm
464 2197 666 2228 eddM-nliol.

1238 991 1287 1020 435

717 1134 775 1166 Ed.
801 1134 872 1165 Ald.
900 1145 949 1175 pr.
980 1145 1052 1166 cum
1074 1135 1166 1165 Jnut.
1202 1134 1288 1164 1520

721 1180 926 1217 Transadiic;
942 1182 991 1213 ed.
1014 1183 1096 1211 Ven.
1120 1182 1148 1210 T
1145 1179 1290 1210 ransabi-

715 1227 775 1269 gie.
797 1227 902 1267 Vulgo
924 1236 995 1258 ante
1018 1228 1128 1258 Heius.
1163 1236 1289 1267 expres—

718 1282 817 1304 sum:
848 1273 1074 1315 Transadigit,
1096 1272 1184 1313 quod
1218 1272 1290 1302 alio-

718 1330 797 1350 num
814 1330 832 1349 a
843 1319 917 1349 loco
933 1320 994 1350 hoc
1005 1343 1014 1357 ‚
1029 1329 1094 1360 quo
1109 1317 1291 1360 transadigi-

720 1373 773 1396 tnr
783 1388 792 1402 ‚
806 1367 1028 1405 requirebatur
1043 1375 1050 1395 :
1068 1366 1128 1395 uisi
1140 1364 1239 1402 dhas,
1254 1371 1291 1394 ut

721 1412 821 1441 multa
836 1412 913 1449 alia,
933 1414 975 1442 ita
994 1412 1056 1442 hoc
1077 1410 1288 1452 transadigit,

721 1458 905 1487 neutraliter
921 1459 1043 1488 dictum
1059 1467 1124 1487 esse
1135 1479 1144 1493 ‚
1158 1464 1213 1486 aut
1222 1467 1293 1496 sup·

721 1504 807 1544 plens
819 1514 862 1534 se.
882 1505 1021 1534 Exhibet
1038 1502 1118 1533 illud
1133 1503 1195 1541 jam
1215 1502 1291 1532 Ald.

721 1560 783 1579 sec.
803 1550 900 1580 1505.
913 1553 956 1580 At
970 1551 1106 1591 Nauger.
1118 1548 1192 1579 ΑΜ.
1206 1559 1217 1578 1
1227 1549 1292 1584 514

726 1595 915 1626 Trans-abiit.
946 1597 1079 1625 Variant
1109 1594 1184 1624 hinc
1217 1594 1292 1624 edd.

721 1652 789 1682 sqq.
807 1641 924 1672 Medic.
949 1653 966 1671 a
987 1653 1028 1672 m.
1048 1652 1096 1682 pr.
1117 1640 1293 1671 Transadi-

721 1688 774 1718 bit.
794 1688 914 1719 Zulich.
935 1695 965 1718 et
981 1690 1092 1719 Franc.
1113 1686 1292 1729 Transegie.

721 1737 857 1764 Pectora
875 1734 1017 1764 candida
1034 1737 1126 1764 Rom.
1146 1744 1220 1764 cum
1238 1733 1294 1763 ali-

721 1788 800 1821 quot
819 1781 887 1810 aliis
902 1783 982 1812 Pier.
998 1784 1102 1821 Sprot.
1120 1787 1151 1810 et
1163 1787 1226 1810 tres
1240 1779 1293 1809 alii

722 1829 829 1858 Burm.
857 1828 985 1868 Rumpit
1007 1827 1116 1857 itidem
1142 1827 1251 1855 Heius.
1275 1836 1292 1854 e

722 1873 840 1904 Medic.
858 1881 887 1903 et
905 1873 1122 1909 aliis—433.
1139 1871 1288 1904 Vols-intr.

722 1920 925 1960 provolvitur
936 1942 944 1956 ‚
979 1918 1136 1953 concidit,
1174 1928 1289 1953 caesus,

722 1966 860 1995 moriens
875 1975 882 1995 :
905 1976 964 2005 pro
978 1965 1039 1995 hoc
1058 1964 1138 1995 dixit
1162 1965 1235 1994 leto.
1246 1982 1290 1987 —

725 2012 789 2046 435
808 2028 855 2037 ν-
872 2013 949 2049 437.
977 2012 1100 2041 Eximia
1129 2016 1159 2039 et
1189 2012 1291 2040 sum-is

723 2058 933 2098 comparatio,
956 2057 1011 2087 sed
1030 2058 1063 2087 in
1081 2067 1142 2098 qua
1165 2057 1293 2087 Maroni

722 2103 767 2133 nil
791 2103 1014 2145 imputandum
1042 2111 1156 2144 practer
1180 2103 1293 2134 verbo-

722 2160 794 2180 rum
819 2157 975 2180 ornatum.
1001 2151 1079 2181 Nam
1104 2149 1292 2191 praeclarum

721 2195 802 2226 illud
816 2207 823 2228 :
846 2196 979 2227 succinis
997 2203 1104 2227 aratro
1116 2219 1123 2232 ,
1146 2207 1209 2236 quo
1224 2207 1272 2226 res
1282 2218 1290 2232 ‚
