1414 2435
146 49 207 78 163

644 46 836 78 AENEIDOS

142 104 308 153 Imperio
330 104 493 150 adcitos,
513 104 588 141 alta
606 104 705 142 intra
721 104 850 141 limina
869 104 979 153 cogit.

1292 110 1339 134 275

143 165 219 201 Olli
238 177 468 209 convenere,
488 164 686 213 fluuntque
703 164 750 201 ad
770 164 873 214 regia
892 163 1011 213 plenis

143 227 258 260 Tecta
277 223 348 260 viis
368 237 376 259 :
397 223 503 261 sedet
521 224 560 260 in
578 223 712 261 mediis
731 232 768 260 et
786 235 985 260 maxumus
1005 234 1102 266 aem,

142 286 188 320 Et
209 283 353 332 primus
373 283 548 332 sceptris,
570 283 675 319 haud
693 283 776 318 laeta
796 283 938 327 fronte,
960 281 1126 318 Latinus.

141 346 266 390 Atque
287 341 349 377 hic
367 342 510 392 legatos
532 342 655 378 AEtola
673 354 721 378 ex
739 341 837 378 urbe
856 341 1049 385 remissos,

142 403 237 446 Quae
256 401 440 446 referant,
460 401 532 438 fari
547 401 676 451 jubet,
697 409 733 438 et
753 412 934 449 responsa
950 398 1113 449 reposcit
1288 410 1334 434 240

143 459 287 496 Ordine
309 468 446 497 cuncta
465 472 553 507 suo3
573 469 654 497 tum
672 460 769 496 facta
785 459 932 495 silentia
951 457 1107 506 linguis,

142 521 189 556 Et
206 520 375 557 Venulus
395 520 497 557 dicto
517 513 652 570 parens
670 520 725 556 ita
742 519 857 556 farier
875 518 956 554 infit
975 533 982 553 :

143 597 156 611 n
174 579 367 625 Vidimus,
388 592 410 616 o
430 580 547 626 cives,
568 579 753 617 Diomede
772 578 990 629 Argivaque
1010 578 1147 623 castra;

142 641 267 687 Atque
286 639 360 674 iter
379 639 519 675 emensi
539 652 646 676 casus
666 638 928 689 superavimus
947 638 1085 682 omnis;

143 697 453 747 Contigimusque
473 711 644 744 manum,
664 711 739 748 qua
759 697 924 735 concidit
943 697 1013 734 Ilia
1033 696 1151 733 tellus.
1289 703 1336 730 24⁵

142 757 210 793 Ille
229 756 362 793 urbem
382 759 628 807 Argyripam,
645 758 777 807 patriae
797 758 1019 807 cognomine
1039 756 1173 806 gentis,

145 817 277 853 Victor
297 817 462 866 Gargani
483 817 671 854 condebat
688 818 839 867 Iapygis
859 817 968 853 arvis.

144 955 184 986 tis
201 957 229 986 ei
244 956 349 985 sedem
372 956 405 985 in
429 956 517 986 Latio
541 967 605 987 esse
624 955 716 987 desti-

146 1009 261 1033 natam.
286 1019 332 1025 —
353 1003 430 1033 235.
453 1004 644 1043 Comparant
667 1004 715 1033 10-

146 1059 221 1078 cnm
239 1047 278 1078 de
294 1048 388 1078 simili
410 1049 546 1079 concilio
571 1049 660 1078 Iliad.
675 1047 713 1087 β,

149 1095 188 1124 51
203 1104 272 1134 sqq.
287 1101 318 1123 et
332 1093 370 1123 ad
385 1105 415 1124 V.
432 1096 496 1134 239
512 1105 580 1135 sqq.
597 1105 714 1124 renun-

145 1140 306 1169 tiationem
333 1139 507 1180 legatorum
547 1140 636 1171 Iliad.
678 1139 713 1178 ζ,

146 1186 210 1223 667
228 1196 295 1225 sqq.
308 1186 447 1225 Imperio
460 1186 591 1221 accitos,
615 1197 715 1226 quum

144 1232 182 1261 iis
213 1232 401 1270 imperatum
433 1239 530 1269 esset,
567 1239 603 1261 nt
631 1233 716 1262 veni-

144 1283 226 1307 rent.
240 1294 287 1299 —
303 1277 379 1313 237.
413 1277 537 1307 Primus
564 1278 711 1318 sceptris,

143 1323 279 1363 imperio
294 1329 324 1351 et
339 1321 492 1363 dignitate
503 1346 511 1361 ‚
528 1325 611 1353 inter
627 1334 715 1364 reges

145 1380 179 1399 ac
198 1368 294 1398 duces
313 1369 495 1408 copiarum,
516 1370 572 1410 qui
593 1370 713 1400 auxilio

144 1421 297 1445 venerant
321 1424 328 1444 :
350 1415 480 1455 sceptris
502 1425 562 1455 pro
588 1422 714 1456 sceptro

143 1461 255 1491 Latini.

191 1507 267 1543 243.
295 1505 485 1536 Diomedem
523 1507 597 1537 edd.
634 1513 711 1537 vett.

144 1553 302 1593 pleraeqne
325 1559 356 1581 et
376 1551 450 1582 Ald.
474 1563 535 1583 sec.
551 1563 624 1582 cum
640 1559 712 1582 tei-t.

144 1606 175 1628 et
194 1604 266 1629 cett.
282 1603 313 1626 et
327 1607 399 1637 pars
418 1597 510 1628 codd.
523 1620 531 1634 ‚
550 1604 581 1627 at
593 1598 711 1628 Medic.

143 1654 216 1674 cum
240 1643 307 1673 aliis
328 1642 526 1681 Diomeden,
546 1643 633 1684 quod
651 1655 714 1673 me-

144 1697 227 1720 trum
241 1691 427 1730 corrumpit.
443 1689 610 1724 Diomede,
627 1689 713 1730 quod

144 1736 219 1766 Ald.
236 1746 284 1776 pr.
303 1733 415 1771 habet,
433 1741 464 1766 et
479 1737 540 1774 jam
557 1741 621 1766 ant.
638 1735 710 1766 edd.

144 1789 180 1811 ut
195 1783 274 1811 Ven.
301 1781 386 1816 1486
399 1803 407 1818 ‚
427 1782 460 1811 in
474 1782 631 1822 plerisque
649 1783 713 1811 suis

145 1823 267 1858 exstare
280 1826 360 1856 vidit
374 1828 454 1858 Pier.
469 1828 566 1868 (inter
577 1838 658 1867 quos
673 1835 713 1857 ta—

143 1884 214 1904 men
228 1874 323 1904 Rom.
339 1883 404 1903 non
421 1874 497 1910 fuit,
513 1875 546 1903 in
560 1884 625 1914 quo
641 1873 715 1903 Dio-

144 1919 258 1949 meden
274 1925 320 1949 est
339 1919 372 1959 ),
396 1921 504 1960 sicque
516 1919 647 1950 Mentel.
665 1931 712 1960 pr.

145 1972 175 1995 et
191 1964 341 1996 Ronend.
366 1976 427 1995 sec.
451 1976 523 1995 cum
549 1967 659 1996 Servio
685 1972 717 1995 et

145 2011 288 2041 Macrob.
313 2013 364 2048 V,
395 2022 430 2050 ¹7
446 2034 454 2048 ,
485 2018 521 2042 ut
544 2012 583 2041 sit
608 2012 716 2041 Gra‘ca

146 2056 245 2085 forma
262 2066 268 2086 :
288 2053 462 2099 Διεμτζὸεα,
492 2054 640 2099 Διομήδη.
670 2075 716 2081 -

144 2102 264 2141 Argiva
286 2110 391 2131 castra
414 2114 473 2143 pro
492 2104 591 2141 urbe,
613 2105 720 2144 Argy-

146 2148 256 2187 rippa.
276 2154 310 2177 ut
337 2149 428 2178 toties
453 2160 568 2179 novam
592 2150 719 2187 Trojam

769 955 981 996 Trojanorum
1010 962 1107 986 castra
1142 953 1224 985 dicta
1261 955 1339 985 vidi-

768 1014 850 1034 mus.
874 1020 920 1026 —-
947 1003 1023 1038 245.
1056 1001 1250 1043 Contigimus
1274 1012 1339 1030 ma-

770 1060 846 1078 num
875 1049 913 1078 ad
939 1048 1083 1077 dextram
1108 1047 1212 1077 datam
1238 1047 1337 1083 refer,

768 1102 803 1125 ut
819 1105 933 1135 supra,
956 1095 1037 1123 VIII
1049 1116 1057 1129 ‚
1081 1099 1142 1128 124
1162 1094 1197 1123 in
1212 1103 1338 1123 accessu

769 1141 808 1171 ad
824 1140 1019 1170 Evandrum.
1035 1138 1098 1169 Ilia
1113 1139 1223 1175 tellus,
1241 1139 1337 1168 Ilium

769 1187 865 1224 urbs,
881 1193 916 1216 ut
942 1187 1035 1215 toties
1053 1195 1153 1227 gens,
1173 1185 1261 1221 urbs,
1280 1192 1339 1214 ter-

768 1244 824 1268 ra,
843 1233 946 1273 poetis
961 1237 1184 1272 permutantur
1205 1237 1240 1261 ut
1260 1241 1337 1260 mox

769 1290 800 1309 v.
819 1279 884 1314 246
896 1278 1013 1318 patria·
1027 1276 1217 1319 cognomine
1230 1275 1337 1318 gentis

768 1324 801 1355 h.
818 1325 917 1354 urbis.
935 1326 1038 1365 Argos
1063 1324 1218 1364 Higpium
1234 1324 1268 1352 in
1283 1324 1337 1353 Pe-

768 1371 946 1411 loponneso
970 1370 1131 1409 designat,
1163 1369 1255 1408 cujus
1277 1379 1334 1398 no-

766 1419 851 1446 mine
876 1426 992 1446 novam
1023 1417 1057 1445 in
1088 1415 1206 1455 Apulia
1230 1413 1337 1445 condi-

767 1469 829 1491 tam
849 1462 962 1491 urbem
985 1471 1001 1490 a
1021 1461 1178 1491 Diomede
1204 1459 1337 1500 appella-

767 1514 829 1537 tam
848 1507 978 1536 tradidit
1002 1507 1191 1546 antiquitas;
1215 1512 1250 1534 ut
1271 1515 1336 1535 cor-

766 1560 861 1593 rupto
886 1562 924 1582 eo
948 1553 1077 1582 nomine
1101 1557 1207 1591 postea
1235 1552 1337 1591 Argy-

767 1600 857 1639 rippa
875 1598 952 1628 facta
968 1598 1029 1634 sit,
1049 1597 1240 1636 tandemque
1261 1596 1336 1626 hinc

767 1646 866 1685 Arpi,
887 1644 1028 1684 patriam
1058 1649 1163 1672 autem
1189 1649 1334 1683 gentem,

767 1700 822 1720 seu
836 1690 948 1720 urbem
969 1691 1074 1730 Argos
1096 1688 1230 1729 appellat
1244 1696 1337 1729 poeta

767 1737 960 1777 in1p1·0prie;
981 1736 1040 1765 fnit
1058 1735 1142 1765 enim
1167 1735 1337 1765 Diomedes

771 1782 890 1812 AEtolus
903 1794 911 1818 ς
925 1781 979 1811 sed
998 1780 1125 1812 Adrasti
1138 1776 1222 1817 filia,
1237 1782 1335 1821 AEgin-

768 1828 833 1864 lea,
853 1827 946 1858 ducta
965 1828 997 1857 in
1018 1837 1116 1868 regno
1141 1827 1335 1867 Argivorum

768 1879 1094 1911 successerat—247.
1107 1871 1223 1907 Victor»
1242 1874 1335 1902 armis

769 1930 867 1960 quum
890 1922 1006 1951 Dauno
1037 1919 1186 1949 adversus
1219 1919 1336 1948 Messa-

769 1967 839 2006 pios
855 1967 990 2005 junctis,
1014 1963 1197 1995 conditione
1219 1974 1336 2005 propo·

769 2013 846 2047 sita,
871 2018 906 2042 ut
938 2021 996 2051 pro
1020 2009 1145 2040 auxiliis
1172 2010 1243 2039 latis
1268 2012 1334 2051 agri

769 2063 889 2097 partein
908 2058 1074 2097 acciperet.
1096 2054 1158 2085 vid.
1179 2058 1335 2087 Antonin.

771 2102 920 2133 Liberalis
947 2103 1024 2133 Met.
1051 2113 1078 2132 c.
1109 2103 1162 2139 37.
1190 2103 1340 2144 Gargani

775 2148 921 2189 Ictlgvgis,
946 2150 1064 2189 Iapyx,
1088 2158 1147 2188 pro
1171 2150 1337 2190 Iapygiut,
