<?xml version="1.0" encoding="UTF-8"?>
<!DOCTYPE html PUBLIC "-//W3C//DTD XHTML 1.0 Transitional//EN"
    "http://www.w3.org/TR/xhtml1/DTD/xhtml1-transitional.dtd">
<html xmlns="http://www.w3.org/1999/xhtml" xml:lang="en" lang="en">
 <head>
  <title>
</title>
<meta http-equiv="Content-Type" content="text/html;charset=utf-8" />
  <meta name='ocr-system' content='tesseract 3.04.00' />
  <meta name='ocr-capabilities' content='ocr_page ocr_carea ocr_par ocr_line ocrx_word'/>
</head>
<body>
  <div class='ocr_page' id='page_1' title='image "./operahey04virguoft_0419.png"; bbox 0 0 1414 2435; ppageno 0'>
   <div class='ocr_carea' id='block_1_1' title="bbox 23 85 1238 1458">
    <p class='ocr_par' dir='ltr' id='par_1_1' title="bbox 24 85 1238 1280">
     <span class='ocr_line' id='line_1_1' title="bbox 424 85 1238 131; baseline 0.001 -12"><span class='ocrx_word' id='word_1_1' title='bbox 424 115 433 119; x_wconf 80' lang='grc'><strong><em>,</em></strong></span> <span class='ocrx_word' id='word_1_2' title='bbox 484 85 717 118; x_wconf 81' lang='lat' dir='ltr'>MORETUM.</span> <span class='ocrx_word' id='word_1_3' title='bbox 1174 95 1238 131; x_wconf 75' lang='lat'><strong>409</strong></span> 
     </span>
     <span class='ocr_line' id='line_1_2' title="bbox 32 143 903 194; baseline -0.002 -11"><span class='ocrx_word' id='word_1_4' title='bbox 32 144 204 184; x_wconf 87' lang='lat' dir='ltr'><strong>Subsidit</strong></span> <span class='ocrx_word' id='word_1_5' title='bbox 221 144 366 181; x_wconf 87' lang='lat' dir='ltr'><strong>sincera</strong></span> <span class='ocrx_word' id='word_1_6' title='bbox 385 143 715 194; x_wconf 87' lang='lat' dir='ltr'><strong>foraminibusque</strong></span> <span class='ocrx_word' id='word_1_7' title='bbox 735 143 903 194; x_wconf 81' lang='lat' dir='ltr'>liquatur</span> 
     </span>
     <span class='ocr_line' id='line_1_3' title="bbox 34 204 935 255; baseline -0.001 -12"><span class='ocrx_word' id='word_1_8' title='bbox 34 206 249 243; x_wconf 90' lang='lat' dir='ltr'><strong>Emundata</strong></span> <span class='ocrx_word' id='word_1_9' title='bbox 266 206 391 242; x_wconf 89' lang='lat' dir='ltr'><strong>Ceres.</strong></span> <span class='ocrx_word' id='word_1_10' title='bbox 411 205 517 241; x_wconf 87' lang='lat' dir='ltr'><strong>Laevi</strong></span> <span class='ocrx_word' id='word_1_11' title='bbox 537 213 618 241; x_wconf 93' lang='lat' dir='ltr'><strong>tum</strong></span> <span class='ocrx_word' id='word_1_12' title='bbox 635 204 812 255; x_wconf 89' lang='lat' dir='ltr'><strong>protinus</strong></span> <span class='ocrx_word' id='word_1_13' title='bbox 832 205 935 242; x_wconf 88' lang='lat' dir='ltr'><strong>illam</strong></span> 
     </span>
     <span class='ocr_line' id='line_1_4' title="bbox 35 264 1063 316; baseline 0.001 -14"><span class='ocrx_word' id='word_1_14' title='bbox 35 265 225 316; x_wconf 90' lang='lat' dir='ltr'><strong>Conponit</strong></span> <span class='ocrx_word' id='word_1_15' title='bbox 244 264 393 311; x_wconf 89' lang='lat' dir='ltr'><strong>tabula,</strong></span> <span class='ocrx_word' id='word_1_16' title='bbox 415 273 454 302; x_wconf 90' lang='lat' dir='ltr'><strong>et</strong></span> <span class='ocrx_word' id='word_1_17' title='bbox 474 264 622 315; x_wconf 88' lang='lat' dir='ltr'><strong>tepidas</strong></span> <span class='ocrx_word' id='word_1_18' title='bbox 641 277 758 314; x_wconf 90' lang='lat' dir='ltr'><strong>super</strong></span> <span class='ocrx_word' id='word_1_19' title='bbox 776 264 916 315; x_wconf 85' lang='lat' dir='ltr'><strong>ingerit</strong></span> <span class='ocrx_word' id='word_1_20' title='bbox 932 265 1063 304; x_wconf 87' lang='lat' dir='ltr'><strong>undas.</strong></span> 
     </span>
     <span class='ocr_line' id='line_1_5' title="bbox 32 325 1235 375; baseline 0 -12"><span class='ocrx_word' id='word_1_21' title='bbox 32 325 232 364; x_wconf 90' lang='lat' dir='ltr'><strong>Contrahit</strong></span> <span class='ocrx_word' id='word_1_22' title='bbox 251 325 431 363; x_wconf 87' lang='lat' dir='ltr'><strong>admistos</strong></span> <span class='ocrx_word' id='word_1_23' title='bbox 449 339 551 362; x_wconf 89' lang='lat' dir='ltr'><strong>nunc</strong></span> <span class='ocrx_word' id='word_1_24' title='bbox 571 326 693 363; x_wconf 86' lang='lat' dir='ltr'><strong>fontes</strong></span> <span class='ocrx_word' id='word_1_25' title='bbox 716 334 829 375; x_wconf 90' lang='lat' dir='ltr'><strong>atque</strong></span> <span class='ocrx_word' id='word_1_26' title='bbox 849 326 1006 374; x_wconf 81' lang='lat' dir='ltr'><strong>farinas3</strong></span> <span class='ocrx_word' id='word_1_27' title='bbox 1202 340 1235 368; x_wconf 69' lang='lat'><strong>4⁵</strong></span> 
     </span>
     <span class='ocr_line' id='line_1_6' title="bbox 32 384 974 436; baseline 0 -14"><span class='ocrx_word' id='word_1_28' title='bbox 32 387 279 423; x_wconf 86' lang='lat' dir='ltr'><strong>Transversat</strong></span> <span class='ocrx_word' id='word_1_29' title='bbox 296 386 432 422; x_wconf 90' lang='lat' dir='ltr'><strong>durata</strong></span> <span class='ocrx_word' id='word_1_30' title='bbox 451 398 583 432; x_wconf 90' lang='lat' dir='ltr'><strong>manu,</strong></span> <span class='ocrx_word' id='word_1_31' title='bbox 600 384 824 436; x_wconf 81' lang='lat' dir='ltr'><strong>liquidoque</strong></span> <span class='ocrx_word' id='word_1_32' title='bbox 841 394 974 424; x_wconf 89' lang='lat' dir='ltr'><strong>coacto</strong></span> 
     </span>
     <span class='ocr_line' id='line_1_7' title="bbox 33 445 1067 497; baseline 0.003 -14"><span class='ocrx_word' id='word_1_33' title='bbox 33 445 232 484; x_wconf 86' lang='lat' dir='ltr'><strong>Interdum</strong></span> <span class='ocrx_word' id='word_1_34' title='bbox 253 459 406 497; x_wconf 86' lang='lat' dir='ltr'><strong>grumos</strong></span> <span class='ocrx_word' id='word_1_35' title='bbox 425 446 569 496; x_wconf 84' lang='lat' dir='ltr'>spargit</span> <span class='ocrx_word' id='word_1_36' title='bbox 585 447 672 484; x_wconf 87' lang='lat' dir='ltr'><strong>sale.</strong></span> <span class='ocrx_word' id='word_1_37' title='bbox 691 450 852 497; x_wconf 86' lang='lat' dir='ltr'><strong>Jamque</strong></span> <span class='ocrx_word' id='word_1_38' title='bbox 868 447 1067 486; x_wconf 89' lang='lat' dir='ltr'><strong>subactum</strong></span> 
     </span>
     <span class='ocr_line' id='line_1_8' title="bbox 33 506 1042 558; baseline 0.001 -14"><span class='ocrx_word' id='word_1_39' title='bbox 33 508 162 544; x_wconf 87' lang='lat' dir='ltr'><strong>Laevat</strong></span> <span class='ocrx_word' id='word_1_40' title='bbox 182 520 298 558; x_wconf 91' lang='lat' dir='ltr'><strong>opus,</strong></span> <span class='ocrx_word' id='word_1_41' title='bbox 320 507 530 558; x_wconf 88' lang='lat' dir='ltr'><strong>palmisque</strong></span> <span class='ocrx_word' id='word_1_42' title='bbox 551 519 662 544; x_wconf 91' lang='lat' dir='ltr'><strong>suum</strong></span> <span class='ocrx_word' id='word_1_43' title='bbox 680 506 813 544; x_wconf 88' lang='lat' dir='ltr'><strong>dilatat</strong></span> <span class='ocrx_word' id='word_1_44' title='bbox 830 508 870 544; x_wconf 89' lang='lat' dir='ltr'><strong>in</strong></span> <span class='ocrx_word' id='word_1_45' title='bbox 890 507 1042 555; x_wconf 89' lang='lat' dir='ltr'><strong>orbem,</strong></span> 
     </span>
     <span class='ocr_line' id='line_1_9' title="bbox 33 567 973 618; baseline 0.002 -14"><span class='ocrx_word' id='word_1_46' title='bbox 33 570 80 604; x_wconf 92' lang='lat' dir='ltr'><strong>Et</strong></span> <span class='ocrx_word' id='word_1_47' title='bbox 96 576 221 614; x_wconf 88' lang='lat' dir='ltr'><strong>notat,</strong></span> <span class='ocrx_word' id='word_1_48' title='bbox 238 569 418 618; x_wconf 88' lang='lat' dir='ltr'><strong>inpressis</strong></span> <span class='ocrx_word' id='word_1_49' title='bbox 439 581 548 617; x_wconf 86' lang='lat' dir='ltr'><strong>aequo</strong></span> <span class='ocrx_word' id='word_1_50' title='bbox 568 567 786 603; x_wconf 79' lang='lat' dir='ltr'><strong>discrimine</strong></span> <span class='ocrx_word' id='word_1_51' title='bbox 805 567 973 615; x_wconf 89' lang='lat' dir='ltr'><strong>quadris.</strong></span> 
     </span>
     <span class='ocr_line' id='line_1_10' title="bbox 32 626 1232 676; baseline -0.001 -12"><span class='ocrx_word' id='word_1_52' title='bbox 32 628 152 664; x_wconf 84' lang='lat' dir='ltr'><strong>Infert</strong></span> <span class='ocrx_word' id='word_1_53' title='bbox 170 627 260 664; x_wconf 91' lang='lat' dir='ltr'><strong>inde</strong></span> <span class='ocrx_word' id='word_1_54' title='bbox 280 628 365 663; x_wconf 90' lang='lat' dir='ltr'><strong>foco</strong></span> <span class='ocrx_word' id='word_1_55' title='bbox 382 641 392 663; x_wconf 79' lang='lat' dir='ltr'><em>z</em></span> <span class='ocrx_word' id='word_1_56' title='bbox 412 626 554 675; x_wconf 83' lang='lat' dir='ltr'><strong>Cybale</strong></span> <span class='ocrx_word' id='word_1_57' title='bbox 572 626 822 663; x_wconf 78' lang='lat' dir='ltr'><strong>mundaverat</strong></span> <span class='ocrx_word' id='word_1_58' title='bbox 841 635 972 676; x_wconf 90' lang='lat' dir='ltr'><strong>aptum</strong></span> <span class='ocrx_word' id='word_1_59' title='bbox 1200 639 1232 663; x_wconf 80' lang='lat'><strong>50</strong></span> 
     </span>
     <span class='ocr_line' id='line_1_11' title="bbox 32 686 1232 738; baseline -0.002 -12"><span class='ocrx_word' id='word_1_60' title='bbox 32 691 130 726; x_wconf 84' lang='lat' dir='ltr'><strong>Ante</strong></span> <span class='ocrx_word' id='word_1_61' title='bbox 149 690 292 735; x_wconf 91' lang='lat' dir='ltr'><strong>locum,</strong></span> <span class='ocrx_word' id='word_1_62' title='bbox 313 687 493 737; x_wconf 87' lang='lat' dir='ltr'><strong>testisque</strong></span> <span class='ocrx_word' id='word_1_63' title='bbox 513 686 623 737; x_wconf 82' lang='lat' dir='ltr'><strong>tegit3</strong></span> <span class='ocrx_word' id='word_1_64' title='bbox 641 700 757 737; x_wconf 85' lang='lat' dir='ltr'><strong>super</strong></span> <span class='ocrx_word' id='word_1_65' title='bbox 777 695 930 737; x_wconf 81' lang='lat' dir='ltr'><strong>aggerat</strong></span> <span class='ocrx_word' id='word_1_66' title='bbox 948 687 1065 738; x_wconf 83' lang='lat' dir='ltr'><strong>ignes.</strong></span> <span class='ocrx_word' id='word_1_67' title='bbox 1230 688 1232 690; x_wconf 73' lang='grc'><strong>’</strong></span> 
     </span>
     <span class='ocr_line' id='line_1_12' title="bbox 30 748 1048 799; baseline 0 -13"><span class='ocrx_word' id='word_1_68' title='bbox 30 751 208 799; x_wconf 91' lang='lat' dir='ltr'><strong>Dumque</strong></span> <span class='ocrx_word' id='word_1_69' title='bbox 227 761 313 785; x_wconf 85' lang='lat' dir='ltr'><strong>suas</strong></span> <span class='ocrx_word' id='word_1_70' title='bbox 332 748 480 799; x_wconf 86' lang='lat' dir='ltr'><strong>peragit</strong></span> <span class='ocrx_word' id='word_1_71' title='bbox 495 748 689 784; x_wconf 87' lang='lat' dir='ltr'><strong>Vulcanus</strong></span> <span class='ocrx_word' id='word_1_72' title='bbox 710 755 882 798; x_wconf 88' lang='lat' dir='ltr'><strong>testaque</strong></span> <span class='ocrx_word' id='word_1_73' title='bbox 902 757 1048 798; x_wconf 89' lang='lat' dir='ltr'><strong>partes,</strong></span> 
     </span>
     <span class='ocr_line' id='line_1_13' title="bbox 32 807 925 854; baseline 0 -10"><span class='ocrx_word' id='word_1_74' title='bbox 32 808 198 846; x_wconf 87' lang='lat' dir='ltr'><strong>Simulus</strong></span> <span class='ocrx_word' id='word_1_75' title='bbox 218 809 363 845; x_wconf 89' lang='lat' dir='ltr'><strong>interea</strong></span> <span class='ocrx_word' id='word_1_76' title='bbox 381 821 502 845; x_wconf 85' lang='lat' dir='ltr'><strong>vacua</strong></span> <span class='ocrx_word' id='word_1_77' title='bbox 519 820 596 844; x_wconf 91' lang='lat' dir='ltr'><strong>non</strong></span> <span class='ocrx_word' id='word_1_78' title='bbox 613 817 734 845; x_wconf 89' lang='lat' dir='ltr'><strong>cessat</strong></span> <span class='ocrx_word' id='word_1_79' title='bbox 752 807 791 844; x_wconf 90' lang='lat' dir='ltr'><strong>in</strong></span> <span class='ocrx_word' id='word_1_80' title='bbox 810 807 925 854; x_wconf 79' lang='lat' dir='ltr'><strong>hora3</strong></span> 
     </span>
     <span class='ocr_line' id='line_1_14' title="bbox 29 864 1040 918; baseline 0.002 -15"><span class='ocrx_word' id='word_1_81' title='bbox 29 870 174 905; x_wconf 78' lang='lat' dir='ltr'><strong>Verum</strong></span> <span class='ocrx_word' id='word_1_82' title='bbox 193 868 304 904; x_wconf 89' lang='lat' dir='ltr'><strong>aliam</strong></span> <span class='ocrx_word' id='word_1_83' title='bbox 323 866 397 904; x_wconf 90' lang='lat' dir='ltr'><strong>sibi</strong></span> <span class='ocrx_word' id='word_1_84' title='bbox 414 867 550 917; x_wconf 87' lang='lat' dir='ltr'><strong>quaerit</strong></span> <span class='ocrx_word' id='word_1_85' title='bbox 570 880 701 918; x_wconf 81' lang='lat' dir='ltr'><strong>opem3</strong></span> <span class='ocrx_word' id='word_1_86' title='bbox 720 864 796 904; x_wconf 88' lang='lat' dir='ltr'><strong>neu</strong></span> <span class='ocrx_word' id='word_1_87' title='bbox 813 867 892 904; x_wconf 88' lang='lat' dir='ltr'><strong>sola</strong></span> <span class='ocrx_word' id='word_1_88' title='bbox 911 867 1040 918; x_wconf 88' lang='lat' dir='ltr'><strong>palato</strong></span> 
     </span>
     <span class='ocr_line' id='line_1_15' title="bbox 29 926 1230 977; baseline -0.001 -13"><span class='ocrx_word' id='word_1_89' title='bbox 29 927 87 964; x_wconf 93' lang='lat' dir='ltr'><strong>Sit</strong></span> <span class='ocrx_word' id='word_1_90' title='bbox 104 939 181 963; x_wconf 90' lang='lat' dir='ltr'><strong>non</strong></span> <span class='ocrx_word' id='word_1_91' title='bbox 201 935 307 977; x_wconf 87' lang='lat' dir='ltr'><strong>grata</strong></span> <span class='ocrx_word' id='word_1_92' title='bbox 325 928 457 972; x_wconf 87' lang='lat' dir='ltr'><strong>Ceres,</strong></span> <span class='ocrx_word' id='word_1_93' title='bbox 479 939 572 976; x_wconf 90' lang='lat' dir='ltr'><strong>quas</strong></span> <span class='ocrx_word' id='word_1_94' title='bbox 588 926 740 976; x_wconf 85' lang='lat' dir='ltr'><strong>jungat,</strong></span> <span class='ocrx_word' id='word_1_95' title='bbox 760 936 957 976; x_wconf 85' lang='lat' dir='ltr'><strong>comparat</strong></span> <span class='ocrx_word' id='word_1_96' title='bbox 973 940 1088 966; x_wconf 85' lang='lat' dir='ltr'><strong>escas.</strong></span> <span class='ocrx_word' id='word_1_97' title='bbox 1199 939 1230 963; x_wconf 80' lang='lat'><strong>⁵5</strong></span> 
     </span>
     <span class='ocr_line' id='line_1_16' title="bbox 27 986 862 1038; baseline -0.004 -13"><span class='ocrx_word' id='word_1_98' title='bbox 27 990 114 1025; x_wconf 88' lang='lat' dir='ltr'><strong>Non</strong></span> <span class='ocrx_word' id='word_1_99' title='bbox 131 988 185 1025; x_wconf 88' lang='lat' dir='ltr'><strong>illi</strong></span> <span class='ocrx_word' id='word_1_100' title='bbox 202 1001 383 1038; x_wconf 88' lang='lat' dir='ltr'><strong>suspensa</strong></span> <span class='ocrx_word' id='word_1_101' title='bbox 402 988 529 1024; x_wconf 89' lang='lat' dir='ltr'><strong>focum</strong></span> <span class='ocrx_word' id='word_1_102' title='bbox 547 987 720 1024; x_wconf 86' lang='lat' dir='ltr'><strong>carnaria</strong></span> <span class='ocrx_word' id='word_1_103' title='bbox 734 986 862 1036; x_wconf 82' lang='lat' dir='ltr'><strong>juxta,</strong></span> 
     </span>
     <span class='ocr_line' id='line_1_17' title="bbox 26 1046 949 1099; baseline -0.002 -13"><span class='ocrx_word' id='word_1_104' title='bbox 26 1049 164 1086; x_wconf 91' lang='lat' dir='ltr'><strong>Durati</strong></span> <span class='ocrx_word' id='word_1_105' title='bbox 183 1050 258 1086; x_wconf 85' lang='lat' dir='ltr'><strong>sale</strong></span> <span class='ocrx_word' id='word_1_106' title='bbox 277 1059 384 1099; x_wconf 83' lang='lat' dir='ltr'><strong>terga</strong></span> <span class='ocrx_word' id='word_1_107' title='bbox 401 1049 495 1093; x_wconf 92' lang='lat' dir='ltr'><strong>suis,</strong></span> <span class='ocrx_word' id='word_1_108' title='bbox 514 1048 715 1097; x_wconf 91' lang='lat' dir='ltr'><strong>truncique</strong></span> <span class='ocrx_word' id='word_1_109' title='bbox 733 1046 921 1084; x_wconf 80' lang='lat' dir='ltr'><strong>vacabant</strong></span> <span class='ocrx_word' id='word_1_110' title='bbox 940 1063 949 1084; x_wconf 76' lang='lat' dir='ltr'>z</span> 
     </span>
     <span class='ocr_line' id='line_1_18' title="bbox 25 1106 966 1158; baseline -0.001 -13"><span class='ocrx_word' id='word_1_111' title='bbox 25 1108 221 1158; x_wconf 88' lang='lat' dir='ltr'><strong>Trajectus</strong></span> <span class='ocrx_word' id='word_1_112' title='bbox 239 1108 407 1146; x_wconf 88' lang='lat' dir='ltr'><strong>medium</strong></span> <span class='ocrx_word' id='word_1_113' title='bbox 425 1118 554 1158; x_wconf 89' lang='lat' dir='ltr'><strong>sparto</strong></span> <span class='ocrx_word' id='word_1_114' title='bbox 575 1108 642 1144; x_wconf 86' lang='lat' dir='ltr'><strong>sed</strong></span> <span class='ocrx_word' id='word_1_115' title='bbox 662 1120 791 1144; x_wconf 87' lang='lat' dir='ltr'><strong>caseus</strong></span> <span class='ocrx_word' id='word_1_116' title='bbox 813 1106 966 1154; x_wconf 88' lang='lat' dir='ltr'><strong>orbem,</strong></span> 
     </span>
     <span class='ocr_line' id='line_1_19' title="bbox 26 1167 892 1218; baseline -0.002 -12"><span class='ocrx_word' id='word_1_117' title='bbox 26 1171 73 1206; x_wconf 85' lang='lat' dir='ltr'><strong>Et</strong></span> <span class='ocrx_word' id='word_1_118' title='bbox 93 1177 202 1206; x_wconf 82' lang='lat' dir='ltr'><strong>vetus</strong></span> <span class='ocrx_word' id='word_1_119' title='bbox 222 1169 393 1206; x_wconf 88' lang='lat' dir='ltr'><strong>adstricti</strong></span> <span class='ocrx_word' id='word_1_120' title='bbox 412 1167 522 1205; x_wconf 87' lang='lat' dir='ltr'><strong>fascis</strong></span> <span class='ocrx_word' id='word_1_121' title='bbox 541 1167 732 1218; x_wconf 87' lang='lat' dir='ltr'><strong>pendebat</strong></span> <span class='ocrx_word' id='word_1_122' title='bbox 751 1167 892 1205; x_wconf 86' lang='lat' dir='ltr'><strong>anethi.</strong></span> 
     </span>
     <span class='ocr_line' id='line_1_20' title="bbox 24 1227 1225 1280; baseline -0.002 -14"><span class='ocrx_word' id='word_1_123' title='bbox 24 1232 126 1280; x_wconf 86' lang='lat' dir='ltr'><strong>Ergo</strong></span> <span class='ocrx_word' id='word_1_124' title='bbox 146 1229 257 1266; x_wconf 90' lang='lat' dir='ltr'><strong>aliam</strong></span> <span class='ocrx_word' id='word_1_125' title='bbox 276 1229 433 1266; x_wconf 89' lang='lat' dir='ltr'><strong>molitur</strong></span> <span class='ocrx_word' id='word_1_126' title='bbox 449 1242 580 1279; x_wconf 91' lang='lat' dir='ltr'><strong>opem,</strong></span> <span class='ocrx_word' id='word_1_127' title='bbox 601 1228 673 1265; x_wconf 89' lang='lat' dir='ltr'><strong>sibi</strong></span> <span class='ocrx_word' id='word_1_128' title='bbox 694 1227 877 1278; x_wconf 84' lang='lat' dir='ltr'><strong>providus</strong></span> <span class='ocrx_word' id='word_1_129' title='bbox 896 1227 1021 1266; x_wconf 89' lang='lat' dir='ltr'><strong>heros.</strong></span> <span class='ocrx_word' id='word_1_130' title='bbox 1193 1240 1225 1264; x_wconf 73' lang='grc' dir='ltr'><strong>σο</strong></span> 
     </span>
    </p>

    <p class='ocr_par' dir='ltr' id='par_1_2' title="bbox 76 1287 1092 1339">
     <span class='ocr_line' id='line_1_21' title="bbox 76 1287 1092 1339; baseline 0 -13"><span class='ocrx_word' id='word_1_131' title='bbox 76 1292 220 1327; x_wconf 85' lang='lat' dir='ltr'><strong>Hortus</strong></span> <span class='ocrx_word' id='word_1_132' title='bbox 239 1298 320 1326; x_wconf 88' lang='lat' dir='ltr'><strong>erat</strong></span> <span class='ocrx_word' id='word_1_133' title='bbox 335 1289 488 1339; x_wconf 89' lang='lat' dir='ltr'><strong>junctus</strong></span> <span class='ocrx_word' id='word_1_134' title='bbox 507 1288 661 1333; x_wconf 78' lang='lat' dir='ltr'><strong>casulae,</strong></span> <span class='ocrx_word' id='word_1_135' title='bbox 680 1301 793 1337; x_wconf 88' lang='lat' dir='ltr'><strong>quem</strong></span> <span class='ocrx_word' id='word_1_136' title='bbox 811 1287 953 1325; x_wconf 83' lang='lat' dir='ltr'><strong>vimina</strong></span> <span class='ocrx_word' id='word_1_137' title='bbox 970 1301 1092 1339; x_wconf 90' lang='lat' dir='ltr'><strong>pauca</strong></span> 
     </span>
    </p>

    <p class='ocr_par' dir='ltr' id='par_1_3' title="bbox 23 1346 893 1458">
     <span class='ocr_line' id='line_1_22' title="bbox 24 1346 887 1394; baseline -0.002 -9"><span class='ocrx_word' id='word_1_138' title='bbox 24 1351 71 1385; x_wconf 87' lang='lat' dir='ltr'><strong>Et</strong></span> <span class='ocrx_word' id='word_1_139' title='bbox 90 1349 233 1386; x_wconf 86' lang='lat' dir='ltr'><strong>calamo</strong></span> <span class='ocrx_word' id='word_1_140' title='bbox 249 1348 417 1386; x_wconf 78' lang='lat' dir='ltr'><strong>recidiva</strong></span> <span class='ocrx_word' id='word_1_141' title='bbox 436 1348 510 1384; x_wconf 82' lang='lat' dir='ltr'><strong>levi</strong></span> <span class='ocrx_word' id='word_1_142' title='bbox 531 1346 703 1384; x_wconf 88' lang='lat' dir='ltr'><strong>munibat</strong></span> <span class='ocrx_word' id='word_1_143' title='bbox 723 1347 887 1394; x_wconf 81' lang='lat' dir='ltr'><strong>arundo3</strong></span> 
     </span>
     <span class='ocr_line' id='line_1_23' title="bbox 23 1407 893 1458; baseline -0.002 -13"><span class='ocrx_word' id='word_1_144' title='bbox 23 1408 192 1458; x_wconf 80' lang='lat' dir='ltr'><strong>Exiguus</strong></span> <span class='ocrx_word' id='word_1_145' title='bbox 211 1409 352 1458; x_wconf 85' lang='lat' dir='ltr'><strong>spatio,</strong></span> <span class='ocrx_word' id='word_1_146' title='bbox 374 1408 486 1445; x_wconf 86' lang='lat' dir='ltr'><strong>variis</strong></span> <span class='ocrx_word' id='word_1_147' title='bbox 504 1407 570 1444; x_wconf 88' lang='lat' dir='ltr'><strong>sed</strong></span> <span class='ocrx_word' id='word_1_148' title='bbox 593 1407 727 1444; x_wconf 86' lang='lat' dir='ltr'><strong>fertilis</strong></span> <span class='ocrx_word' id='word_1_149' title='bbox 749 1407 893 1444; x_wconf 87' lang='lat' dir='ltr'><strong>herbis.</strong></span> 
     </span>
    </p>
   </div>
   <div class='ocr_carea' id='block_1_2' title="bbox 23 1466 931 1517">
    <p class='ocr_par' dir='ltr' id='par_1_4' title="bbox 23 1466 931 1517">
     <span class='ocr_line' id='line_1_24' title="bbox 23 1466 931 1517; baseline 0 -14"><span class='ocrx_word' id='word_1_150' title='bbox 23 1469 111 1504; x_wconf 88' lang='lat' dir='ltr'><strong>Nou</strong></span> <span class='ocrx_word' id='word_1_151' title='bbox 130 1467 184 1504; x_wconf 91' lang='lat' dir='ltr'><strong>illi</strong></span> <span class='ocrx_word' id='word_1_152' title='bbox 202 1467 351 1513; x_wconf 87' lang='lat' dir='ltr'><strong>deerat,</strong></span> <span class='ocrx_word' id='word_1_153' title='bbox 373 1467 477 1516; x_wconf 90' lang='lat' dir='ltr'><strong>quod</strong></span> <span class='ocrx_word' id='word_1_154' title='bbox 494 1467 673 1517; x_wconf 86' lang='lat' dir='ltr'><strong>pauperis</strong></span> <span class='ocrx_word' id='word_1_155' title='bbox 692 1466 810 1516; x_wconf 78' lang='lat' dir='ltr'><strong>exigit</strong></span> <span class='ocrx_word' id='word_1_156' title='bbox 828 1479 931 1504; x_wconf 86' lang='lat' dir='ltr'><strong>usus.</strong></span> 
     </span>
    </p>
   </div>
   <div class='ocr_carea' id='block_1_3' title="bbox 14 1596 1241 2256">
    <p class='ocr_par' dir='ltr' id='par_1_5' title="bbox 14 1596 1241 2256">
     <span class='ocr_line' id='line_1_25' title="bbox 19 1596 1222 1643; baseline 0.001 -11"><span class='ocrx_word' id='word_1_157' title='bbox 19 1596 117 1632; x_wconf 77' lang='lat' dir='ltr'><strong>sanda</strong></span> <span class='ocrx_word' id='word_1_158' title='bbox 138 1601 222 1641; x_wconf 70' lang='lat' dir='ltr'><strong>mola</strong></span> <span class='ocrx_word' id='word_1_159' title='bbox 235 1601 421 1632; x_wconf 80' lang='lat' dir='ltr'><strong>absolvitur.</strong></span> <span class='ocrx_word' id='word_1_160' title='bbox 439 1602 539 1632; x_wconf 91' lang='lat' dir='ltr'><strong>Porro</strong></span> <span class='ocrx_word' id='word_1_161' title='bbox 556 1601 594 1631; x_wconf 81' lang='lat' dir='ltr'><strong>li·</strong></span> <span class='ocrx_word' id='word_1_162' title='bbox 648 1600 760 1637; x_wconf 82' lang='lat' dir='ltr'><strong>naria,</strong></span> <span class='ocrx_word' id='word_1_163' title='bbox 785 1601 818 1631; x_wconf 89' lang='lat' dir='ltr'><strong>h.</strong></span> <span class='ocrx_word' id='word_1_164' title='bbox 842 1611 870 1631; x_wconf 86' lang='lat' dir='ltr'><strong>e.</strong></span> <span class='ocrx_word' id='word_1_165' title='bbox 891 1601 967 1631; x_wconf 89' lang='lat' dir='ltr'><strong>unci</strong></span> <span class='ocrx_word' id='word_1_166' title='bbox 989 1599 1101 1639; x_wconf 78' lang='lat' dir='ltr'><strong>ferrei,</strong></span> <span class='ocrx_word' id='word_1_167' title='bbox 1120 1601 1222 1643; x_wconf 73' lang='lat' dir='ltr'><strong>juxta</strong></span> 
     </span>
     <span class='ocr_line' id='line_1_26' title="bbox 21 1647 1222 1689; baseline 0.003 -13"><span class='ocrx_word' id='word_1_168' title='bbox 21 1655 139 1687; x_wconf 83' lang='lat' dir='ltr'><strong>quatur</strong></span> <span class='ocrx_word' id='word_1_169' title='bbox 151 1648 309 1689; x_wconf 85' lang='lat' dir='ltr'><strong>eleganter</strong></span> <span class='ocrx_word' id='word_1_170' title='bbox 325 1648 511 1677; x_wconf 85' lang='lat' dir='ltr'><strong>transfertur</strong></span> <span class='ocrx_word' id='word_1_171' title='bbox 527 1659 544 1677; x_wconf 91' lang='lat' dir='ltr'><strong>a</strong></span> <span class='ocrx_word' id='word_1_172' title='bbox 558 1648 593 1677; x_wconf 93' lang='lat' dir='ltr'><strong>li-</strong></span> <span class='ocrx_word' id='word_1_173' title='bbox 637 1647 752 1689; x_wconf 77' lang='lat' dir='ltr'><strong>jbcum</strong></span> <span class='ocrx_word' id='word_1_174' title='bbox 765 1658 933 1688; x_wconf 82' lang='lat' dir='ltr'><strong>suspensa,</strong></span> <span class='ocrx_word' id='word_1_175' title='bbox 951 1647 1084 1688; x_wconf 88' lang='lat' dir='ltr'><strong>penduli</strong></span> <span class='ocrx_word' id='word_1_176' title='bbox 1097 1659 1137 1678; x_wconf 86' lang='lat' dir='ltr'><strong>ex</strong></span> <span class='ocrx_word' id='word_1_177' title='bbox 1153 1649 1222 1680; x_wconf 87' lang='lat' dir='ltr'><strong>tho-</strong></span> 
     </span>
     <span class='ocr_line' id='line_1_27' title="bbox 19 1692 1220 1735; baseline 0.002 -13"><span class='ocrx_word' id='word_1_178' title='bbox 19 1692 124 1734; x_wconf 84' lang='lat' dir='ltr'><strong>quidis</strong></span> <span class='ocrx_word' id='word_1_179' title='bbox 138 1693 177 1722; x_wconf 88' lang='lat' dir='ltr'><strong>ad</strong></span> <span class='ocrx_word' id='word_1_180' title='bbox 191 1693 324 1723; x_wconf 84' lang='lat' dir='ltr'><strong>farinam</strong></span> <span class='ocrx_word' id='word_1_181' title='bbox 337 1695 428 1734; x_wconf 84' lang='lat' dir='ltr'><strong>quasi</strong></span> <span class='ocrx_word' id='word_1_182' title='bbox 439 1693 592 1734; x_wconf 91' lang='lat' dir='ltr'><strong>liquando</strong></span> <span class='ocrx_word' id='word_1_183' title='bbox 646 1694 678 1724; x_wconf 91' lang='lat' dir='ltr'><strong>lo</strong></span> <span class='ocrx_word' id='word_1_184' title='bbox 708 1705 764 1724; x_wconf 88' lang='lat' dir='ltr'><strong>seu</strong></span> <span class='ocrx_word' id='word_1_185' title='bbox 791 1704 911 1724; x_wconf 89' lang='lat' dir='ltr'><strong>camera</strong></span> <span class='ocrx_word' id='word_1_186' title='bbox 922 1704 931 1730; x_wconf 91' lang='lat'>;</span> <span class='ocrx_word' id='word_1_187' title='bbox 957 1705 1014 1735; x_wconf 91' lang='lat' dir='ltr'><strong>per</strong></span> <span class='ocrx_word' id='word_1_188' title='bbox 1039 1696 1220 1735; x_wconf 86' lang='lat' dir='ltr'><strong>appositum</strong></span> 
     </span>
     <span class='ocr_line' id='line_1_28' title="bbox 19 1739 1222 1782; baseline 0.003 -14"><span class='ocrx_word' id='word_1_189' title='bbox 19 1739 214 1770; x_wconf 87' lang='lat' dir='ltr'><strong>mundatam.</strong></span> <span class='ocrx_word' id='word_1_190' title='bbox 646 1740 728 1770; x_wconf 86' lang='lat' dir='ltr'><strong>dicta</strong></span> <span class='ocrx_word' id='word_1_191' title='bbox 739 1763 748 1778; x_wconf 91' lang='lat'>‚</span> <span class='ocrx_word' id='word_1_192' title='bbox 785 1748 876 1782; x_wconf 74' lang='lat' dir='ltr'><strong>terga</strong></span> <span class='ocrx_word' id='word_1_193' title='bbox 910 1740 973 1769; x_wconf 79' lang='lat' dir='ltr'><strong>suis</strong></span> <span class='ocrx_word' id='word_1_194' title='bbox 1009 1741 1077 1770; x_wconf 83' lang='lat' dir='ltr'><strong>sale</strong></span> <span class='ocrx_word' id='word_1_195' title='bbox 1113 1741 1222 1772; x_wconf 81' lang='lat' dir='ltr'><strong>durati</strong></span> 
     </span>
     <span class='ocr_line' id='line_1_29' title="bbox 75 1785 1218 1827; baseline 0.002 -11"><span class='ocrx_word' id='word_1_196' title='bbox 75 1787 129 1822; x_wconf 81' lang='grc'><strong>45.</strong></span> <span class='ocrx_word' id='word_1_197' title='bbox 169 1785 435 1827; x_wconf 80' lang='lat' dir='ltr'><strong>Repraesentanda</strong></span> <span class='ocrx_word' id='word_1_198' title='bbox 463 1785 515 1816; x_wconf 77' lang='lat' dir='ltr'><strong>hic</strong></span> <span class='ocrx_word' id='word_1_199' title='bbox 545 1793 592 1817; x_wconf 74' lang='lat' dir='ltr'><strong>(st</strong></span> <span class='ocrx_word' id='word_1_200' title='bbox 646 1786 812 1827; x_wconf 81' lang='lat' dir='ltr'><strong>truncique</strong></span> <span class='ocrx_word' id='word_1_201' title='bbox 819 1798 832 1823; x_wconf 90' lang='lat'><em>;</em></span> <span class='ocrx_word' id='word_1_202' title='bbox 849 1785 904 1816; x_wconf 90' lang='lat' dir='ltr'><strong>sed</strong></span> <span class='ocrx_word' id='word_1_203' title='bbox 921 1787 1001 1816; x_wconf 80' lang='lat' dir='ltr'><strong>casei</strong></span> <span class='ocrx_word' id='word_1_204' title='bbox 1016 1787 1045 1816; x_wconf 89' lang='lat' dir='ltr'><strong>ei</strong></span> <span class='ocrx_word' id='word_1_205' title='bbox 1063 1787 1097 1816; x_wconf 90' lang='lat' dir='ltr'><strong>in</strong></span> <span class='ocrx_word' id='word_1_206' title='bbox 1112 1798 1218 1827; x_wconf 89' lang='lat' dir='ltr'><strong>prom-</strong></span> 
     </span>
     <span class='ocr_line' id='line_1_30' title="bbox 18 1832 1217 1874; baseline 0.003 -13"><span class='ocrx_word' id='word_1_207' title='bbox 18 1833 124 1862; x_wconf 87' lang='lat' dir='ltr'><strong>animo</strong></span> <span class='ocrx_word' id='word_1_208' title='bbox 142 1833 273 1873; x_wconf 83' lang='lat' dir='ltr'><strong>pistoria</strong></span> <span class='ocrx_word' id='word_1_209' title='bbox 287 1842 382 1872; x_wconf 88' lang='lat' dir='ltr'><strong>opera</strong></span> <span class='ocrx_word' id='word_1_210' title='bbox 394 1834 429 1862; x_wconf 89' lang='lat' dir='ltr'><strong>in</strong></span> <span class='ocrx_word' id='word_1_211' title='bbox 444 1832 590 1874; x_wconf 82' lang='lat' dir='ltr'><strong>subigen-</strong></span> <span class='ocrx_word' id='word_1_212' title='bbox 642 1841 677 1863; x_wconf 88' lang='lat' dir='ltr'><strong>tu</strong></span> <span class='ocrx_word' id='word_1_213' title='bbox 693 1839 782 1862; x_wconf 85' lang='lat' dir='ltr'><strong>erant</strong></span> <span class='ocrx_word' id='word_1_214' title='bbox 792 1834 909 1871; x_wconf 84' lang='lat' dir='ltr'><strong>junco,</strong></span> <span class='ocrx_word' id='word_1_215' title='bbox 930 1840 1078 1874; x_wconf 86' lang='lat' dir='ltr'><strong>tanquam</strong></span> <span class='ocrx_word' id='word_1_216' title='bbox 1093 1832 1167 1873; x_wconf 84' lang='lat' dir='ltr'><strong>filo,</strong></span> <span class='ocrx_word' id='word_1_217' title='bbox 1181 1835 1217 1865; x_wconf 84' lang='lat' dir='ltr'><strong>in</strong></span> 
     </span>
     <span class='ocr_line' id='line_1_31' title="bbox 18 1877 924 1921; baseline 0.003 -14"><span class='ocrx_word' id='word_1_218' title='bbox 18 1877 58 1908; x_wconf 85' lang='lat' dir='ltr'><strong>da</strong></span> <span class='ocrx_word' id='word_1_219' title='bbox 71 1878 182 1909; x_wconf 83' lang='lat' dir='ltr'><strong>farina.</strong></span> <span class='ocrx_word' id='word_1_220' title='bbox 206 1881 323 1916; x_wconf 81' lang='lat' dir='ltr'><strong>Panem</strong></span> <span class='ocrx_word' id='word_1_221' title='bbox 348 1886 453 1908; x_wconf 83' lang='lat' dir='ltr'><strong>autem</strong></span> <span class='ocrx_word' id='word_1_222' title='bbox 474 1879 526 1908; x_wconf 88' lang='lat' dir='ltr'><strong>hic</strong></span> <span class='ocrx_word' id='word_1_223' title='bbox 545 1881 589 1909; x_wconf 77' lang='lat' dir='ltr'><strong>vi·</strong></span> <span class='ocrx_word' id='word_1_224' title='bbox 642 1880 757 1909; x_wconf 85' lang='lat' dir='ltr'><strong>fascem</strong></span> <span class='ocrx_word' id='word_1_225' title='bbox 776 1879 924 1921; x_wconf 84' lang='lat' dir='ltr'><strong>colligati.</strong></span> 
     </span>
     <span class='ocr_line' id='line_1_32' title="bbox 17 1923 1216 1966; baseline 0.003 -12"><span class='ocrx_word' id='word_1_226' title='bbox 17 1923 129 1955; x_wconf 78' lang='lat' dir='ltr'><strong>demus</strong></span> <span class='ocrx_word' id='word_1_227' title='bbox 141 1926 246 1966; x_wconf 84' lang='lat' dir='ltr'><strong>parari</strong></span> <span class='ocrx_word' id='word_1_228' title='bbox 260 1926 326 1954; x_wconf 86' lang='lat' dir='ltr'><strong>sine</strong></span> <span class='ocrx_word' id='word_1_229' title='bbox 336 1923 507 1962; x_wconf 84' lang='lat' dir='ltr'><strong>fermento,</strong></span> <span class='ocrx_word' id='word_1_230' title='bbox 519 1936 588 1966; x_wconf 73' lang='lat' dir='ltr'><strong>azy-</strong></span> <span class='ocrx_word' id='word_1_231' title='bbox 689 1928 708 1955; x_wconf 88' lang='lat'>6</span> <span class='ocrx_word' id='word_1_232' title='bbox 717 1937 744 1957; x_wconf 89' lang='lat'><strong>1.</strong></span> <span class='ocrx_word' id='word_1_233' title='bbox 765 1926 920 1956; x_wconf 81' lang='lat' dir='ltr'><strong>Hortalus</strong></span> <span class='ocrx_word' id='word_1_234' title='bbox 944 1936 1022 1956; x_wconf 82' lang='lat' dir='ltr'><strong>casae</strong></span> <span class='ocrx_word' id='word_1_235' title='bbox 1040 1927 1216 1959; x_wconf 74' lang='lat' dir='ltr'><strong>accubabat</strong></span> 
     </span>
     <span class='ocr_line' id='line_1_33' title="bbox 18 1969 1241 2014; baseline 0.002 -14"><span class='ocrx_word' id='word_1_236' title='bbox 18 1981 107 2000; x_wconf 86' lang='lat' dir='ltr'><strong>mum</strong></span> <span class='ocrx_word' id='word_1_237' title='bbox 120 1980 137 2014; x_wconf 65' lang='lat'><strong>¹:</strong></span> <span class='ocrx_word' id='word_1_238' title='bbox 164 1978 234 2001; x_wconf 90' lang='lat' dir='ltr'><strong>tum</strong></span> <span class='ocrx_word' id='word_1_239' title='bbox 261 1983 291 2002; x_wconf 82' lang='lat' dir='ltr'><strong>v.</strong></span> <span class='ocrx_word' id='word_1_240' title='bbox 322 1977 364 2011; x_wconf 76' lang='lat'><strong>49</strong></span> <span class='ocrx_word' id='word_1_241' title='bbox 392 1973 427 2000; x_wconf 87' lang='lat' dir='ltr'><strong>in</strong></span> <span class='ocrx_word' id='word_1_242' title='bbox 453 1969 588 2012; x_wconf 85' lang='lat' dir='ltr'><strong>quadras</strong></span> <span class='ocrx_word' id='word_1_243' title='bbox 642 1974 791 2014; x_wconf 82' lang='lat' dir='ltr'><strong>exiguus,</strong></span> <span class='ocrx_word' id='word_1_244' title='bbox 809 1983 868 2013; x_wconf 87' lang='lat' dir='ltr'><strong>pro</strong></span> <span class='ocrx_word' id='word_1_245' title='bbox 886 1983 969 2013; x_wconf 84' lang='lat' dir='ltr'><strong>sepe,</strong></span> <span class='ocrx_word' id='word_1_246' title='bbox 987 1974 1130 2003; x_wconf 80' lang='lat' dir='ltr'><strong>munitus</strong></span> <span class='ocrx_word' id='word_1_247' title='bbox 1140 1975 1215 2012; x_wconf 82' lang='lat' dir='ltr'><strong>jun·</strong></span> <span class='ocrx_word' id='word_1_248' title='bbox 1235 1991 1241 1997; x_wconf 88' lang='lat'><strong>·</strong></span> 
     </span>
     <span class='ocr_line' id='line_1_34' title="bbox 17 2015 1214 2060; baseline 0.003 -14"><span class='ocrx_word' id='word_1_249' title='bbox 17 2015 203 2055; x_wconf 81' lang='lat' dir='ltr'><strong>dissectum,</strong></span> <span class='ocrx_word' id='word_1_250' title='bbox 220 2029 298 2059; x_wconf 82' lang='lat' dir='ltr'><strong>quas</strong></span> <span class='ocrx_word' id='word_1_251' title='bbox 313 2017 449 2059; x_wconf 85' lang='lat' dir='ltr'><strong>Scaliger</strong></span> <span class='ocrx_word' id='word_1_252' title='bbox 464 2017 503 2048; x_wconf 90' lang='lat' dir='ltr'><strong>ad</strong></span> <span class='ocrx_word' id='word_1_253' title='bbox 515 2019 547 2049; x_wconf 90' lang='lat' dir='ltr'><strong>h.</strong></span> <span class='ocrx_word' id='word_1_254' title='bbox 564 2018 585 2050; x_wconf 88' lang='lat' dir='ltr'><strong>l.</strong></span> <span class='ocrx_word' id='word_1_255' title='bbox 641 2020 685 2049; x_wconf 86' lang='lat' dir='ltr'><strong>cis</strong></span> <span class='ocrx_word' id='word_1_256' title='bbox 702 2019 974 2059; x_wconf 84' lang='lat' dir='ltr'><strong>arundinibusque</strong></span> <span class='ocrx_word' id='word_1_257' title='bbox 989 2020 1024 2049; x_wconf 89' lang='lat' dir='ltr'><strong>in</strong></span> <span class='ocrx_word' id='word_1_258' title='bbox 1041 2030 1138 2060; x_wconf 79' lang='lat' dir='ltr'><strong>parva</strong></span> <span class='ocrx_word' id='word_1_259' title='bbox 1151 2020 1214 2050; x_wconf 83' lang='lat' dir='ltr'><strong>fos-</strong></span> 
     </span>
     <span class='ocr_line' id='line_1_35' title="bbox 17 2062 1219 2107; baseline 0.004 -16"><span class='ocrx_word' id='word_1_260' title='bbox 17 2062 198 2095; x_wconf 81' lang='lat' dir='ltr'><strong>illustravit.</strong></span> <span class='ocrx_word' id='word_1_261' title='bbox 640 2077 673 2095; x_wconf 86' lang='lat' dir='ltr'><strong>sa</strong></span> <span class='ocrx_word' id='word_1_262' title='bbox 690 2077 802 2107; x_wconf 88' lang='lat' dir='ltr'><strong>aquam</strong></span> <span class='ocrx_word' id='word_1_263' title='bbox 820 2076 860 2095; x_wconf 86' lang='lat' dir='ltr'><strong>ex</strong></span> <span class='ocrx_word' id='word_1_264' title='bbox 876 2065 1032 2095; x_wconf 86' lang='lat' dir='ltr'><strong>imbribus</strong></span> <span class='ocrx_word' id='word_1_265' title='bbox 1048 2065 1219 2096; x_wconf 80' lang='lat' dir='ltr'><strong>collectam</strong></span> 
     </span>
     <span class='ocr_line' id='line_1_36' title="bbox 65 2109 1214 2153; baseline 0.004 -15"><span class='ocrx_word' id='word_1_266' title='bbox 65 2109 120 2139; x_wconf 85' lang='lat'><strong>56.</strong></span> <span class='ocrx_word' id='word_1_267' title='bbox 136 2111 212 2140; x_wconf 79' lang='lat' dir='ltr'><strong>Non</strong></span> <span class='ocrx_word' id='word_1_268' title='bbox 224 2110 274 2140; x_wconf 79' lang='lat' dir='ltr'><strong>illi</strong></span> <span class='ocrx_word' id='word_1_269' title='bbox 283 2111 467 2147; x_wconf 81' lang='lat' dir='ltr'><strong>vacabant,</strong></span> <span class='ocrx_word' id='word_1_270' title='bbox 486 2112 586 2142; x_wconf 86' lang='lat' dir='ltr'><strong>otiose</strong></span> <span class='ocrx_word' id='word_1_271' title='bbox 639 2120 784 2142; x_wconf 77' lang='lat' dir='ltr'><strong>servante</strong></span> <span class='ocrx_word' id='word_1_272' title='bbox 799 2111 1067 2153; x_wconf 78' lang='lat' dir='ltr'><strong>prominentibus.</strong></span> <span class='ocrx_word' id='word_1_273' title='bbox 1078 2112 1214 2143; x_wconf 77' lang='lat' dir='ltr'><strong>Arunda</strong></span> 
     </span>
     <span class='ocr_line' id='line_1_37' title="bbox 14 2155 1211 2200; baseline 0.004 -15"><span class='ocrx_word' id='word_1_274' title='bbox 14 2155 50 2185; x_wconf 87' lang='lat' dir='ltr'><strong>in</strong></span> <span class='ocrx_word' id='word_1_275' title='bbox 78 2166 167 2196; x_wconf 87' lang='lat' dir='ltr'><strong>penu</strong></span> <span class='ocrx_word' id='word_1_276' title='bbox 186 2158 336 2198; x_wconf 64' lang='lat' dir='ltr'><strong>seposita</strong></span> <span class='ocrx_word' id='word_1_277' title='bbox 366 2158 584 2196; x_wconf 85' lang='lat' dir='ltr'><strong>habebantur,</strong></span> <span class='ocrx_word' id='word_1_278' title='bbox 639 2158 792 2195; x_wconf 74' lang='lat' dir='ltr'><strong>recidiva,</strong></span> <span class='ocrx_word' id='word_1_279' title='bbox 817 2159 933 2188; x_wconf 86' lang='lat' dir='ltr'><strong>iterum</strong></span> <span class='ocrx_word' id='word_1_280' title='bbox 955 2159 1134 2200; x_wconf 88' lang='lat' dir='ltr'><strong>iterumque</strong></span> <span class='ocrx_word' id='word_1_281' title='bbox 1162 2170 1211 2190; x_wconf 86' lang='lat' dir='ltr'><strong>re-</strong></span> 
     </span>
     <span class='ocr_line' id='line_1_38' title="bbox 14 2200 1094 2256; baseline 0.006 -25"><span class='ocrx_word' id='word_1_282' title='bbox 14 2211 75 2242; x_wconf 86' lang='lat' dir='ltr'><strong>pro</strong></span> <span class='ocrx_word' id='word_1_283' title='bbox 89 2202 247 2243; x_wconf 77' lang='lat' dir='ltr'><strong>simplici:</strong></span> <span class='ocrx_word' id='word_1_284' title='bbox 265 2214 333 2235; x_wconf 83' lang='lat' dir='ltr'><strong>uon</strong></span> <span class='ocrx_word' id='word_1_285' title='bbox 347 2200 477 2256; x_wconf 52' lang='lat' dir='ltr'><strong>hilei-ant</strong></span> <span class='ocrx_word' id='word_1_286' title='bbox 487 2227 496 2243; x_wconf 92' lang='lat'><strong>,</strong></span> <span class='ocrx_word' id='word_1_287' title='bbox 517 2215 586 2234; x_wconf 84' lang='lat' dir='ltr'><strong>car·</strong></span> <span class='ocrx_word' id='word_1_288' title='bbox 640 2205 815 2246; x_wconf 82' lang='lat' dir='ltr'><strong>pullulans,</strong></span> <span class='ocrx_word' id='word_1_289' title='bbox 833 2206 858 2236; x_wconf 81' lang='lat' dir='ltr'><strong>si</strong></span> <span class='ocrx_word' id='word_1_290' title='bbox 873 2206 970 2235; x_wconf 87' lang='lat' dir='ltr'><strong>recisa</strong></span> <span class='ocrx_word' id='word_1_291' title='bbox 986 2205 1094 2237; x_wconf 80' lang='lat' dir='ltr'><strong>fuerit.</strong></span> 
     </span>
    </p>
   </div>
   <div class='ocr_carea' id='block_1_4' title="bbox 174 2261 1085 2306">
    <p class='ocr_par' dir='ltr' id='par_1_6' title="bbox 174 2261 1085 2306">
     <span class='ocr_line' id='line_1_39' title="bbox 174 2261 1085 2306; baseline 0.005 -5"><span class='ocrx_word' id='word_1_292' title='bbox 174 2267 238 2302; x_wconf 91' lang='lat' dir='ltr'><strong>IV.</strong></span> <span class='ocrx_word' id='word_1_293' title='bbox 367 2261 381 2292; x_wconf 58' lang='grc' dir='ltr'><em>ἵ</em></span> <span class='ocrx_word' id='word_1_294' title='bbox 1038 2268 1085 2306; x_wconf 86' lang='lat'><strong>35</strong></span> 
     </span>
    </p>
   </div>
  </div>
 </body>
</html>
