1414 2435
90 92 135 132 98
594 86 790 119 AENEmos

90 154 204 190 Facta
220 157 389 199 patrum,
411 145 552 183 laudes.
573 145 685 183 Ultro
704 158 946 186 occurramus
967 150 1013 186 ad
1034 151 1194 199 undam,

91 213 193 248 Dum
212 206 352 257 trepidi
370 205 584 256 egressique
602 204 732 243 labant
750 207 908 257 vestigia
927 209 1059 258 prima.

91 268 274 307 Audentis
295 269 463 303 Fortuna
477 266 596 316 juvat.
618 282 633 298 n

90 333 181 367 Haec
197 328 267 373 ait,
285 335 323 364 et
341 338 470 364 secum
488 333 632 372 versat,
652 338 747 376 quos
766 326 905 364 ducere
925 337 1074 375 contra,
1238 341 1284 364 285

90 389 159 425 Vel
179 387 318 437 quibus
333 386 505 423 obsessos
523 385 642 436 possit
660 386 889 423 concredere
908 400 1048 426 muros.

141 451 292 485 Interea
310 447 445 483 AEneas
464 445 585 483 socios
604 445 651 481 de
669 445 863 496 puppibus
882 446 965 484 altis

88 507 271 545 Pontibus
290 506 447 556 exponit
466 518 474 540 :
495 504 604 541 multi
621 517 773 541 servare
791 518 966 543 recursus

87 566 318 618 Languentis
335 565 480 616 pelagi,
501 572 538 601 et
555 564 741 602 brevibus
757 579 796 603 se
813 565 968 603 credere
987 567 1102 614 saltu3

87 633 159 666 Per
176 640 300 665 remos
320 626 383 663 alii
405 641 413 662 :
431 626 646 676 speculatus
664 625 776 663 litora
795 626 964 673 Tarcho,

1235 647 1284 672 ²9⁰

89 693 175 735 Qua
193 686 291 724 vada
309 698 386 722 non
404 686 568 735 spirant,
587 698 657 721 nec
676 685 795 723 fracta
814 696 1069 724 remurmurat
1086 689 1205 733 unda,

85 747 162 786 Sed
181 759 285 784 mare
302 745 531 782 inoffensum
551 745 735 782 crescenti
751 745 942 783 adlabitur
961 755 1072 793 aestu,

81 872 239 914 praecessit
257 881 265 901 :
284 872 389 911 itaque
411 870 511 900 nolim
531 870 653 910 accipe-

79 930 125 956 re,
141 919 313 958 exprimito
323 939 332 955 ,
346 917 496 947 imitator.
514 916 650 952 Laudes,

79 963 159 995 κλέα
176 960 296 1007 ἀνδρῶν
309 985 318 998 ,
337 962 487 1003 praeclara
504 962 596 992 facta.
613 962 653 993 cf.

79 1010 168 1040 Iliad.
184 1021 230 1047 π,
249 1020 312 1048 207
330 1026 378 1031 —-
395 1019 473 1048 209,
496 1015 527 1038 et
549 1007 587 1037 ad
605 1019 653 1038 se-

76 1058 207 1097 quentia
224 1057 262 1087 Il.
284 1065 315 1092 0,
338 1055 402 1084 661
424 1065 492 1095 sqq.
508 1071 555 1077 ——
575 1055 652 1090 284.

75 1103 229 1133 Audaces
252 1113 301 1143 pr.
316 1100 432 1133 Hamb.
452 1111 469 1130 a
485 1111 569 1131 man.
589 1111 650 1131 sec.

74 1151 171 1179 Juvat
198 1148 349 1189 viresque
369 1146 529 1176 ministrae
551 1146 650 1184 Leid„

73 1195 275 1236 interpolate.
286 1195 408 1225 Ennius
421 1192 544 1222 dixerat
556 1203 564 1224 :
578 1195 650 1223 For-

73 1241 153 1270 tibus
167 1249 215 1271 est
216 1240 359 1282 fortuna
376 1238 459 1269 viris
477 1238 572 1275 data,
595 1250 646 1280 ap,

71 1288 217 1318 Macrob.
234 1289 283 1317 VI
295 1310 303 1324 ‚
325 1298 338 1316 1
359 1292 441 1316 extr.

121 1333 198 1364 288.
231 1336 374 1364 Pontes:
396 1328 450 1366 τὰς
477 1328 648 1374 ἐπιδοίθρας

70 1387 100 1410 et
112 1377 294 1422 ἀποβάθρας
308 1379 438 1409 navium
453 1376 545 1409 dixit.
558 1378 648 1409 Illus-

70 1433 155 1457 traut
169 1437 280 1456 vocem
295 1424 387 1456 Cerd.
407 1431 438 1454 et
449 1424 553 1455 Guell.
578 1425 649 1455 Ser-

73 1483 146 1503 vare
170 1483 311 1502 recursus
336 1471 535 1512 Languentis
558 1472 647 1512 pela-

69 1520 125 1558 gi,
145 1518 183 1548 de
199 1518 327 1548 refluxu
343 1518 569 1557 reciprocantis
585 1528 647 1547 ma-

72 1566 116 1595 ris
135 1565 235 1605 accipi
253 1565 363 1605 nequit
380 1573 387 1594 :
404 1573 477 1592 nam
493 1573 565 1593 eum
576 1574 647 1604 pro-

73 1612 156 1641 fecto
187 1621 275 1640 nunc
302 1621 368 1640 non
396 1616 621 1649 exspectarunt
635 1621 643 1640 :

75 1657 130 1687 sed
158 1663 234 1687 sunt
267 1657 338 1686 loca
365 1655 492 1685 vadosa
524 1656 642 1693 litoris,

75 1713 142 1733 non
179 1702 329 1743 abrupta,
353 1701 407 1731 sed
439 1701 588 1737 declivia,
612 1703 646 1732 in

75 1749 194 1790 quibus
204 1748 359 1779 deliciunt
369 1749 502 1778 extremi
516 1747 644 1780 fluctus.

76 1795 233 1830 Recurrit,
256 1795 374 1832 currit,
398 1795 577 1835 procurrit,
592 1794 646 1824 nd-

75 1853 113 1871 eu»
140 1841 256 1872 fluctus
283 1852 340 1882 per
370 1851 519 1882 maguum
545 1851 646 1872 arenae

76 1888 233 1928 spatium;
254 1890 280 1917 is
308 1888 418 1923 loeus,
446 1888 502 1927 qui
526 1886 589 1917 sere
612 1889 646 1918 in

77 1935 212 1964 sinuosis
226 1934 354 1964 litorum
369 1933 468 1974 plagis
481 1944 546 1963 esse
555 1934 645 1971 solet,

77 1987 122 2009 cst
145 1991 286 2009 recursus
305 1979 419 2021 pelagi
438 1980 645 2022 lauguentis:

77 2033 107 2055 ct
122 2026 228 2056 eadem
243 2033 318 2056 sunt
330 2025 434 2056 brevia
448 2037 458 2054 .·
471 2026 556 2057 cons.
572 2036 643 2068 sup.

78 2075 109 2108 1,
130 2084 140 2102 1
154 2083 164 2101 t
178 2084 187 2102 1
202 2085 210 2105 ·,
224 2075 265 2108 V,
286 2083 325 2102 αα
337 2083 362 2102 ι.
376 2074 450 2103 Nou
466 2079 571 2103 autem
584 2074 646 2103 ani-

77 2128 130 2149 mo
149 2118 392 2154 dimittendum,
409 2119 458 2159 agi
469 2119 535 2149 lucc
550 2119 583 2148 in
599 2129 647 2149 os-

78 2165 128 2196 iiis
141 2165 264 2195 Tiberis
275 2187 282 2201 ,
300 2164 354 2193 ubi
369 2175 452 2194 mare
473 2176 538 2195 sese
553 2165 648 2195 infert

79 2213 273 2252 :.ii.‘1un¹11mn
297 2210 439 2248 flumini,
471 2211 647 2242 turbatum-

707 881 781 911 que.
792 878 823 901 et
833 878 928 901 vento
939 870 1072 901 adverso
1082 872 1221 912 spirante
1231 873 1281 903 ad-

707 924 812 947 actum
823 940 831 954 ‚
843 917 986 947 retundit
996 917 1114 947 flumen
1130 919 1259 949 veniens
1271 943 1279 951 ,

707 969 738 993 et
750 965 833 993 intra
852 964 931 994 ostia
955 964 1017 993 late
1038 964 1143 1004 ipsum
1162 965 1279 995 immit—

708 1010 796 1040 titur.
814 1027 859 1032 -—
884 1020 962 1050 290.
986 1012 1050 1039 Per
1070 1021 1173 1040 remos
1197 1011 1255 1040 alii
1267 1023 1278 1039 .-

707 1055 948 1093 assumendum3
976 1063 1068 1086 terrae
1094 1067 1127 1085 se
1150 1056 1277 1087 credere

705 1101 786 1131 saltu
810 1111 818 1132 :
839 1103 950 1139 remis,
973 1112 1033 1142 pro
1059 1103 1161 1132 contis
1185 1102 1278 1132 litore

704 1146 830 1184 infixis,
849 1148 968 1189 quibus
984 1149 1054 1178 nixi
1068 1149 1103 1177 iu
1116 1148 1192 1178 litus
1206 1159 1277 1189 pro·

702 1193 824 1224 siliunt.

750 1250 827 1280 290.
861 1238 1027 1277 Tarchon,
1055 1249 1152 1270 morae
1175 1241 1273 1281 impa-

702 1287 802 1323 tiens,
819 1285 869 1315 vel
884 1296 957 1316 cnm
973 1287 1102 1316 navium
1119 1287 1276 1327 periculo,

701 1333 735 1361 in
759 1333 848 1363 molli
865 1355 874 1368 ‚
903 1343 965 1373 qua
987 1331 1027 1362 ad
1051 1332 1126 1362 litus
1154 1332 1273 1363 aditum

702 1389 786 1409 mare
801 1379 875 1409 satis
890 1379 1087 1419 profundum
1102 1379 1201 1416 daret,
1219 1390 1273 1410 au-

702 1424 806 1455 fractu
830 1425 932 1455 litoris
944 1447 952 1462 ,
968 1432 1059 1455 terrae
1081 1425 1196 1455 declivi
1212 1427 1271 1455 im-

700 1472 804 1511 pingit
818 1481 931 1501 navem
951 1472 1046 1500 remis
1061 1473 1251 1501 concitatam
1264 1495 1271 1507 ‚

701 1523 738 1546 ut
755 1519 790 1546 in
808 1527 843 1546 ea
865 1517 1029 1553 considat,
1048 1523 1078 1546 et
1092 1519 1198 1557 ipsum
1220 1528 1269 1547 so—

699 1562 766 1591 lum
782 1573 841 1602 pro
858 1562 1059 1592 firmamento
1070 1585 1078 1598 ‚
1098 1573 1133 1592 ac
1159 1565 1270 1593 retina-

699 1608 773 1638 culo
796 1608 928 1646 habeat;
952 1615 989 1638 ut
1009 1615 1120 1639 nostro
1143 1619 1270 1650 quoque

698 1661 840 1695 tempore
855 1655 958 1685 solent
972 1662 1077 1684 nautae
1092 1655 1201 1685 salutis
1216 1666 1271 1696 spe

700 1700 819 1739 abjecta
852 1702 1051 1742 naufragium
1084 1701 1186 1732 facere
1215 1712 1269 1731 vo-

699 1746 874 1777 luntarium
899 1748 933 1778 in
961 1748 1063 1778 amico
1093 1748 1196 1779 litore.
1221 1749 1268 1779 Cf.

699 1794 771 1823 Act.
790 1796 853 1834 Ap.
874 1795 1022 1831 xxvn,
1050 1796 1092 1834 39
1118 1801 1187 1835 sqq'.
1214 1795 1268 1824 Fe-

699 1839 801 1870 liciter
818 1851 866 1870 res
882 1839 1025 1870 succedit
1038 1840 1150 1870 ceteris
1161 1862 1169 1876 ‚
1186 1841 1268 1870 mol-

699 1885 728 1915 le
745 1896 780 1916 ae
795 1887 943 1916 limosum
959 1886 1063 1916 solum
1079 1886 1196 1922 nactis,
1212 1897 1266 1916 ex-

699 1940 789 1973 cepta
805 1931 994 1963 Tarchontis
1014 1933 1098 1962 navi.
1120 1934 1192 1972 Qua
1211 1943 1268 1961 να-

699 1978 742 2007 da
765 1989 829 2008 non
851 1977 990 2018 spirant,
1015 1988 1093 2017 aqua
1120 1988 1186 2008 uon
1211 1989 1265 2008 :es-

700 2031 766 2053 tuat
776 2047 784 2061 ‚
795 2024 900 2054 nullos
912 2023 1028 2053 fluctus
1039 2031 1144 2053 movet
1153 2047 1161 2061 ‚
1173 2025 1265 2055 adeo-

699 2079 761 2110 que
781 2069 919 2112 scopulis
943 2080 1010 2100 non
1037 2069 1196 2108 alliditur,
1213 2079 1267 2101 aut

700 2115 831 2146 latentes
846 2116 994 2157 scopulos
1007 2118 1120 2157 arguit.
1132 2134 1178 2139 —
1188 2128 1265 2158 ⁴²9²·

704 2161 866 2192 Crescenti
879 2171 967 2193 «estu.
980 2163 1045 2193 Nec
1060 2162 1120 2193 hoc
1133 2163 1172 2193 dc
1188 2171 1266 2194 aestu

702 2210 794 2239 maris
819 2210 982 2250 reciproco
1007 2210 1148 2250 accipere
1173 2211 1265 2245 licet:
