1414 2435
565 53 715 84 CULEx.

1178 50 1238 80 332

44 113 177 149 Mitem
198 111 371 161 concepit
389 110 580 161 projectus
599 109 772 148 membra
789 121 985 159 soporem,

45 172 191 209 Anxius
208 170 352 208 insidiis
369 171 479 208 nullis
501 185 508 206 :
529 170 596 207 sed
616 171 739 208 lentus
758 170 797 206 in
816 170 946 207 herbis

46 234 188 268 Securo
209 244 357 282 pressos
374 244 507 268 somno
527 232 772 268 mandaverat
792 240 914 276 artus3

45 293 192 328 Stratus
209 291 315 327 humi
332 291 480 328 dulcem
498 290 672 341 capiebat
688 291 803 327 corde
819 290 1003 340 quietem,

44 349 94 386 Ni
108 349 185 387 sors
202 350 366 388 incertos
381 352 551 401 jussisset
569 350 708 388 ducere
728 365 846 388 casus.
1193 356 1240 378 ¹⁶⁰

43 411 139 445 Nam
156 411 308 448 solitum
326 412 481 448 volvens
500 412 547 449 ad
566 422 714 462 tempus
734 411 917 448 tractibus
938 410 1056 448 isdem

42 470 227 516 Inmanis,
246 472 353 508 vario
373 472 582 509 maculatus
602 484 784 521 corpore,
805 484 979 521 serpens,

42 530 190 566 Mersus
207 540 248 567 ut
267 531 306 567 in
325 532 416 569 limo
434 545 570 582 magno
590 531 804 569 subsideret
824 540 936 577 aestu,

42 586 168 624 Obvia
187 589 354 627 vibranti
373 604 531 641 carpens
550 592 675 642 gravis
696 605 784 628 aera
807 592 950 641 lingua,

42 649 273 697 Squamosos
293 651 367 687 late
387 651 591 700 torquebat
609 651 776 687 motibus
797 651 914 686 orbis.
1193 654 1238 677 ³135

41 707 240 744 Tollebant
261 723 363 747 aurae
382 711 569 748 venientis
589 710 636 747 ad
655 710 781 746 omnia
800 709 914 745 visus.

40 769 124 803 Jam
143 770 261 818 magis
284 779 398 819 atque
420 771 538 819 magis
558 783 697 819 corpus
713 768 926 805 revolubile
943 767 1099 804 volvens

40 827 199 865 Adtollit
215 829 343 866 nitidis
363 839 495 879 pectus
512 829 742 879 fulgoribus,
763 837 800 865 et
820 842 859 866 se

42 886 204 924 Sublimi
223 889 371 925 cervice
391 889 510 939 rapit3
530 890 593 925 cui
612 890 725 926 crista
745 901 908 939 superne

39 946 150 984 Edita
168 962 364 999 purpureo
384 950 513 987 lucens
532 950 743 986 maculatur
763 950 925 994 amictu,
1195 963 1239 985 ’το

41 1006 312 1057 Adspectuque
330 1010 470 1044 micant
487 1009 718 1045 flammantia
734 1008 877 1044 lumina
899 1017 1020 1044 torvo.

41 1067 212 1103 Metabat
231 1068 304 1104 late
325 1068 467 1104 circum
487 1068 587 1113 loca,
610 1080 727 1117 quum
747 1067 850 1103 videt
869 1068 1002 1116 ingens

41 1127 252 1164 Adversum
272 1127 456 1164 recubare
474 1129 611 1165 ducem
629 1127 752 1177 gregis
769 1140 777 1162 ε
798 1127 922 1163 acrior
941 1126 1054 1162 instat

43 1187 204 1224 Lumina
226 1187 442 1225 diffundens
463 1188 677 1234 intendere,
696 1197 734 1224 et
753 1186 867 1223 obvia
884 1194 995 1222 torvo

41 1249 188 1298 Saepius
208 1248 398 1298 adripiens
416 1249 640 1299 infringere,
662 1248 765 1298 quod
786 1260 854 1284 sua
874 1247 1074 1296 quisquam
1193 1255 1237 1286 153

41 1308 101 1344 Ad
121 1307 217 1345 vada
236 1309 398 1345 venisset
417 1323 425 1344 :
447 1318 592 1345 naturae
613 1315 808 1358 comparat
828 1319 948 1352 arma3

42 1367 162 1403 Ardet
181 1376 324 1414 mente,
346 1368 437 1405 furit
456 1368 703 1413 stridoribus,
724 1368 870 1404 intonat
890 1378 974 1411 ore3

43 1427 222 1465 Flexibus
242 1429 382 1465 eversis
404 1437 604 1478 torquetur
623 1428 796 1478 eorporis
814 1426 937 1472 orbis;

41 1491 198 1525 Manant
219 1489 432 1538 sanguineae
450 1502 518 1538 per
536 1497 677 1525 tractus
695 1488 863 1537 undique
883 1494 1015 1536 guttae;

42 1547 208 1597 Spiritus
227 1555 264 1584 et
283 1548 425 1597 rumpit
446 1546 583 1586 fauces.
600 1548 670 1585 Cui
688 1556 823 1585 cuncta
844 1547 993 1597 paranti
1190 1555 1233 1577 ιδ)

41 1609 224 1645 Parvulas
243 1607 344 1644 hunc
363 1609 470 1658 prior
489 1609 659 1646 humoris
679 1617 871 1646 conterret
888 1608 1078 1651 alumnus,

41 1669 88 1703 Et
108 1676 267 1703 mortem
286 1668 408 1718 vitare
428 1679 555 1706 monet
575 1683 644 1719 per
665 1668 855 1715 acumina3
877 1680 1060 1716 namque,

40 1729 127 1772 Qua
145 1725 298 1762 diducta
315 1740 427 1775 genas
444 1728 660 1777 pandebant
678 1729 821 1765 lumina
841 1727 1015 1777 gemmis,

40 1788 121 1822 Hac
138 1785 296 1823 senioris
315 1795 395 1822 erat
410 1796 555 1823 naturae
575 1788 719 1837 pupula
739 1787 813 1823 telo

91 1930 154 1960 166
177 1941 246 1970 sqq.
274 1932 393 1960 Iterum
417 1931 538 1971 ingenii
562 1932 612 1961 in-

43 1978 244 2016 temperantis
263 1978 449 2017 exspatiatio
466 1979 500 2006 in
521 1979 611 2007 torti-

43 2020 104 2050 bus
129 2029 160 2052 et
184 2023 270 2063 gyris
295 2023 411 2064 hydri;
428 2031 479 2053 aut
504 2025 611 2064 potius

42 2065 205 2108 hominum
227 2069 485 2101 scholasticorum
512 2071 609 2100 lusus.

42 2112 182 2142 Tandem
206 2125 285 2145 vei-S.
310 2126 371 2154 ¹72
401 2117 487 2146 videt
510 2123 611 2156 pasto-

42 2168 105 2187 rem
126 2158 163 2188 ad
184 2159 304 2190 fontem
326 2162 541 2192 recubantem.
557 2162 609 2192 Ab

666 1931 753 1961 aditu
793 1930 891 1961 fontis
928 1931 971 1959 ita
1002 1939 1034 1958 se
1069 1929 1234 1959 exclusum

665 1979 804 2007 sentiens
827 1983 1031 2016 exasperatur
1052 1986 1181 2016 serpens
1205 1983 1236 2005 et

667 2024 821 2053 adoritur.
845 2025 928 2053 Tum
953 2033 1047 2052 versu
1071 2023 1134 2052 180
1154 2021 1232 2051 culi-

665 2071 709 2099 cis
724 2080 831 2100 morsu
843 2092 851 2107 ,
867 2079 981 2099 somno
1000 2070 1153 2099 excitatus
1167 2078 1233 2108 pas-

665 2123 731 2153 tor,
756 2123 872 2146 trunco
902 2121 1026 2155 arrepto
1053 2121 1230 2155 serpentem

664 2169 763 2191 necat.
