1414 2435
107 90 124 120 3
134 101 146 120 1
155 89 172 119 8
597 87 818 120 EKCURSUS

107 147 258 188 adscripti
282 146 381 177 suere.
406 148 449 178 Ea
476 157 552 177 vero
573 148 654 177 ratio
675 158 733 177 nec
753 146 834 176 illud
857 145 986 188 expedit
1003 155 1011 177 :
1028 145 1113 176 dives
1128 145 1203 177 avis
1211 157 1226 184 ,-
1243 155 1303 178 nec

108 204 246 243 reliqua,
266 202 411 243 inprimis
432 202 494 233 hoc
516 212 523 233 :
548 201 607 232 illa
625 209 723 243 caput
745 201 886 243 populis.
908 202 1035 232 Servius
1066 201 1105 232 ad
1132 212 1213 233 νει-5.
1239 211 1303 232 201

109 258 249 298 primum
269 266 286 285 a
301 256 461 287 Thebanis
472 279 480 294 ‚
498 256 615 286 deinde
636 267 654 286 a
673 256 802 295 Tuscis,
820 257 990 287 novissime
1006 267 1023 287 a
1039 257 1138 287 Gallis
1149 280 1157 295 ,
1175 256 1246 294 vel,
1270 263 1308 285 ut

110 311 160 340 alii
176 310 299 347 dicunt,
315 321 332 339 a
342 311 571 348 Sarsinatibus,
586 311 644 351 qui
661 311 799 341 Perusiae
816 310 1041 349 consederant,
1063 312 1228 342 conditam
1240 319 1311 340 nar-

110 371 158 396 rat
173 366 360 395 Mantuam:
375 375 445 405 quae
458 364 544 395 unde
558 364 729 405 acceperit,
744 375 842 404 quum
855 365 962 405 inepta
976 376 1108 406 prorsus
1121 367 1201 403 sint,
1215 375 1310 396 nemo

111 420 199 451 facile
213 419 308 450 dicat.
327 419 498 450 Thebanos
516 419 625 449 intulit
641 419 722 449 forte
738 425 869 459 propter
886 421 1009 450 Manto.
1024 422 1101 451 Meo
1113 420 1243 460 quidem
1261 421 1313 459 ju-

110 474 194 504 dicio
205 496 214 511 ,
227 473 296 503 haec
311 475 415 504 omnia
433 473 524 504 facile
539 473 687 515 expedias
697 495 705 510 ,
719 473 746 502 si
761 473 942 502 memineris
958 474 1108 503 Etruscos
1121 474 1312 514 antiquitus,

111 539 212 570 quum
230 535 316 558 trans
335 528 544 568 Apenninum
565 527 627 557 late
645 527 751 557 omnia
770 532 930 564 tenerent,
950 528 1113 568 regionem
1135 529 1315 568 circumpa-

111 583 225 612 dauam
253 583 288 612 in
308 583 373 612 XII
397 583 539 612 civitates
563 581 783 622 descripsisse,
804 580 1075 621 quemadmodum
1100 583 1168 623 ipsa
1191 584 1317 613 Etruria

111 639 176 669 XII
198 638 340 667 civitates
360 637 521 678 principes
535 636 683 667 habebat.
703 636 751 667 Cf.
769 636 883 677 Polyb.
902 638 951 675 ΙΙ,
971 647 1008 675 17
1023 649 1031 676 ;
1046 639 1114 668 Liv.
1128 639 1171 675 V,
1191 638 1244 669 33.
1261 639 1314 668 In-

111 700 159 723 ter
168 693 223 722 has
235 693 301 722 XII
313 693 454 721 civitates
464 692 638 732 Virgihum
650 691 788 721 arbitror
800 701 867 721 non
883 691 978 722 modo
993 693 1137 723 retulisse
1149 694 1317 723 Mantuam

93 744 95 746 ’
112 758 217 783 suam3
233 746 267 776 id
280 746 367 787 quod
384 753 468 775 recte
485 746 636 777 faciebat:
652 757 726 776 nam
742 747 834 776 etiam
852 747 932 777 Plin.
954 749 1001 777 III
1013 769 1021 784 ‚
1044 759 1083 788 19
1094 771 1103 787 ‚
1117 760 1142 779 s.
1160 749 1201 779 23
1217 750 1316 779 Man-

117 810 173 833 ena
195 803 364 832 Tuscorum
381 808 468 830 trans
488 800 615 830 Padum
631 800 701 829 sola
720 800 843 840 reliqua
860 812 871 830 .·
893 812 1007 831 verum
1023 803 1117 832 etiam
1135 805 1314 846 principem

117 855 228 886 ceteris
249 855 477 896 praeposuisse3
495 854 552 884 etsi
570 853 725 884 honorem
751 864 825 883 eum
849 853 888 883 ab
910 854 978 884 aliis
997 856 1150 886 Bononiae
1172 856 1320 886 habitum

118 916 253 940 constat.
270 909 393 940 Plinius
406 909 517 949 utique
529 908 585 938 lib.
603 909 669 945 III,
685 908 725 937 15
738 930 746 945 ‚
761 918 785 937 S.
804 917 846 937 20
863 908 1012 938 Bononia
1028 910 1159 939 Felsina
1172 911 1320 942 vocitata

121 974 217 1005 quum
226 963 378 1004 princeps
393 962 531 993 Etruria>
542 970 621 992 esset
630 974 643 998 ‚·
657 963 714 992 etsi
727 963 882 992 sententia
895 963 990 993 Plinii
1004 970 1034 994 et
1047 963 1115 994 haec
1125 976 1190 995 esse
1204 973 1321 1006 potest,

121 1020 215 1049 fuisse
240 1025 271 1048 et
292 1019 391 1058 ipsam
416 1018 572 1048 Felsinam
592 1018 677 1047 inter
696 1017 867 1058 principes.
894 1018 1009 1058 Copias
1028 1019 1126 1060 igitur
1145 1020 1324 1052 adducebat

123 1078 232 1106 Ocnus
253 1075 443 1104 Mantuanas
466 1085 506 1104 ex
529 1074 594 1104 XII
614 1072 743 1114 populis
768 1073 910 1102 Etruscis
932 1075 988 1114 qui
1008 1074 1192 1104 incolebant
1215 1086 1325 1116 agrum

123 1127 423 1168 circumpadanum‚
442 1126 593 1157 conflatas
608 1137 616 1158 :
632 1128 739 1167 itaque
759 1136 821 1156 non
839 1137 943 1167 genus
965 1126 1106 1157 omnibus
1125 1139 1224 1159 unum
1248 1137 1325 1162 erat.

125 1181 222 1223 Quod
235 1193 311 1212 vero
326 1181 415 1211 addit
427 1189 519 1222 poeta
529 1204 537 1218 ‚
553 1193 593 1211 ex
610 1192 647 1211 eo
662 1182 802 1222 primum
820 1181 987 1218 discimus,
999 1183 1063 1212 XII
1081 1181 1154 1212 illos
1167 1184 1305 1224 populos
1316 1208 1325 1222 ‚

125 1245 181 1265 seu
195 1236 352 1273 civitates,
373 1237 407 1265 in
422 1243 482 1265 tres
498 1243 606 1277 gentes
621 1236 715 1265 fuisse
732 1235 865 1272 divisas3
886 1236 920 1265 id
937 1235 1024 1277 quod
1042 1236 1081 1266 ad
1099 1238 1246 1268 Etruscas
1262 1239 1327 1269 ori·

126 1290 213 1331 gines
235 1289 376 1320 notabile
399 1296 455 1320 est.
476 1291 552 1320 Non
576 1291 674 1332 igitur
688 1296 780 1330 poeta
792 1313 800 1328 ‚
817 1290 903 1331 quod
918 1291 1048 1321 volnere
1063 1292 1251 1333 interpretes
1262 1315 1270 1331 ‚
1288 1293 1329 1324 de

128 1345 376 1375 Mantuanorum
395 1344 520 1386 origine
534 1346 569 1374 in
584 1345 616 1375 h.
633 1345 653 1375 l.
671 1345 753 1386 agit,
774 1355 832 1374 nec
849 1345 887 1375 de
903 1347 1059 1385 majorum
1074 1347 1197 1378 diversa
1209 1349 1308 1390 stirpe
1319 1372 1328 1386 ‚

127 1410 186 1429 nec
201 1400 240 1429 de
255 1400 411 1431 divisione
427 1402 494 1442 agri
509 1403 677 1432 Mantuani
691 1403 725 1431 in
740 1403 884 1443 regiones
900 1411 931 1434 ct
942 1412 1118 1436 conventus
1133 1415 1141 1436 :
1155 1406 1214 1436 sed
1225 1406 1266 1436 de
1281 1417 1331 1436 co·

123 1453 188 1493 piis
204 1456 321 1496 agitur,
339 1467 418 1496 quas
439 1457 546 1486 Ocnus
556 1458 698 1487 Mantum
711 1457 860 1488 conditor
873 1459 1007 1489 adducit
1021 1471 1064 1490 ex
1073 1460 1250 1491 civitatibus
1260 1462 1333 1492 XII

129 1511 405 1552 ct'rcnmpadam's,
424 1512 541 1552 quibus
558 1514 690 1541 M'antua
707 1514 762 1541 illo
778 1521 919 1551 tempore
936 1522 1033 1554 capnt
1051 1523 1128 1547 erat,

175 1579 359 1608 Mantuanis
373 1577 535 1606 accensuit
544 1576 680 1616 denique
697 1587 727 1606 v.
745 1576 809 1606 203
827 1577 989 1607 Aulescem
1000 1601 1009 1614 ,
1027 1591 1123 1619 quein
1138 1582 1222 1612 inter
1236 1583 1332 1615 Italos

130 1643 198 1663 non
221 1631 395 1673 ignobilem
413 1631 508 1661 fuisse
524 1641 563 1660 ex
587 1631 745 1660 Servianis
768 1630 891 1660 laciniis
913 1631 951 1661 ad
967 1643 998 1662 v.
1022 1634 1083 1673 198
1101 1635 1218 1676 colligo
1236 1647 1244 1668 :
1270 1638 1334 1669 fuit

132 1689 216 1718 enim
243 1687 419 1718 secundum
442 1686 615 1719 nonnullos
636 1687 719 1718 Ocni
743 1686 856 1727 frater,
882 1694 913 1718 ct
934 1689 1076 1720 Perusia·
1103 1691 1252 1723 conditor
1278 1693 1334 1731 ha·-

133 1744 228 1775 bitus.

177 1810 262 1841 Illud
277 1810 379 1842 adhuc
397 1811 562 1850 saniciani
574 1834 582 1848 ,
596 1822 711 1842 novam
733 1823 828 1854 super
846 1813 908 1845 loci
929 1816 1190 1858 interpretatione
1209 1819 1330 1848 moveri

134 1877 224 1906 posse
244 1865 464 1896 difficultatem
481 1877 521 1896 ex
540 1866 634 1904 Silio,
651 1868 706 1907 qui
721 1870 801 1897 VIII
813 1892 820 1906 ‚
837 1869 903 1900 (noo
917 1894 924 1908 ‚
943 1871 1006 1900 601
1029 1872 1064 1901 in
1078 1881 1207 1902 recensu
1227 1882 1331 1913 popu-

135 1923 238 1951 lorum
256 1928 285 1950 ci
305 1921 469 1951 civitatum
487 1931 494 1952 ε
517 1923 561 1952 Et
577 1923 739 1962 quondam
752 1948 760 1960 ‚
785 1925 908 1965 inquit,
932 1927 1057 1956 Teucris
1075 1937 1180 1956 comes
1197 1926 1230 1956 in
1248 1929 1330 1957 Lan-

136 1975 237 2004 rentz'a
252 1975 337 2005 bella
355 1977 440 2006 Ocni
449 1976 557 2017 prisca
576 1977 687 2009 domus
698 1980 853 2021 parvique
876 1983 1026 2012 Bononia
1044 1983 1155 2014 Rheni.
1178 1987 1225 2015 De
1240 1987 1331 2016 Man-

137 2035 187 2057 tun
204 2040 276 2059 euin
299 2031 400 2071 accipi
422 2042 488 2061 non
508 2043 618 2072 posse,
637 2034 836 2065 manifestum
855 2034 909 2074 fit,
926 2035 1014 2076 quod
1036 2038 1110 2067 viris
1127 2038 1227 2069 doctis
1243 2047 1333 2070 nota-

138 2092 203 2114 tum
216 2107 224 2122 ,
244 2097 341 2126 quum
357 2099 386 2117 v.
404 2089 468 2128 59⁴¹,
481 2089 544 2127 jam
560 2100 626 2119 eam
643 2093 873 2122 memoraverit.
890 2093 1022 2124 Necesse
1035 2095 1133 2135 igitur
1147 2104 1207 2135 est,
1223 2097 1335 2129 Silium

137 2142 232 2171 verba
242 2144 359 2182 patriis
374 2145 414 2174 ab
429 2146 491 2175 oris
508 2157 578 2188 sup.
597 2158 626 2177 ν.
647 2148 707 2188 198
723 2147 819 2187 hujus
831 2148 887 2179 lib.
905 2151 934 2180 X
948 2151 1103 2192 accepisse
1118 2152 1156 2183 de
1175 2154 1332 2192 Bononia,

138 2204 285 2240 tanquam
303 2202 403 2241 prisca
417 2204 496 2233 Ocni
514 2210 542 2234 et
560 2205 659 2245 patria
672 2205 760 2244 sede,
781 2213 946 2248 antequam
961 2207 999 2238 ad
1016 2209 1181 2240 Mantuam
1195 2209 1338 2242 conden-
