1414 2435
569 70 718 99 CULEX.
1179 69 1244 107 359

48 130 184 166 Omnia
205 128 418 166 turbinibus
438 135 525 163 sunt
545 126 656 162 anxia
675 141 682 161 :
703 126 780 174 jam
801 126 913 163 maris
934 127 1034 162 unda

48 189 245 226 Sideribus
264 196 382 224 certat
402 198 649 235 consurgere,
665 187 820 235 jamque
840 199 1002 235 superne

48 250 240 284 Conruere
260 256 297 284 et
317 247 382 283 Sol
402 247 482 296 ipse
502 255 539 283 et
558 246 682 283 sidera
702 255 854 292 cuncta,
876 246 1078 282 minantur.
1193 254 1242 277 350

47 309 103 343 Ac
122 307 225 343 venit
241 307 280 343 in
300 314 419 342 terras
439 307 523 343 coeli
542 306 669 356 fragor
687 321 694 342 :
716 306 789 342 hoc
810 305 923 342 modo
941 306 1023 343 laeta

48 367 165 415 Copia
182 380 282 402 nunc
302 366 449 402 miseris
469 366 728 403 circumdatur
748 366 859 402 anxia
880 365 983 410 fatis,

47 426 330 475 Inmoriturque
346 439 462 476 super
481 427 634 472 fluctus,
654 432 692 462 'et
711 439 801 462 saxa
820 424 1024 475 Caphaoei,

48 484 236 522 Euboicas
256 494 292 522 et
310 499 379 536 per
398 495 526 523 cautes
545 489 756 536 Heraeaque
776 486 869 530 late3

48 544 179 581 Litora
198 560 205 581 :
225 558 343 594 quum
362 545 535 595 Phrygiae
553 546 691 595 passim
711 559 806 595 vaga
822 545 953 596 praeda
971 551 1149 594 peremtae
1198 551 1247 576 3⁵5

49 606 223 643 Fluctuat
239 607 360 643 omnis
377 606 416 642 in
436 618 614 655 aequoreo
629 606 708 655 jam
725 606 909 654 naufraga
929 613 1063 641 tractu.

107 680 122 696 »
140 665 212 701 Hic
232 666 294 702 alii
312 666 439 702 sidunt
457 666 596 715 pariles
615 665 767 702 virtutis
787 665 934 701 honore

49 726 213 772 Heroes,
231 725 440 774 mediisque
459 725 521 763 siti
539 733 626 761 sunt
645 725 799 762 sedibus
819 737 948 760 omnes
967 738 976 759 ε

50 787 182 822 Omnis
202 789 322 823 Roma
340 786 455 822 decus
475 785 600 834 magni
619 797 715 834 quos
733 783 889 834 suscipit
908 782 1024 820 orbis.

49 844 121 881 Hic
139 845 265 891 Fabii,
284 845 488 894 Deciique3
508 844 571 880 hic
588 853 643 881 est
661 853 698 881 et
715 845 875 881 Horatia
894 844 1033 888 virtu53
1199 850 1247 874 360

48 903 121 940 Hic
141 912 177 940 et
197 904 295 941 fama
313 913 422 941 vetus
441 916 636 953 nunquam
655 903 841 939 moritura
860 901 1024 947 Camilli3

51 964 203 1001 Curtius
223 959 278 1010 et,
299 964 433 1000 mediis
453 977 566 1013 quem
586 963 777 1012 quondam
797 961 950 999 sedibus
971 960 1077 998 urbis

49 1026 240 1061 Devotum
257 1024 364 1061 bellis
381 1024 587 1061 consumsit
606 1023 765 1073 gurgitis
785 1023 960 1068 haustus;

50 1083 203 1120 Mucius
223 1093 260 1121 et
280 1083 446 1134 prudens
464 1083 640 1120 ardorem
658 1095 819 1132 corpore
838 1094 988 1131 passus,

52 1143 255 1193 Legitime,
280 1143 390 1180 cessit
411 1144 472 1179 cui
492 1143 611 1179 fracta
630 1141 800 1192 potentia
817 1140 928 1190 regis.
1201 1146 1249 1170 36⁵

48 1204 121 1240 Hic
141 1203 278 1241 Curius
296 1204 406 1240 clarae
425 1203 550 1240 socius
567 1202 737 1246 virtutis,
755 1210 792 1238 et
810 1201 872 1237 ille

48 1263 271 1309 Flaminius,
294 1263 431 1300 devota
451 1262 555 1299 dedit
573 1263 639 1310 qui
658 1274 822 1311 corpora
840 1261 1011 1296 ssammae.

49 1327 141 1361 Jure
159 1323 277 1372 igitur
295 1323 378 1358 talis
397 1321 503 1358 sedes
522 1320 673 1369 pietatis
691 1321 866 1356 honorat.

49 1385 133 1421 Illic
153 1382 415 1432 Scipiadaeque
435 1381 566 1425 duces3
588 1380 725 1416 devota
745 1376 947 1426 triumphis

52 1444 194 1481 Moenia
212 1454 308 1492 quos
328 1440 482 1492 rapidos
501 1439 654 1488 Libycae
674 1437 913 1486 Carthaginis
933 1437 1101 1474 horrent.
1198 1445 1246 1478 37⁰

109 1520 124 1536 »
145 1503 204 1539 Illi
223 1500 334 1538 laude
355 1513 422 1536 sua
439 1500 607 1549 vigeant3
627 1510 697 1547 ego
714 1496 812 1533 Ditis
833 1508 972 1546 opacos

54 1567 180 1614 Cogor
197 1561 302 1599 adire
321 1561 442 1606 lacus,
461 1545 599 1596 vidiios
619 1572 640 1595 a
659 1558 800 1594 lumine
819 1556 970 1603 Phoebi,

54 1626 101 1660 Et
116 1630 264 1659 vastum
282 1619 556 1670 Phlegethonta
574 1617 654 1669 pati
672 1632 680 1654 ε
701 1629 779 1666 quo
799 1616 963 1653 maxima
981 1614 1107 1652 Minos

55 1760 168 1792 thonia
195 1771 225 1789 v,
257 1759 320 1794 343
350 1763 396 1788 est
420 1759 624 1798 Pergamum.
676 1756 799 1796 Elysias
820 1753 908 1783 sedes
922 1752 982 1793 (vs.
1001 1752 1063 1789 257
1080 1761 1148 1791 sqq.
1163 1751 1202 1780 ad
1218 1762 1250 1782 v.

55 1810 131 1838 Erat
143 1804 368 1836 Erichthonius
378 1802 518 1833 Dardani
528 1801 625 1838 filius,
681 1800 770 1840 370)
795 1810 810 1828 a
833 1799 942 1828 limine
967 1798 1142 1833 salutasset,
1163 1807 1249 1826 nuuc

56 1855 114 1894 qui
130 1859 202 1894 post
224 1851 351 1880 fratrem
379 1849 461 1878 Ilum
485 1848 537 1879 Ilii
559 1858 627 1888 reg·
677 1848 713 1877 in
735 1856 773 1875 eo
798 1855 862 1874 esse
877 1849 998 1880 narrat,
1015 1850 1052 1872 ut
1066 1852 1172 1872 coram
1187 1844 1250 1872 Mi-

57 1910 136 1930 num
151 1899 263 1929 tenuit.
276 1894 428 1937 Apollod.
443 1896 507 1931 111,
526 1906 538 1925 1
547 1904 577 1930 2,
595 1904 626 1923 2.
679 1891 906 1930 mejudicium
915 1890 1035 1920 subeat.
1048 1889 1174 1919 Scilicet
1185 1899 1250 1918 cor-

105 1946 145 1984 37
155 1955 168 1975 1
195 1955 264 1984 sqq.
291 1944 377 1973 Miro
412 1940 628 1981 phantasmate
679 1950 757 1980 pore
780 1937 906 1978 sepulto
930 1943 962 1966 et
983 1935 1102 1965 funeris
1128 1934 1251 1965 honore

59 1998 153 2031 poeta
167 1991 309 2022 Culicem
323 1999 380 2030 per
397 1987 533 2017 diversas
548 1985 626 2015 infe·
679 1986 741 2016 sibi
765 1983 928 2025 persoluto
952 1991 1075 2022 sperare
1104 1987 1229 2020 poterat
1240 2003 1249 2017 ,

60 2046 171 2066 rorum
203 2043 308 2077 partes
334 2041 479 2075 vagatum
491 2056 500 2072 ,
529 2042 627 2074 quum
679 2033 720 2061 iri
735 2042 767 2061 se
780 2030 949 2060 admissum
964 2028 1002 2057 ad
1016 2034 1130 2057 certam
1150 2027 1185 2056 iu
1199 2027 1250 2056 in·

61 2082 200 2122 primum
212 2082 303 2112 lucos
318 2081 514 2117 Cimmerios,
522 2089 627 2109 mons·
682 2078 755 2108 feris
785 2076 901 2106 sedem.
934 2076 1013 2104 Nam
1041 2073 1081 2103 ad
1104 2071 1250 2102 humanae

61 2134 186 2157 trorum
203 2127 289 2157 sedes
302 2127 356 2169 (v.
375 2127 439 2156 230
454 2125 514 2166 sq.)
527 2149 535 2162 ,
553 2135 630 2155 mox
683 2123 805 2154 umbrae
833 2120 1014 2162 exemplum
1045 2119 1113 2150 haec
1138 2118 1248 2149 adum-

62 2174 236 2214 Impiorum
250 2173 320 2203 loca
333 2171 379 2213 (v.
394 2172 459 2203 238
473 2171 547 2214 sq.),
562 2178 631 2202 tum
683 2170 772 2200 brata
787 2174 873 2199 suut.
