1414 2435
604 48 729 78 LIBER
751 49 794 79 X.

107 107 232 152 Quem
251 105 335 155 pius
353 103 617 141 AEneas'dictis
635 103 787 141 adfatur
805 106 940 142 amaris
961 120 968 141 :

107 181 124 198 «
141 168 308 215 Lucage,
327 164 430 200 nulla
445 171 529 200 tuos
549 177 683 201 currus
702 164 790 213 suga
809 165 931 214 segnis
951 176 1136 214 equorum

106 225 295 270 Prodidit,
315 232 380 260 aut
398 236 503 260 vanae
522 232 671 261 vertere
691 238 739 261 ex
758 224 931 261 hostibus
950 224 1111 270 umbrae3

105 285 191 332 Ipse
209 283 302 320 rotis
318 283 452 320 saliens
465 284 557 333 juga
576 283 728 321 deseris.
746 300 761 317 »
781 286 872 320 Haec
887 284 940 321 ita
957 284 1054 321 satus

104 341 286 391 Adripuit
304 341 454 393 bijugos
471 356 480 378 :
501 344 617 380 frater
635 342 812 380 tendebat
832 343 993 380 inermes

1246 349 1293 381 59⁵

103 401 240 438 Infelix
254 402 415 451 palmas,
435 415 551 439 curru
570 402 743 451 delapsus
763 401 897 438 eodem
915 417 923 438 :
940 422 947 429 ·

103 467 120 494 ⁴«
136 463 208 497 Per
225 470 280 507 te,
300 475 369 511 per
390 462 456 510 qui
476 470 512 498 te
531 461 643 499 talem
661 474 824 510 genuere
842 469 1034 511 parentes,

102 519 171 556 Vir
189 521 369 570 Trojane‚
389 521 468 558 sine
494 521 591 557 hanc
610 520 791 566 animam,
809 528 846 556 et
865 520 1043 557 miserere
1060 516 1258 568 precantis.
1277 533 1292 549 »

101 578 279 616 Pluribus
299 580 423 617 oranti
441 582 578 618 AEneas
599 595 607 617 :
625 598 641 614 «
659 579 773 617 Haud
795 580 884 629 talia
906 579 1050 616 dudum

100 638 214 675 Dicta
230 639 364 686 dabas3
382 652 550 686 morere,
571 648 608 676 et
626 640 780 677 fratrem
796 653 844 676 ne
860 639 991 676 desere
1012 639 1139 675 frater.
1161 654 1177 670 »

1239 645 1291 670 600

101 698 200 732 Tum
219 697 381 735 latebras
401 699 534 735 animae
551 708 682 747 pectus
701 710 882 735 mucrone
900 697 1075 734 recludit.

98 755 205 792 Talia
221 767 291 805 per
309 770 461 806 campos
478 757 615 794 edebat
629 758 762 794 funera
780 757 917 794 ductor

98 814 329 861 Dardanius,
350 816 526 852 torrentis
545 829 652 865 aquae
670 817 731 852 vel
751 815 913 853 turbinis
931 816 1003 853 atri

99 877 210 911 More
230 875 358 912 furens
378 889 387 912 ε
407 876 559 912 tandem
578 884 800 926 erumpunt,
820 885 858 913 et
881 885 1004 913 castra
1021 877 1239 927 relinquunt

49 942 52 945 ’
98 935 282 972 Ascanius
300 948 414 984 puer,
433 943 470 971 et
487 935 744 985 nequidquam
763 935 915 972 obsessa
929 935 1118 985 juventus.

1241 946 1290 969 61¹5

150 998 339 1032 Junonem
357 996 501 1031 interea
520 996 707 1044 conpellat
723 1000 744 1033 J
747 996 900 1046 uppiter
919 997 1018 1033 ultro
1039 1009 1049 1031 ε

98 1071 115 1087 «
136 1056 170 1091 Ο
189 1067 366 1103 germana
385 1053 478 1089 mihi
494 1062 607 1102 atque
626 1054 757 1100 eadem
777 1055 988 1103 gratissima
1007 1054 1163 1103 conjux,

98 1116 151 1151 Ut
169 1113 321 1159 rebare,
340 1115 485 1159 Venus,
503 1125 573 1149 nec
590 1121 626 1149 te
643 1114 828 1151 sententia
846 1114 958 1160 fallit,

97 1272 203 1313 clypei
219 1281 274 1301 ora
286 1269 403 1300 vulnus
415 1268 610 1299 inferebatur
621 1279 670 1299 su-

97 1328 155 1360 pra
165 1328 210 1347 vs.
228 1322 266 1354 47
273 1316 305 1346 6.
315 1332 362 1338 —
373 1315 414 1354 59
422 1325 450 1344 1.
464 1314 540 1344 Pius
550 1314 670 1354 epithe-

99 1371 158 1395 ton
173 1362 293 1392 nnllam
309 1362 375 1391 rim
392 1360 487 1390 habet
502 1369 598 1400 super
617 1362 669 1389 ΙΕ-

102 1419 172 1439 neae
189 1407 419 1438 inhumanitate
431 1416 439 1443 3
453 1405 493 1435 cs.
519 1416 591 1446 sup.
608 1405 672 1435 dic-

98 1461 129 1484 ta
146 1454 184 1483 ad
207 1465 238 1483 v.
261 1452 484 1491 520.--592.
503 1452 578 1482 Non
597 1461 671 1491 pro-

97 1500 184 1530 ditus
199 1509 231 1529 es
247 1498 331 1529 hosti
345 1505 399 1527 aut
419 1498 509 1538 fuga,
524 1503 579 1526 aut
598 1507 670 1527 con-

97 1546 290 1577 sternatione
300 1553 469 1584 equorum.
481 1542 581 1572 Nulla
605 1552 670 1584 aga

97 1591 203 1632 segnis
219 1600 370 1631 equorum
385 1599 429 1619 sc.
444 1589 593 1629 quoniam
610 1588 668 1618 hos

97 1638 286 1666 incitaverat
298 1647 329 1665 v.
350 1635 414 1664 586
425 1645 544 1674 pronus
554 1634 586 1664 in
598 1645 670 1664 ver-

96 1682 183 1711 bera.
195 1683 262 1710 Aac
273 1691 375 1710 ‘vana’
389 1680 507 1709 mnbrae
521 1680 668 1720 exemplo

98 1727 224 1767 Niphaei
249 1737 279 1756 v,
298 1727 381 1763 572,
403 1725 488 1762 573,
511 1725 596 1763 574,
613 1725 669 1755 sed

97 1779 211 1813 sponte
229 1771 382 1801 desiluisti
397 1770 436 1800 de
453 1780 560 1800 curru.
576 1771 669 1800 Simi-

97 1818 135 1848 lis
157 1828 330 1848 sarcasmus
359 1815 449 1846 Iliad.
473 1826 518 1851 π,
543 1816 608 1853 745
623 1832 670 1838 —

101 1864 178 1903 750.
203 1865 324 1893 Iterum
348 1863 413 1892 603
437 1862 606 1892 Homerica
623 1861 670 1890 vi-

98 1910 154 1940 des
172 1919 180 1940 z
198 1909 285 1940 conf.
312 1908 401 1938 Iliad.
422 1918 433 1937 ε
446 1930 455 1943 ,
476 1908 537 1945 87,
559 1907 670 1937 88.—

97 1956 165 1991 604
178 1978 187 1992 ,
205 1955 283 1985 605.
307 1954 492 1984 Artificium
515 1954 669 1982 narratio-

96 2002 148 2031 nis
162 2001 259 2031 velim
274 2000 435 2030 observari
454 2001 487 2028 in
499 1998 622 2036 judicio
639 2005 670 2028 et

97 2046 218 2077 dilectu
237 2057 344 2076 rerum
355 2069 363 2083 ‚
381 2056 456 2086 quas
481 2051 606 2081 narrat,
622 2050 670 2074 tot

97 2092 168 2122 aliis
188 2093 320 2123 omissis.
337 2092 473 2134 Pugnari
498 2090 610 2120 debuit
623 2091 670 2119 in-

100 2143 184 2169 terea
209 2148 278 2170 non
307 2139 414 2168 minus
441 2137 557 2167 acriter
585 2137 668 2166 circa

721 1279 847 1307 muros3
862 1269 917 1299 sed
934 1269 984 1300 his
998 1280 1087 1300 nnnc
1102 1278 1186 1302 reete
1204 1283 1289 1303 care—

722 1325 811 1352 mus;
827 1315 932 1355 itaque
948 1317 1020 1345 satis
1036 1322 1101 1345 erat
1121 1317 1205 1347 binis
1220 1328 1289 1347 ver·

720 1360 809 1390 sibus
822 1361 944 1390 moneri
957 1371 1015 1391 nos
1025 1361 1062 1391 de
1072 1363 1161 1392 exitu
1170 1373 1290 1404 oppug-

721 1406 870 1436 nationis.
1274 1407 1291 1445 γ’

769 1451 836 1481 606
855 1461 924 1491 sqq.
942 1452 988 1482 Eo
1007 1453 1071 1491 jam
1092 1463 1141 1482 res
1157 1459 1222 1483 erat
1237 1453 1288 1483 ad-

722 1496 832 1534 ducta,
860 1504 897 1526 ut
910 1499 1057 1527 Turnum
1082 1501 1193 1528 AEneas
1209 1509 1289 1529 asse-

721 1549 889 1583 queretur,
911 1542 1054 1583 adeoque
1082 1554 1188 1585 pugna
1206 1545 1290 1574 inter

721 1599 775 1617 eos
789 1587 889 1618 fieret.
909 1590 985 1618 Haec
1008 1599 1048 1618 ex
1066 1601 1174 1620 rerum
1192 1590 1226 1620 in
1239 1592 1290 1619 ΙΕ-

720 1634 813 1664 neide
826 1634 938 1664 ordine
948 1634 1103 1666 destinato
1113 1635 1216 1666 adhuc
1226 1643 1290 1665 erat

721 1679 906 1710 disserenda.
937 1682 1077 1710 Deorum
1109 1682 1290 1711 interventu

722 1725 760 1755 ad
775 1726 837 1755 hoc
859 1736 935 1755 usus
950 1732 1014 1761 est,
1031 1733 1068 1755 ut
1091 1727 1200 1765 epicus
1215 1736 1289 1765 poe-

723 1777 752 1799 ta
770 1772 900 1800 Homeri
924 1771 1070 1811 exemplo
1088 1771 1184 1800 semel
1201 1771 1290 1801 insti-

722 1823 826 1845 tuerat
840 1815 952 1846 facere.

769 1861 963 1890 606-688.
977 1862 1066 1891 Juno
1076 1882 1084 1897 ‚
1098 1860 1197 1890 salute
1211 1862 1290 1891 Tur-

722 1907 756 1936 ni
770 1907 803 1936 in
815 1912 941 1946 tempus
961 1913 1083 1935 tantum
1103 1917 1119 1936 a
1137 1908 1219 1936 Jove
1234 1906 1292 1935 im-

722 1958 843 1991 petrata
855 1973 862 1987 ‚
891 1953 1036 1981 Turnum
1079 1952 1202 1980 elusum
1234 1962 1291 1991 per

723 1994 849 2027 2²53va
867 1999 987 2032 AEneae,
1003 2006 1110 2036 pugna
1125 1996 1291 2027 educit.—

723 2044 786 2081 607
800 2066 809 2081 ‚
827 2043 905 2072 608.
923 2043 1038 2072 Amare
1051 2042 1120 2072 haec
1135 2041 1174 2071 ad
1186 2043 1290 2073 Juno-

721 2099 813 2126 nem3
830 2094 860 2118 et
869 2089 1044 2128 respiciunt
1057 2098 1151 2128 supra
1164 2089 1199 2118 iu
1213 2097 1289 2117 con-

722 2134 795 2165 cilio
817 2134 951 2165 deorum
966 2144 984 2164 a
1002 2135 1084 2166 Jove
1102 2135 1287 2175 pronuntia-
