1414 2435
583 67 706 97 LIBER
735 67 793 97 lx.
1245 81 1262 100 2
1269 72 1285 101 3

91 124 293 172 obtestor,
315 135 563 173 quaecumque
579 124 673 160 mihi
692 124 863 170 fortuna,
883 125 1051 176 fidesque
1070 135 1144 174 est,

1239 137 1287 162 260

89 188 134 222 In
157 186 292 222 vestris
312 196 414 234 pono
431 183 602 233 gremiis3
620 194 796 222 revocate
814 195 1026 235 parentem3

90 245 254 281 Reddite
273 253 540 293 conspectum3
561 243 655 280 nihil
675 244 740 280 illo
761 244 866 282 triste
886 255 1051 295 recepto.

89 304 183 340 Bina
202 303 301 340 dabo
323 312 479 354 argento
496 305 663 354 perfecta
683 313 796 353 atque
817 318 949 355 aspera
966 307 1080 356 signis

89 363 248 407 Pocula,
268 363 418 401 devicta
435 364 584 413 genitor
602 377 687 414 quae
707 364 808 413 cepit
825 365 984 412 Arisba3

89 425 136 460 Et
152 423 321 473 tripodas
341 424 528 474 geminos3
546 425 630 461 auri
650 425 726 461 duo
747 437 881 474 magna
902 426 1064 471 talenta3

1239 435 1287 460 265

88 483 244 519 Cratera
263 483 481 532 antiquum,
497 496 611 532 quem
630 483 694 520 dat
713 483 871 521 Sidonia
888 485 1002 521 Dido.

90 541 131 577 Si
147 553 238 578 vero
255 555 391 591 capere
411 542 577 588 Italiam,
598 543 833 592 sceptrisque
848 544 964 592 potiri

90 603 299 652 Contigerit
317 603 474 649 victori,
495 612 532 640 et
549 604 689 653 praedae
704 603 846 640 ducere
867 613 1027 650 sortem3

91 740 148 775 rit,
163 745 199 768 ut
215 738 316 769 Cerda
331 745 362 768 et
378 739 449 775 alii,
465 737 519 769 sed
532 749 593 779 pro
607 740 667 768 La-

90 794 124 813 re
156 785 313 824 majorum
332 807 342 821 ,
378 786 462 814 inter
498 795 578 825 quos
605 784 667 814 fuit

91 831 283 868 Assaracus,
307 830 432 860 doctius
450 830 539 860 huuc
563 841 666 860 unum

91 878 279 906 memoravit
290 883 401 916 poeta,
415 882 451 905 ut
463 887 533 917 sup.
548 877 563 904 Ι
574 899 581 913 ,
599 877 663 906 288

94 922 223 952 domum
239 923 398 952 Assaraci
417 921 550 953 dixerat.
569 924 666 952 Recte

92 970 179 998 Serv.
196 983 212 994 «c
230 968 385 998 Assaraci
397 970 532 1004 Larem,
551 968 585 998 id
601 976 664 1006 est,

91 1013 217 1044 familiae
243 1022 360 1044 nostrae
383 1015 434 1045 vel
456 1016 564 1055 generi
591 1025 666 1055 pro-

92 1061 209 1100 prium.
225 1075 300 1086 »—-
326 1062 404 1091 260.
428 1061 587 1090 Laborant
613 1062 666 1091 In-

93 1113 245 1147 terpretes
257 1107 293 1136 in
296 1107 403 1150 fides,
421 1106 495 1136 inde
508 1113 581 1146 post
595 1108 665 1137 Ser-

94 1153 192 1183 vium.
213 1152 275 1183 Sed
283 1152 371 1195 fides
386 1153 424 1183 de
438 1154 527 1183 omni
539 1164 573 1182 re
587 1152 665 1182 dici-

93 1204 146 1227 tur
157 1220 166 1235 ,
191 1200 245 1229 cui
261 1197 389 1229 fidimus
400 1222 408 1236 ‚
432 1201 467 1229 in
492 1209 553 1239 qua
568 1197 667 1228 fidem

92 1245 243 1284 ponimus
254 1267 262 1282 ‚
292 1252 346 1274 aut
374 1256 445 1285 quae
469 1244 565 1275 fidem
593 1245 668 1274 facit

92 1290 176 1328 ejus,
201 1291 291 1330 quod
308 1291 459 1321 volumus
470 1314 479 1328 ‚
499 1298 664 1330 optamus,

93 1346 254 1375 speramus
272 1347 281 1374 ;
310 1336 387 1365 hinc
417 1337 574 1376 exquisite
607 1347 666 1376 pro

93 1392 169 1421 spe,
184 1388 215 1411 et
228 1389 304 1412 voto
319 1392 401 1422 saepe
416 1384 569 1423 ponitur:
583 1392 668 1422 quae-

94 1437 221 1468 cunque
248 1428 328 1457 mibi
349 1429 496 1466 fortuna,
523 1435 555 1458 et
581 1438 665 1468 quae-

93 1483 221 1513 cunque
236 1474 312 1503 mihi
331 1484 387 1503 seu
403 1473 502 1511 fides,
524 1484 580 1503 seu
598 1485 668 1514 spes

94 1527 155 1556 est;
172 1526 237 1549 erat
250 1527 355 1550 autem
369 1526 399 1549 et
412 1520 541 1550 fortuna
553 1527 584 1549 et
598 1531 668 1560 spes

94 1566 129 1594 in
142 1543 397 1596 desideratissimi
410 1567 549 1607 parentis
562 1566 669 1596 reditu

94 1612 207 1652 posita.

144 1658 222 1687 263.
254 1659 292 1686 In
317 1658 454 1698 praemiis
481 1657 669 1698 pollicendis

96 1703 186 1733 locus
210 1709 282 1732 ante
306 1704 416 1733 oculos
439 1704 530 1735 Iliad.
551 1715 576 1740 ι,
605 1714 667 1733 122

96 1759 164 1789 sqq.
180 1750 358 1789 Sapientius
373 1749 465 1778 etiam
481 1749 548 1779 haec
563 1751 670 1779 omnia

97 1794 246 1825 adornata
265 1806 281 1824 a
306 1795 454 1836 Virgilio.
479 1796 562 1825 Nam·
583 1795 670 1835 apud

96 1842 274 1871 Homerum
297 1841 402 1870 minus
416 1840 549 1870 honeste
562 1841 670 1871 Dolon

96 1888 227 1927 praemia
256 1887 395 1928 postulat
420 1887 510 1917 Iliad.
536 1898 555 1917 κ
566 1910 575 1924 ,
603 1888 665 1916 321

97 1943 165 1974 sqq.
189 1933 322 1964 Devicta
342 1933 472 1975 genitor
493 1944 565 1973 quae
588 1933 671 1973 cepit

98 1979 217 2009 Arisba
226 1991 239 2016 ;
258 1979 297 2010 de
314 1980 393 2010 urbe
409 1980 466 2009 hac
484 1981 525 2009 cix
534 1990 566 2008 sa
579 1979 670 2020 Aby-

98 2023 176 2055 dum
189 2026 246 2056 sita
256 2037 286 2057 ν.
302 2027 447 2067 inprimis
458 2026 561 2057 Strab.
577 2027 670 2062 XIII,

98 2081 131 2110 p.
156 2072 242 2110 882,
262 2073 347 2110 8833
364 2073 513 2113 Stephan.
537 2073 670 2114 Byzant.

99 2116 132 2147 h.
152 2128 196 2155 v.,
211 2118 320 2160 ibique
341 2119 488 2150 Holsten.
504 2129 577 2149 cum
594 2120 671 2148 Eus-

102 2162 198 2194 tathio
221 2165 261 2195 ad
284 2167 369 2196 varia
391 2167 523 2196 Homeri
546 2165 616 2195 loca
633 2164 669 2194 11.

720 736 757 777 β,
783 739 846 776 837
874 745 906 768 et
921 738 959 769 al.
984 737 1164 770 Difficultas
1179 739 1231 770 hic
1256 742 1290 772 in

720 795 759 814 eo
778 785 876 822 inest,
896 785 984 825 quod
1004 786 1136 825 Arisba,
1159 787 1291 817 Troadis

720 830 818 867 urbs,
843 832 987 869 Trojanis
1012 832 1127 862 auxilia
1151 832 1190 861 ab
1213 834 1291 863 Asio

720 876 854 906 adducta
863 878 957 907 misit.
968 877 1107 907 Eandem
1118 877 1158 907 ab
1167 879 1292 908 Achille

720 933 860 952 eversam
879 934 944 952 esse
960 925 1087 954 Servius
1104 923 1213 961 tradit,
1235 935 1290 954 ne-

719 970 786 999 scio
802 979 863 1008 qua
882 971 1068 999 auctoritate
1086 979 1093 999 :
1113 969 1167 998 sed
1181 971 1207 999 si
1229 981 1290 1010 qua

720 1015 796 1051 fuit,
812 1014 851 1043 ad
866 1014 1013 1044 Arisbam
1025 1016 1061 1044 in
1073 1016 1175 1045 insula
1190 1017 1292 1046 Lesbo

720 1071 755 1090 ea
767 1068 920 1100 spectasse
933 1061 1072 1091 videtur.
1089 1063 1201 1091 Nostra
1215 1073 1291 1092 vero

719 1106 851 1136 Troadis
867 1106 981 1136 Arisba
995 1106 1159 1146 quomodo
1177 1117 1192 1136 a
1212 1110 1291 1138 Tro-

718 1153 798 1190 janis
812 1154 882 1192 capi
893 1154 1049 1193 pot-uerit,
1065 1153 1242 1183 dubitatur.
1257 1165 1288 1184 v,

720 1200 807 1229 Serv.
832 1198 894 1229 Sed
912 1199 1038 1238 repetiit
1055 1199 1117 1229 hoc
1141 1206 1234 1239 poeta
1252 1211 1293 1229 ex

720 1244 816 1274 rebus
830 1266 838 1281 ‚
867 1254 938 1284 quae
969 1246 1141 1283 Trojanum
1170 1245 1292 1274 bellum

721 1297 960 1320 antecesserant.
983 1291 1091 1320 Potuit
1108 1291 1206 1330 igitur
1221 1301 1293 1320 nar-

719 1337 874 1365 rationem
907 1336 946 1366 de
979 1336 1094 1365 Arisba
1128 1336 1167 1365 ab
1195 1338 1293 1366 AEnea

720 1389 808 1422 capta
828 1382 935 1421 sequi,
954 1392 1026 1421 quae
1050 1392 1122 1411 cum
1143 1380 1292 1422 pluribus

722 1427 790 1456 aliis
808 1427 846 1457 de
862 1427 958 1457 rebus
974 1429 1119 1465 Trojanis
1140 1429 1294 1458 narratio-

721 1473 816 1503 nibus
838 1473 1008 1503 intercidit.
1024 1475 1150 1515 Magna
1169 1473 1294 1503 talenta

722 1530 738 1549 e
751 1521 873 1560 poetica
886 1521 1019 1556 ratione,
1033 1525 1070 1549 ut
1082 1526 1184 1549 ornet.
1194 1521 1275 1550 Nam
1284 1541 1294 1556 ‚

721 1565 811 1606 quod
832 1572 936 1606 partes
957 1567 990 1594 in
1012 1576 1044 1594 se
1060 1566 1222 1603 continet,
1246 1572 1294 1595 to-

722 1618 790 1641 tum
809 1622 880 1652 ιηιιὸ
868 1622 961 1641 erman
987 1618 1033 1641 est
1055 1618 1200 1652 respectu
1221 1622 1295 1652 par-

722 1658 814 1689 tium.
828 1669 859 1688 v.
861 1634 916 1687 ²'ad
930 1657 988 1688 lib.
1002 1659 1045 1694 V,
1063 1658 1139 1694 248.
1164 1657 1295 1687 Cratera

721 1711 828 1733 autem
842 1703 1028 1744 antiquum,
1045 1703 1146 1733 intell.
1163 1704 1295 1743 antiquo

725 1759 831 1788 opere.
855 1767 900 1772 -
927 1750 1004 1787 267.
1032 1749 1128 1779 Color
1143 1749 1296 1778 orationis

724 1805 765 1824 ex
781 1797 921 1825 Homero
939 1794 1047 1824 eadem
1061 1795 1095 1823 in
1108 1805 1142 1824 re
1156 1793 1247 1824 Iliad.
1267 1804 1294 1829 ι,

729 1841 791 1870 135
807 1851 875 1880 sqq.
892 1841 1013 1880 Capere
1028 1839 1160 1869 Italiam
1174 1841 1295 1881 magni-

723 1885 782 1915 fice
790 1908 798 1922 ,
809 1887 836 1915 si
844 1886 949 1915 sedem
962 1885 1104 1916 obtineat
1114 1908 1123 1923 ,
1134 1892 1165 1915 et
1180 1893 1294 1916 terram

723 1933 758 1962 in
773 1933 877 1969 Latio,
895 1942 989 1972 quam
1011 1931 1191 1962 inhabitent
1213 1934 1294 1962 Tro-

721 1979 803 2016 jani,
820 1985 851 2008 et
866 1978 1003 2018 praedam
1025 1978 1151 2015 sortiri,
1174 1977 1295 2018 dispen-

724 2025 793 2061 tiri‚
819 2025 998 2065 contigerit.
1011 2041 1058 2047 --
1077 2024 1153 2054 268.
1169 2025 1295 2055 Servius

724 2071 817 2108 alios,
837 2070 970 2110 dejicere
988 2081 1043 2100 seu
1055 2071 1163 2110 potius
1181 2069 1232 2110 (ut
1244 2072 1294 2105 X,

726 2115 805 2156 554)
820 2116 962 2152 deicere,
985 2118 1027 2146 ait
1040 2117 1143 2158 legere
1156 2125 1163 2147 ε
1184 2117 1228 2145 sic
1243 2115 1296 2144 de-

720 2162 840 2202 jectam
864 2170 979 2193 sortem
1004 2165 1075 2193 AEn.
1092 2164 1134 2201 V,
1160 2168 1235 2201 490.
1251 2162 1294 2192 At
