1414 2435
487 63 548 92 AD
572 63 737 92 LIBRUM
761 65 819 94 XI.
1187 66 1253 96 323

54 123 124 155 eod.
140 123 200 154 loc.
219 124 285 159 XI,
303 126 380 159 274.
399 120 522 151 Plinius
539 122 561 151 1.
580 132 607 152 c.
619 120 799 163 ficliearum
818 121 939 152 similes
956 123 1020 160 ait3
1045 123 1192 154 oloribus
1211 135 1256 154 as-

53 178 168 208 similat
179 177 373 219 Lycophrou
386 177 409 207 l.
425 187 453 207 c.
468 187 499 208 V.
516 177 578 217 597
591 189 599 215 ;
615 184 646 207 et
661 177 755 208 Ovid.
772 179 852 207 xlv
867 180 946 210 Met.
964 180 1028 219 509
1042 179 1076 209 Si
1087 180 1253 210 volucrum

54 243 126 273 quae
145 232 185 262 sic
200 230 371 261 subitarum
376 230 492 272 fhrma
505 231 655 273 requiris,
672 234 712 262 Ue
729 244 793 262 non
813 244 982 272 cycnorum
996 257 1004 269 ‚
1023 233 1068 263 sic
1084 234 1165 264 albis
1177 245 1254 274 pro-

53 287 146 317 xima
163 286 280 326 cycnis.
298 287 343 317 At
359 288 486 318 Servius
502 287 543 317 ad
558 290 624 325 XI,
646 298 685 326 27
697 298 709 318 1
733 296 763 319 et
785 291 914 319 Tzetzes
938 290 977 319 ad
995 290 1153 331 Lycopbr.
1178 290 1202 321 l.
1226 301 1254 321 c.

54 337 196 383 ἐρωδιοὺς
217 343 486 382 interpretantur,
502 353 573 383 quae
594 342 702 372 ardeae
723 350 846 380 essent3
871 343 925 373 sed
946 343 994 373 his
1019 345 1075 373 vix
1097 346 1255 375 accenseri

50 403 195 436 possunt.
209 396 326 438 (Nunc
342 397 433 437 plura
446 396 484 426 de
500 396 550 427 his
567 398 657 428 allata
670 405 746 428 sunt
761 409 778 428 a
794 398 997 429 Beckmanno
1011 398 1050 428 ad
1061 399 1178 431 Mirab.
1189 401 1257 429 Au-

51 449 108 481 dit.
129 461 156 480 c.
176 451 218 480 80
236 462 267 492 p.
290 451 330 481 15
336 462 351 490 7
368 462 413 492 sq.
435 453 506 482 Hoc
519 463 622 482 unum
641 452 754 482 addam
764 476 772 490 ,
784 453 895 483 haberi
909 464 1039 494 quoque
1054 454 1163 483 avium
1178 455 1256 484 Dio-

51 503 233 535 medearum
247 504 494 546 descriptionem
509 514 540 537 et
554 507 723 548 imaginem
738 508 773 537 in
789 509 820 535 V
818 508 936 548 eryam'
949 510 1097 538 Accounc
1110 507 1153 549 of
1158 508 1258 537 divers

51 557 156 588 choise
176 561 331 590 Rcmarks
347 560 444 590 taken
465 560 498 591 in
518 572 539 590 a
558 563 700 600 Journey
718 573 750 602 p.
771 562 835 602 359
848 586 856 599 ‚
876 573 961 601 1701
986 563 1060 599 fol.;
1080 562 1136 591 sed
1153 572 1212 591 nec
1229 562 1256 590 is

51 614 183 644 scientia
195 621 317 645 naturae
330 617 402 645 satis
417 615 477 645 fuit
490 616 697 657 instructus.)
710 618 806 647 Varie
820 625 930 648 ornata
946 628 962 647 a
974 618 1076 658 poetis
1090 624 1136 646 est
1149 615 1256 646 fabula

53 667 91 697 de
106 670 198 698 sociis
214 669 249 698 in
264 679 335 699 aves
349 671 478 699 mutatis
494 681 550 699 seu
564 672 639 700 vivo
652 693 660 707 ‚
677 681 732 700 seu
746 678 875 701 mortuo
891 672 1057 702 Diomede.
1075 673 1121 701 Ita
1137 671 1256 711 Illyriis

54 722 274 752 accedentibus
288 723 419 761 infestae,
435 725 555 754 Graecis
570 726 679 755 amicae
694 736 766 755 aves
782 737 846 756 esse
863 733 997 756 narratae
1015 733 1091 756 sunt
1105 736 1112 756 ε
1130 727 1254 755 Antou.

52 776 74 807 l.
85 787 112 807 c.
128 777 208 807 Plin.
220 777 241 808 l.
253 788 281 807 c.
293 777 405 807 Strabo
419 779 466 807 VI
478 801 486 814 ,
497 789 530 818 p.
547 779 610 813 433
623 779 674 815 A;
693 779 804 808 AElian.
817 781 857 809 H.
874 782 914 810 A.
932 782 957 817 Ι,
975 791 1001 817 1,
1016 780 1071 810 ubi
1083 792 1113 810 V.
1131 780 1256 812 Schnei-

52 830 118 861 der.
135 831 265 861 Recedit
277 830 317 860 ab
334 831 400 860 aliis
416 837 527 861 auctor
541 830 580 860 de
599 832 717 863 Mirab.
737 834 884 864 Auscult.
897 834 920 864 l.
936 846 962 864 c.
973 858 980 871 ‚
996 836 1053 875 qui
1070 846 1141 865 aves
1156 836 1252 864 exsti-

52 887 123 916 tisse
138 887 180 916 ait
198 885 354 916 Diomede
368 885 408 915 ab
427 887 535 916 AEnea
546 909 555 923 ‚
571 887 626 927 qui
641 897 701 916 rex
718 887 777 917 illa
794 888 866 917 loca
887 889 1031 924 tenebat,
1052 900 1109 930 per
1124 888 1255 918 insidias

49 941 167 971 occiso.
185 943 291 971 Potest
305 938 365 970 ὑπὸ
381 942 434 971 τοῦ
450 937 567 971 Αἰνείω
582 940 683 971 videri
699 942 891 972 mutandum
906 944 939 972 in
962 941 1021 972 ὑπὸ
1037 945 1090 973 τοῦ
1112 941 1228 972 Ama-200
1246 952 1255 972 :

51 995 94 1023 sic
109 995 193 1024 enim
211 995 288 1024 olim
306 994 456 1024 nonnulli
473 993 680 1025 tradiderant.
697 1005 728 1024 v.
751 995 858 1025 schol.
877 996 1037 1036 Lycophr.
1056 995 1096 1025 ad
1116 1008 1146 1025 v.
1165 996 1231 1026 603
1246 1006 1255 1032 3

52 1058 124 1077 nam
138 1049 270 1077 omnino
287 1047 419 1077 diversae
429 1048 468 1077 de
483 1047 646 1077 Diomedis
660 1055 762 1077 morte
775 1056 864 1078 erant
876 1050 1071 1079 narrationes
1081 1072 1089 1086 ‚
1106 1056 1256 1079 monente

49 1101 205 1132 Strabone
219 1102 241 1132 l.
259 1112 287 1132 c.
312 1113 344 1143 p.
363 1102 440 1138 436.
456 1103 504 1131 De
524 1104 621 1132 AEnea
646 1102 784 1143 cogitare
810 1091 878 1133 non
899 1099 974 1133 licet
991 1113 999 1134 ε
1019 1114 1092 1133 nam
1111 1114 1257 1145 congres-

52 1166 122 1185 sum
135 1166 207 1186 eum
223 1166 295 1186 cum
308 1155 463 1186 Diomede
477 1166 573 1187 nemo
584 1163 727 1186 veterum
738 1156 886 1194 tradidit,
898 1159 1050 1188 Pausania
1062 1164 1138 1188 teste
1150 1157 1207 1188 lib.
1223 1159 1254 1194 Ι,

59 1220 72 1239 1
82 1221 95 1240 1
114 1209 136 1241 f.

99 1267 209 1296 Unum
224 1265 327 1296 adhuc
349 1277 596 1297 commemorare
618 1267 708 1306 juvat
718 1289 727 1304 ‚
745 1266 834 1307 quod
847 1267 969 1297 Plinius
984 1266 1041 1297 lib.
1059 1268 1123 1298 XII
1135 1289 1143 1303 ‚
1163 1268 1181 1296 3
1196 1277 1254 1297 no-

54 1323 132 1351 tavit
142 1320 202 1362 (ex
215 1321 435 1362 Theophrasto
446 1324 487 1353 H.
505 1322 606 1352 Plant.
623 1322 671 1350 IV
682 1344 691 1358 ‚
709 1332 724 1359 7
737 1321 750 1362 )
762 1344 770 1358 ‚
781 1322 916 1361 primam
926 1321 1098 1360 platanum
1117 1321 1151 1350 in
1172 1320 1254 1350 hanc

55 1376 191 1406 insulam
207 1375 246 1405 ad
263 1375 426 1406 Diomedis
448 1376 610 1405 tumulum
625 1375 806 1405 ornandum
822 1374 914 1404 fuisse
934 1375 1091 1404 invectam
1103 1398 1110 1412 ‚
1130 1374 1205 1405 inde
1221 1376 1256 1405 in

55 1430 193 1462 Siciliam
204 1438 436 1470 transgressam,
449 1440 526 1460 mox
538 1429 637 1459 Italiae
651 1429 801 1460 donatam
815 1428 854 1459 ad
868 1429 940 1458 alias
954 1437 1051 1459 terras
1063 1431 1255 1470 pervenisse.

56 1487 221 1526 Quantum
234 1492 340 1515 tamen
349 1496 390 1514 ex
400 1484 586 1516 Cochorella
600 1484 788 1526 intelligitur
797 1508 805 1522 ‚
822 1495 861 1514 ex
877 1484 979 1514 insula
992 1484 1046 1514 iila
1063 1495 1149 1515 nunc
1163 1496 1257 1516 exsu-

57 1541 110 1572 lat.
125 1541 199 1572 Fuit
211 1541 322 1570 similis
338 1540 446 1570 fabula
461 1540 500 1569 de
519 1545 620 1579 myrto
634 1540 773 1581 primum
785 1540 819 1569 in
834 1539 1000 1580 Elpenoris
1014 1540 1139 1570 tumulo
1153 1547 1257 1577 enata3

59 1596 125 1626 vid.
141 1596 221 1626 Plin.
242 1597 321 1633 XV,
338 1606 364 1626 s.
381 1595 436 1625 36.
456 1597 529 1625 Late
545 1602 650 1625 autem
664 1593 827 1625 Diomedis
841 1605 959 1625 nomen
975 1605 1031 1635 per
1047 1595 1169 1624 Italiam
1185 1605 1256 1636 per-

61 1651 167 1680 tinuit.
181 1651 261 1680 Nam
276 1660 344 1679 non
361 1650 456 1690 Arpis
475 1649 581 1686 modo,
595 1649 650 1679 sed
668 1650 849 1690 Metaponti
859 1672 868 1685 ‚
883 1659 919 1678 ac
938 1649 1068 1679 Thuriis
1082 1659 1141 1690 pro
1159 1649 1256 1679 heroe

62 1703 168 1733 cultus
187 1702 305 1739 fertur,
328 1702 392 1732 vid.
411 1703 518 1734 Schol.
542 1703 670 1734 Pindari
688 1703 727 1733 ad
746 1705 838 1734 Nem.
861 1705 910 1740 X,
933 1713 984 1733 12.
1008 1703 1153 1733 Plurium
1172 1702 1257 1732 idem

61 1758 191 1788 urbium
204 1756 331 1786 habitus
344 1756 501 1793 conditor,
511 1764 548 1787 ut
557 1768 652 1799 supra
666 1764 949 1788 commemoratum
963 1763 1019 1786 est.
1031 1758 1070 1786 Et
1085 1764 1256 1787 monstrata

60 1817 183 1842 vetusta
199 1810 330 1841 donaria
348 1809 512 1839 Diomedis
525 1816 556 1839 et
569 1812 732 1840 sociorum
750 1820 834 1839 arma
847 1810 988 1839 Luceriae
1002 1810 1037 1838 in
1056 1808 1175 1849 templo
1192 1811 1258 1840 Mi-

62 1875 168 1896 nervae
184 1874 192 1894 ε
210 1863 311 1895 Strah.
327 1865 390 1900 VI,
414 1874 483 1905 pag.
504 1864 569 1899 434
590 1864 634 1900 C;
651 1870 682 1893 et
698 1870 810 1893 auctor
822 1853 939 1893 Mirab.
957 1864 1082 1893 Narrat.
1103 1873 1115 1892 1
1126 1873 1162 1901 17
1174 1885 1183 1900 ‚
1199 1862 1259 1893 ubi

64 1917 140 1962 ἱερὸν
151 1910 268 1953 Aen-mk
283 1909 402 1957 Ᾰχαιΐας
419 1924 484 1955 est;
498 1916 581 1947 idem
595 1927 644 1958 ap.
665 1916 778 1947 AElian.
797 1916 835 1946 de
853 1918 894 1947 H.
911 1917 951 1947 A.
967 1918 1032 1952 XI,
1049 1917 1068 1945 5
1084 1914 1112 1945 ἐν
1127 1918 1166 1957 τῇ
1180 1917 1259 1946 Δαυ-

64 1973 114 2017 νίᾳ
131 1972 205 2009 νεὼς
220 1975 274 2009 τῆς
290 1964 405 2007 iem&
421 1973 474 2007 τῆς
491 1965 622 2007 ἱλωὶδος.
637 1974 792 2012 Perpetua
810 1981 915 2001 comes
937 1970 1100 2001 Diomedis
1113 1972 1261 2002 Minerva

65 2035 103 2059 ut
116 2028 256 2069 Ulyssis;
272 2027 370 2058 factus
394 2037 524 2068 quoque
547 2026 600 2056 ille
624 2026 701 2056 dens
724 2037 781 2067 per
800 2024 955 2058 Palladem
974 2035 981 2055 :
1004 2025 1130 2056 Pindar.
1146 2027 1187 2057 N.
1206 2028 1259 2062 X,

70 2091 123 2111 12.
140 2083 286 2122 Torques
301 2091 414 2111 aureus
428 2081 463 2110 iu
482 2080 600 2121 templo
616 2080 726 2110 Dianae
745 2080 781 2109 in
803 2078 958 2109 Peucetiis
980 2079 1164 2109 servabatur
1179 2077 1258 2109 ibid.

66 2133 183 2164 Mirab.
198 2136 321 2166 Narrat.
335 2145 403 2175 cap.
428 2145 503 2165 120.
518 2133 615 2176 Quod
629 2144 703 2164 vero
722 2133 825 2163 multo
841 2134 934 2163 etiam
956 2134 1053 2175 magis
1068 2133 1207 2170 mireris,
1225 2134 1261 2162 in

66 2187 180 2218 intimo
195 2188 289 2218 Sinus
302 2187 456 2219 Adriatici
470 2196 592 2219 recessu
607 2188 690 2218 inter
707 2189 846 2217 Venetos
861 2186 899 2217 ad
909 2187 1074 2218 Timavum
1089 2186 1183 2216 fuisse
1199 2193 1261 2216 tra-
