1414 2435
588 96 706 128 CIRIS.

54 154 182 198 Quum
201 160 389 203 premeret
407 160 560 200 natura,
578 154 675 190 mori
695 165 754 189 me
774 150 869 189 velle
887 152 1040 202 negavi,

54 213 106 247 Ut
126 211 196 247 tibi
215 212 374 262 Corycio
394 213 642 262 glomerarem
661 212 833 249 flammea
850 212 942 248 luto.

56 273 143 316 Quo
161 284 260 308 nunc
278 285 356 318 me,
376 273 525 319 infelix,
545 281 609 309 aut
629 285 713 322 quae
732 285 791 308 me
807 271 963 307 numina
980 270 1151 307 servant?

54 334 113 366 An
130 331 248 368 nescis
259 359 268 377 ‚
285 345 360 381 qua
376 333 456 382 lege
475 333 594 382 patris
614 332 660 368 de
677 332 819 369 vertice
839 344 984 369 summo

53 388 163 425 Edita
182 391 374 428 candentis
394 400 576 441 praetexat
593 404 764 442 purpura
783 392 919 427 canos?

1198 394 1245 418 320

55 452 148 496 Quae
168 451 271 486 tenui
288 452 420 501 patriae
442 465 526 501 spes
546 452 593 488 sit
608 464 788 501 suspensa
808 450 966 500 capillo?

55 510 96 546 Si
115 511 254 557 nescis,
273 511 436 560 aliquam
455 524 609 562 possum
628 525 780 562 sperare
801 512 977 557 salutem,

55 570 178 607 Inscia
198 571 506 621 quandoquidem
521 573 641 609 scelus
661 585 699 608 es
720 580 855 608 conata
872 569 1089 606 nefandum.

58 629 124 665 Sin
145 638 216 676 est,
234 630 337 679 quod
356 641 502 678 metu03
521 644 591 680 per
610 644 689 676 me,
709 644 794 667 mea
811 631 977 675 alumna,
996 637 1178 676 tuumque

56 691 265 737 Expertum
283 690 409 727 multis
427 691 573 727 miserae
591 690 685 726 mihi
704 689 818 726 rebus
838 701 1023 734 amorem,

1204 694 1250 718 325

58 750 129 783 Per
145 760 224 793 me,
244 756 281 784 et
297 761 403 785 sacra
421 761 558 798 precor
577 761 646 797 per
662 748 816 784 numina
835 747 1015 795 Ilithyiae‚

58 809 115 843 Ne
134 816 277 844 tantum
298 808 337 844 in
354 809 497 845 facinus
519 816 592 844 tam
614 806 718 843 molli
735 816 859 843 mente
876 806 1054 855 sequaris.

57 868 143 902 Non
163 879 233 916 ego
251 876 287 903 te
307 867 476 916 incepto,
496 867 578 904 fieri
598 867 701 916 quod
720 880 796 903 non
814 874 921 916 pote,
943 878 1059 903 conor

58 926 227 962 Flectere
244 940 391 972 amore,
409 939 532 976 neque
551 935 606 963 est
623 939 709 962 cum
729 925 785 962 dis
806 926 1032 962 contendere
1050 934 1218 962 nostrum
1240 939 1248 960 :

61 985 135 1022 Sed
152 986 269 1035 patris
289 986 469 1022 incolumi
488 986 615 1035 potius
637 994 672 1021 te
690 984 836 1021 nubere
854 998 989 1035 regno,

1202 994 1250 1018 330

60 1048 186 1093 Atque
204 1046 349 1094 aliquos
370 1054 493 1082 tamen
515 1058 595 1081 esse
613 1045 706 1081 velis
726 1044 814 1090 tibi,
836 1045 1002 1091 alumna,
1023 1049 1189 1083 Penates.

59 1105 143 1140 Hoc
162 1117 278 1140 unum
291 1132 301 1150 ‚
322 1105 440 1141 exitio
459 1105 570 1141 docta
590 1112 702 1153 atque
722 1113 894 1153 experta,
914 1104 1088 1142 monebo.

61 1164 174 1209 Quod
192 1163 223 1200 si
240 1175 317 1199 non
333 1163 405 1199 alia
422 1163 564 1213 poteris
582 1163 728 1200 ratione
747 1172 941 1212 parentem

60 1225 229 1260 Flectere
249 1238 256 1260 :
278 1222 366 1273 (sed
386 1224 546 1273 poteris;
567 1223 659 1273 quid
678 1224 777 1260 enim
795 1237 871 1260 non
891 1223 1001 1260 unica
1021 1224 1183 1273 possis?)

61 1287 168 1320 Tunc
185 1283 311 1333 potius
331 1293 455 1320 tamen
474 1283 573 1333 ipsa,
593 1284 658 1332 pio
676 1297 761 1320 cum
774 1284 860 1333 jure
880 1283 1026 1328 licebit,

1205 1293 1252 1317 335

61 1347 189 1389 Quum
208 1344 295 1380 sacti
313 1356 482 1381 caussam
501 1352 725 1393 tempusque
745 1344 885 1381 doloris
905 1343 1081 1390 habebis,

61 1407 168 1440 Tunc
184 1404 311 1453 potius
331 1414 465 1440 conata
488 1412 552 1439 tua
572 1413 684 1452 atque
703 1404 852 1452 incepta
872 1404 1024 1440 referto.

60 1466 218 1512 Meque,
239 1464 404 1512 deosque
424 1462 493 1498 tibi
510 1463 683 1507 comites,
704 1475 788 1499 mea
807 1463 973 1508 alumna,
992 1463 1139 1499 futuros

61 1523 245 1559 Polliceor
264 1537 271 1558 :
290 1521 384 1558 nihil
402 1531 474 1570 est,
495 1521 599 1571 quod
622 1530 724 1559 texas
743 1522 895 1569 ordine,
912 1522 1077 1570 longum.
1096 1538 1111 1553 »

63 1653 93 1676 et
110 1648 176 1686 ipsa
195 1647 233 1676 ad
246 1657 393 1677 somnum
411 1649 560 1686 invitata,
576 1648 631 1678 sed

63 1694 275 1732 nequicquam
287 1694 300 1721 Ρ
339 1695 440 1732 Quum
473 1702 633 1733 premeret

64 1746 198 1773 natura,
217 1744 363 1767 senectus
380 1739 510 1768 moleste
524 1749 631 1779 grava-

64 1791 122 1815 ret.
155 1785 202 1814 De
226 1784 404 1826 flammeo,
442 1791 545 1821 veste,
576 1795 630 1815 sen

62 1830 134 1860 velo
150 1841 184 1860 ac
200 1831 354 1869 tegmine,
371 1840 434 1870 quo
448 1840 540 1860 novae
553 1841 632 1870 nup-

62 1883 103 1906 ¹ae
125 1875 346 1913 nubebantur,
369 1886 470 1915 eoque
488 1875 562 1905 ssavi
580 1887 632 1905 co-

63 1922 156 1960 loris,
172 1929 247 1952 nota
263 1928 338 1951 sunt
360 1922 476 1951 omnia.
497 1923 629 1958 Lutum,

63 1967 177 2005 herba,
200 1969 291 2005 cujus
318 1978 414 1997 succo
441 1966 632 1997 inficiuntur

64 2020 175 2043 vestes.
194 2013 373 2052 Corycium,
395 2024 412 2043 a
436 2014 560 2054 Coryco
577 2014 629 2043 Ci-

65 2058 146 2088 liciae
166 2067 290 2097 monte,
316 2070 426 2096 croco,
450 2061 502 2089 cui
520 2059 630 2099 similis

66 2104 170 2134 luteus
187 2106 275 2135 color
295 2113 357 2143 est,
382 2106 549 2136 celebrato.
571 2104 632 2136 Sed

63 2150 242 2190 glomerare
264 2153 342 2181 mire
364 2152 482 2182 dictum
507 2159 552 2181 est
573 2161 632 2191 pro

67 2202 172 2226 texere
204 2205 211 2225 :
241 2199 367 2237 proprie
404 2205 449 2228 est
486 2198 632 2239 colligere

684 1646 757 1685 fila,
780 1659 851 1689 quae
874 1658 936 1689 pro
959 1648 1090 1678 stamine
1120 1653 1254 1677 texturae

683 1695 757 1725 sint.

732 1741 809 1774 334.
842 1738 929 1777 Quid
953 1738 1037 1767 enim
1066 1748 1129 1766 non
1157 1737 1252 1767 unica

679 1785 780 1825 possis
788 1787 805 1813 ‚³
821 1794 920 1823 quum
942 1784 1034 1812 unica
1056 1784 1098 1812 sis
1117 1781 1193 1813 filia.
1207 1801 1254 1807 —

687 1831 764 1860 335.
793 1829 852 1859 Pio
881 1839 950 1858 cum
972 1828 1043 1867 jure
1074 1828 1196 1864 licebit,
1228 1831 1253 1859 si

684 1886 796 1916 parens
828 1875 988 1916 negaverit
1018 1875 1144 1914 nuptias
1181 1884 1254 1904 cum

684 1924 794 1952 Minoe
808 1920 972 1951 ineundas.
990 1938 1034 1943 --
1051 1922 1186 1960 Tempus
1201 1921 1255 1949 do-

684 1968 773 2003 loris,
791 1978 891 2008 quum
909 1974 1033 2007 tempus
1052 1966 1182 1996 dolendi
1197 1966 1252 1995 ha-

684 2013 774 2044 bebis
781 2016 902 2052 justum
911 2036 918 2050 ‚
933 2013 1074 2052 adeoque
1085 2013 1154 2050 erit,
1165 2013 1252 2053 quod

684 2058 806 2096 doleas,
831 2060 951 2099 negatis
975 2069 991 2088 a
1014 2065 1103 2098 patre
1121 2059 1251 2098 nuptiis.

685 2123 732 2129 -
759 2105 885 2146 Refer-co
911 2116 922 2134 .·
946 2106 1061 2135 iterum
1085 2105 1252 2135 consilium

684 2151 747 2181 hoc
771 2158 946 2181 extremum
969 2150 1127 2181 resecandi
1149 2151 1253 2191 capilli

687 2199 778 2238 patrii
805 2208 932 2235 revoca,
962 2203 1077 2238 repete.
1101 2215 1146 2221 —-
1176 2198 1249 2236 339.
