1414 2435
491 58 752 89 CATALECTA.
1162 62 1225 99 395

568 153 672 187 VIII.

301 303 351 326 DE
370 302 502 327 summ
519 303 681 327 Pmoun
701 304 945 328 cunnum.

81 431 244 469 Sabinus
261 431 341 478 ille,
361 444 473 481 quem
491 431 646 478 videtis,
665 431 852 482 hospites,

79 492 144 528 Ait
162 492 275 529 fuisse
294 491 410 528 mulio
428 491 664 538 celerrimus3

79 552 212 599 Neque
230 550 341 587 ullius
361 549 522 587 volantis
541 551 724 600 impetum
745 549 813 586 cisi

78 611 262 660 Nequisse
281 610 476 661 praeterire
496 624 503 645 :
522 610 601 647 sive
620 612 817 646 Mantuam

80 671 187 720 Opus
208 670 305 707 foret
322 670 471 715 volare,
489 669 568 706 sive
587 669 766 705 Brixiam.
1212 678 1225 700 ⁵

77 731 210 779 Neque
227 730 300 766 hoc
316 738 427 779 negat
443 728 659 779 Tryphonis
680 728 804 765 aemuli
822 727 954 764 domus

78 791 226 839 Negare
241 790 426 835 nobilem,
446 790 654 826 insulamve
675 787 813 825 Caeruli
833 801 841 822 :

78 848 156 885 Ubi
174 849 259 895 iste,
280 858 366 899 post
386 849 566 895 Sabinus,
588 857 676 885 ante
696 848 875 894 Quinctio

77 907 233 944 Bidente
251 909 342 945 dicit
361 907 575 946 adtondisse
593 907 722 944 forfice

77 968 232 1003 Comata
252 967 365 1013 colla,
386 981 509 1017 nequa
527 966 742 1012 sordidum,
758 966 851 1015 jugo

78 1029 290 1072 Premente,
310 1027 406 1064 dura
423 1027 557 1064 volnus
578 1026 707 1063 ederet
721 1025 826 1075 juba.

76 1085 261 1120 Cremona
284 1085 439 1134 frigida,
459 1094 496 1120 et
514 1086 638 1121 lutosa
658 1084 798 1128 Gallia,

78 1141 166 1178 Tibi
185 1143 264 1179 haec
284 1143 414 1189 fuisse,
437 1151 474 1180 et
493 1156 591 1188 esse,
612 1142 866 1191 cognitissima

78 1201 142 1237 Ait
162 1200 342 1247 Sabinus3
358 1202 490 1237 ultima
509 1214 555 1237 ex
575 1201 722 1248 origine

76 1262 157 1297 Tua
177 1260 321 1298 stetisse
339 1260 430 1298 dicit
447 1261 486 1297 in
504 1259 704 1309 voragine,
1194 1267 1221 1290 15

78 1322 160 1355 Tua
179 1320 218 1355 in
236 1320 374 1369 palude
394 1319 611 1369 deposuisse
628 1316 811 1362 sarcinas,

77 1380 124 1414 Et
141 1378 228 1414 inde
248 1387 304 1415 tot
323 1391 392 1428 per
411 1378 579 1415 orbitosa
599 1377 716 1413 millia

76 1440 215 1486 Jugum
235 1437 362 1473 tulisse
382 1451 388 1472 :
411 1437 520 1481 laeva,
541 1436 620 1472 sive
641 1435 815 1479 dextera,

77 1496 244 1546 Strigare
264 1496 400 1541 mulas,
420 1496 499 1532 sive
515 1495 706 1545 utrimque
728 1500 901 1541 coeperat.

77 1558 210 1604 Neque
230 1555 302 1591 ulla
323 1563 413 1592 vota
432 1553 663 1592 semitalibus
683 1552 761 1588 deis
1191 1566 1220 1582 ιο

78 1613 161 1651 Sibi
179 1627 258 1651 esse
281 1614 396 1660 facta,
417 1622 574 1664 propter
593 1613 666 1649 hoc
686 1610 948 1654 novissimum,

77 1675 237 1709 Paterna
257 1673 354 1718 lora,
376 1673 668 1722 proximumque
686 1669 885 1721 pectinem.

79 1732 154 1769 Sed
173 1731 254 1769 haec
273 1732 378 1782 prius
399 1732 522 1777 fuere3
542 1745 642 1768 nunc
661 1730 829 1768 eburnea

79 1790 268 1840 Sedetque
284 1790 391 1836 sede,
411 1803 524 1840 seque
543 1790 691 1826 dedicat
709 1788 798 1831 tibi,

80 1851 246 1888 Gemelle
267 1852 415 1897 Castor,
437 1858 474 1887 et
495 1849 659 1887 Gemelle
679 1846 854 1886 Castoris.
1188 1853 1218 1877 25

259 2007 350 2035 vm.
645 2013 678 2032 re
695 2013 711 2031 a
727 2003 862 2032 Marone
881 1999 1057 2040 profectum
1072 1998 1128 2034 sit,
1148 2008 1215 2039 gra—

647 2050 766 2078 viorem
795 2053 971 2081 auctorem,
1006 2054 1101 2083 quam
1127 2053 1215 2079 eum,

75 2097 278 2127 Virulentum
305 2096 368 2126 hoc
398 2096 531 2125 alterum
560 2096 595 2124 in
648 2094 703 2134 qui
727 2093 882 2123 catalecta
905 2090 1047 2130 collegit,
1069 2100 1133 2120 non
1163 2089 1217 2118 ha-

29 2154 101 2174 eum
112 2143 273 2173 hominem
287 2143 475 2183 epigramma
491 2151 532 2170 an
545 2151 596 2171 ve·
649 2140 770 2169 bemus.
