1414 2435
121 77 183 112 384

483 77 518 106 P.
542 75 728 106 VIRGILII
751 73 947 106 MARONIS

117 136 203 171 Non
222 133 314 170 mihi
330 133 407 183 jam
427 133 558 183 pingui
575 132 766 169 sudabunt
786 141 958 182 tempora
974 131 1146 182 myrrha,

117 192 293 229 Pronuba
310 206 378 230 nec
395 201 516 230 castos
534 192 719 229 adcendet
737 193 849 242 pinus
867 192 1022 239 odores,

118 255 197 289 Nec
216 253 332 303 Libys
351 254 507 303 Assyrio
527 261 716 290 sternetur
734 253 893 290 lectulus
912 262 1027 290 ostro.
1261 261 1310 288 4⁴0

116 314 253 363 Magna
271 326 431 363 queror3
448 327 518 350 nec
538 322 575 350 et
594 313 656 349 illa
673 313 828 362 quidem
847 313 1056 350 communis
1076 312 1225 349 alumna

117 372 303 411 Omnibus
319 374 456 424 injecta
475 374 583 410 tellus
601 372 804 409 tumulabit
819 385 943 409 arena.

115 435 227 469 Mene
242 434 341 470 inter
359 433 534 479 comites,
555 433 851 481 ancillarumque
871 441 1041 469 catervas

114 493 226 529 Mene
247 493 337 530 alias
354 493 470 539 inter,
492 493 719 529 famularum
737 505 894 528 munere
914 491 1038 541 fungi,

114 551 291 600 Conjugis
309 561 422 601 atque
443 562 535 598 tuae,
555 565 804 602 quaecumque
824 552 897 588 erit
915 551 996 597 illa,
1015 550 1137 588 beatae
1260 560 1309 589 445

111 612 197 646 Non
211 612 323 651 licuit
343 611 519 661 gravidos
539 625 657 662 penso
676 613 878 649 devolvere
896 612 1022 649 fusos?

113 673 163 706 At
181 670 271 707 belli
292 672 422 708 saltem
441 673 629 722 captivam
647 673 728 722 lege
746 685 928 709 necasses.

112 732 195 765 Jam
215 730 320 766 fessae
341 731 490 767 tandem
511 732 660 781 fugiunt
677 732 723 768 de
743 745 904 781 corpore
922 731 1042 777 vires,

112 791 158 824 Et
178 798 291 839 caput
308 789 446 826 inflexa
467 791 610 826 lentum
631 792 777 827 cervice
796 791 1004 836 recumbit3

111 852 328 885 Marmorea
346 850 595 898 adductisque
612 849 809 887 labascunt
828 850 985 887 brachia
1004 851 1123 887 nodis.
1260 861 1309 890 450

111 911 311 958 AEquoreae
329 919 469 959 pestes,
489 911 654 947 inmania
673 924 836 960 corpora
855 911 983 960 ponti,

112 968 290 1017 Undique
307 970 556 1016 conveniunt,
577 978 614 1006 et
634 971 767 1019 glauco
784 972 824 1007 in
844 971 992 1021 gurgite
1012 971 1154 1008 circum

112 1027 280 1064 Verbere
298 1028 503 1065 caudarum
522 1038 635 1078 atque
654 1030 730 1067 oris
749 1031 972 1068 minitantur
990 1031 1109 1067 hiatu.

109 1092 192 1125 Jam
215 1089 365 1126 tandem
384 1103 490 1127 casus
508 1089 723 1136 hominum,
740 1091 818 1140 jam
836 1091 1003 1140 respice,
1023 1091 1159 1127 Minos.

112 1149 169 1185 Sit
187 1149 275 1186 satis
295 1149 386 1195 hoc,
409 1157 553 1186 tantum
574 1150 690 1187 solam
711 1151 849 1188 vidisse
869 1152 1055 1188 malorum
1074 1166 1081 1187 :
1256 1160 1306 1188 ⁴5⁵

109 1209 177 1245 Vel
198 1210 275 1246 sato
295 1210 409 1247 fuerit
428 1210 537 1247 nobis
558 1210 638 1247 haec
657 1211 785 1248 debita
804 1213 938 1261 pestis,

110 1270 179 1305 Vel
199 1283 287 1306 casu
307 1271 476 1319 incepto,
496 1271 630 1306 merita
646 1271 705 1307 vel
727 1271 890 1320 denique
910 1270 1032 1320 culpa.

109 1329 247 1365 Omnia
265 1342 350 1365 nam
370 1329 514 1377 potius,
535 1342 647 1377 quam
670 1339 705 1365 te
724 1330 879 1374 laesisse,
900 1328 1055 1378 putabo.
1080 1345 1094 1359 »
1146 1323 1150 1326 ”

161 1387 321 1424 Labitur
340 1388 483 1423 interea
504 1389 677 1423 revoluta
697 1387 744 1424 ab
764 1387 875 1424 litore
891 1388 1036 1434 classis,

108 1448 246 1497 Magna
264 1447 462 1497 repentino
480 1447 678 1484 sinuantur
694 1447 809 1485 lintea
828 1450 944 1496 Coro,
1255 1459 1304 1488 460

156 1628 220 1663 438
238 1644 283 1650 —-
301 1633 377 1663 440.
409 1628 461 1658 Ad
495 1630 679 1668 nuptiarum

109 1674 261 1704 sollennia
279 1674 496 1711 referendum,
517 1675 635 1715 quibus
648 1686 679 1705 se

108 1731 195 1749 nunc
239 1721 393 1760 privatam
443 1722 652 1761 conqueritur
669 1733 678 1759 ;

107 1776 220 1806 sponsa
256 1768 444 1807 perungitur
474 1777 482 1797 :
517 1767 604 1796 taedae
632 1768 680 1798 lu-

107 1819 178 1841 cent
198 1821 205 1842 :
231 1823 412 1853 purpureus
434 1819 539 1843 storns
566 1815 679 1844 sterni-

110 1865 178 1895 tur,
211 1857 242 1888 h.
273 1870 300 1889 (¹.
328 1860 421 1888 vestis
457 1870 617 1900 purpurea
645 1862 679 1890 in

110 1904 225 1934 citrino
240 1905 332 1935 lecto.
349 1907 427 1935 Nam
447 1906 556 1944 Lily-s.
583 1907 678 1948 Liby-

115 1961 185 1987 cus,
208 1951 321 1987 lectus,
350 1959 383 1981 ut
403 1951 550 1990 Libycum
569 1961 681 1992 pecten

112 2007 180 2036 sup.
205 2008 215 2026 1
226 2008 277 2036 79,
293 1997 467 2027 eburneum
483 1999 530 2028 νυ]
545 1999 681 2029 lotinuin

114 2043 161 2070 vel
182 2044 325 2074 vitreum.
350 2046 435 2074 Ante
454 2045 563 2075 oculos
579 2052 681 2075 nutem

114 2087 221 2117 habuit
239 2097 329 2129 poeta
347 2091 460 2121 Catull.
482 2093 603 2130 Lxm,
621 2093 678 2130 43,

115 2134 156 2169 [08
170 2156 178 2169 9
201 2140 252 2174 4¹)-

162 2185 238 2216 [042.
267 2183 431 2224 Comparat
458 2184 593 2226 Scaliger
621 2186 678 2216 Ca-

734 1630 803 1660 tull.
818 1629 954 1671 Epithal.
972 1628 1098 1660 Thetid.
1122 1629 1181 1660 153
1201 1640 1304 1671 neque

734 1677 851 1717 injecta
866 1676 1045 1706 tumulabor
1057 1683 1181 1705 mortua
1198 1684 1282 1706 terra
1291 1687 1304 1706 .·

733 1730 764 1753 ct
788 1733 861 1752 cum
886 1734 953 1763 sqq.
979 1733 1024 1752 vs.
1049 1721 1127 1753 ibid.
1154 1722 1214 1752 158
1234 1733 1302 1764 sqq.

783 1770 859 1805 458.
878 1771 950 1799 Non
969 1769 1129 1810 vulgarem
1151 1769 1304 1810 magnino

733 1816 875 1856 generosi
889 1815 1003 1845 amoris
1017 1825 1144 1845 sensum
1159 1815 1304 1845 redhibet

734 1862 785 1891 hic
804 1872 922 1892 Vt‘rsUS.
944 1862 1071 1899 Iujuriae
1088 1862 1229 1902 culpam,
1244 1862 1302 1891 etsi

736 1915 798 1937 tani
822 1908 952 1949 indigne
977 1907 1016 1937 ab
1041 1915 1162 1938 amante
1177 1906 1301 1944 habita,

737 1962 839 1984 tamen
866 1954 1070 1994 deprecatur,
1098 1960 1129 1983 et
1147 1953 1187 1983 ab
1212 1963 1250 1983 eo
1267 1955 1301 1984 in

735 2000 871 2041 quodvis
886 2000 972 2034 aliud
992 1999 1136 2029 transfert
1153 2009 1161 2030 :
1180 2000 1301 2040 putabo

735 2048 840 2077 onmia
858 2047 964 2087 potius
988 2046 1101 2075 laesisse
1122 2056 1186 2082 ine,
1210 2056 1299 2076 caus-

734 2105 816 2131 sam,
845 2103 902 2122 cur
937 2092 1048 2121 infelix
1080 2093 1155 2129 siin,
1187 2091 1298 2129 fuisse,

734 2150 828 2180 quani
845 2146 873 2169 te
889 2139 1000 2171 laesisse
1016 2149 1081 2176 me,
1093 2137 1155 2168 hoc
1168 2144 1229 2174 est,
1245 2144 1300 2168 tna

734 2185 844 2217 fraude
858 2191 889 2217 et
903 2184 1017 2215 scelere
1035 2185 1097 2215 hoc
1111 2185 1240 2215 factum.
