<?xml version="1.0" encoding="UTF-8"?>
<!DOCTYPE html PUBLIC "-//W3C//DTD XHTML 1.0 Transitional//EN"
    "http://www.w3.org/TR/xhtml1/DTD/xhtml1-transitional.dtd">
<html xmlns="http://www.w3.org/1999/xhtml" xml:lang="en" lang="en">
 <head>
  <title>
</title>
<meta http-equiv="Content-Type" content="text/html;charset=utf-8" />
  <meta name='ocr-system' content='tesseract 3.04.00' />
  <meta name='ocr-capabilities' content='ocr_page ocr_carea ocr_par ocr_line ocrx_word'/>
</head>
<body>
  <div class='ocr_page' id='page_1' title='image "./operahey04virguoft_0307.png"; bbox 0 0 1414 2435; ppageno 0'>
   <div class='ocr_carea' id='block_1_1' title="bbox 568 92 792 121">
    <p class='ocr_par' dir='ltr' id='par_1_1' title="bbox 568 92 792 121">
     <span class='ocr_line' id='line_1_1' title="bbox 568 92 792 121; baseline -0.009 0"><span class='ocrx_word' id='word_1_1' title='bbox 568 92 692 121; x_wconf 85' lang='lat' dir='ltr'>LIBER</span> <span class='ocrx_word' id='word_1_2' title='bbox 716 92 792 121; x_wconf 82' lang='lat' dir='ltr'>XII.</span> 
     </span>
    </p>
   </div>
   <div class='ocr_carea' id='block_1_2' title="bbox 1231 99 1294 131">
    <p class='ocr_par' dir='ltr' id='par_1_2' title="bbox 1231 99 1294 131">
     <span class='ocr_line' id='line_1_2' title="bbox 1231 99 1294 131; baseline -0.048 0"><span class='ocrx_word' id='word_1_3' title='bbox 1231 99 1294 131; x_wconf 70' lang='lat'>²97·</span> 
     </span>
    </p>
   </div>
   <div class='ocr_carea' id='block_1_3' title="bbox 93 150 1105 382">
    <p class='ocr_par' dir='ltr' id='par_1_3' title="bbox 93 150 1105 382">
     <span class='ocr_line' id='line_1_3' title="bbox 93 150 1062 200; baseline -0.002 -11"><span class='ocrx_word' id='word_1_4' title='bbox 93 157 198 200; x_wconf 84' lang='lat' dir='ltr'>Quas</span> <span class='ocrx_word' id='word_1_5' title='bbox 218 161 253 189; x_wconf 85' lang='lat' dir='ltr'>et</span> <span class='ocrx_word' id='word_1_6' title='bbox 272 154 491 188; x_wconf 83' lang='lat' dir='ltr'>Tartaream</span> <span class='ocrx_word' id='word_1_7' title='bbox 508 151 597 186; x_wconf 83' lang='lat' dir='ltr'>Nox</span> <span class='ocrx_word' id='word_1_8' title='bbox 614 150 840 198; x_wconf 86' lang='lat' dir='ltr'>intempesta</span> <span class='ocrx_word' id='word_1_9' title='bbox 857 151 1062 199; x_wconf 79' lang='lat' dir='ltr'>Megaeram</span> 
     </span>
     <span class='ocr_line' id='line_1_4' title="bbox 94 209 1105 262; baseline -0.004 -11"><span class='ocrx_word' id='word_1_10' title='bbox 94 217 181 252; x_wconf 88' lang='lat' dir='ltr'>Uno</span> <span class='ocrx_word' id='word_1_11' title='bbox 201 213 408 262; x_wconf 88' lang='lat' dir='ltr'>eodemque</span> <span class='ocrx_word' id='word_1_12' title='bbox 428 210 515 248; x_wconf 89' lang='lat' dir='ltr'>tulit</span> <span class='ocrx_word' id='word_1_13' title='bbox 534 219 665 260; x_wconf 81' lang='lat' dir='ltr'>partu,</span> <span class='ocrx_word' id='word_1_14' title='bbox 687 209 921 260; x_wconf 86' lang='lat' dir='ltr'>paribusque</span> <span class='ocrx_word' id='word_1_15' title='bbox 940 211 1105 247; x_wconf 75' lang='lat' dir='ltr'>revinxit</span> 
     </span>
     <span class='ocr_line' id='line_1_5' title="bbox 95 270 1020 324; baseline -0.004 -12"><span class='ocrx_word' id='word_1_16' title='bbox 95 278 322 324; x_wconf 83' lang='lat' dir='ltr'>Serpentum</span> <span class='ocrx_word' id='word_1_17' title='bbox 342 271 475 321; x_wconf 88' lang='lat' dir='ltr'>spiris,</span> <span class='ocrx_word' id='word_1_18' title='bbox 494 280 746 320; x_wconf 79' lang='lat' dir='ltr'>ventosasque</span> <span class='ocrx_word' id='word_1_19' title='bbox 767 270 914 307; x_wconf 83' lang='lat' dir='ltr'>addidit</span> <span class='ocrx_word' id='word_1_20' title='bbox 934 271 1020 308; x_wconf 87' lang='lat' dir='ltr'>alas.</span> 
     </span>
     <span class='ocr_line' id='line_1_6' title="bbox 95 331 1057 382; baseline -0.004 -9"><span class='ocrx_word' id='word_1_21' title='bbox 95 339 163 374; x_wconf 88' lang='lat' dir='ltr'>Hae</span> <span class='ocrx_word' id='word_1_22' title='bbox 182 334 286 372; x_wconf 87' lang='lat' dir='ltr'>Jovis</span> <span class='ocrx_word' id='word_1_23' title='bbox 306 332 355 370; x_wconf 88' lang='lat' dir='ltr'>ad</span> <span class='ocrx_word' id='word_1_24' title='bbox 374 332 528 378; x_wconf 90' lang='lat' dir='ltr'>solium,</span> <span class='ocrx_word' id='word_1_25' title='bbox 548 332 714 381; x_wconf 83' lang='lat' dir='ltr'>saevique</span> <span class='ocrx_word' id='word_1_26' title='bbox 731 331 767 368; x_wconf 85' lang='lat' dir='ltr'>in</span> <span class='ocrx_word' id='word_1_27' title='bbox 789 331 918 369; x_wconf 86' lang='lat' dir='ltr'>limine</span> <span class='ocrx_word' id='word_1_28' title='bbox 939 332 1057 382; x_wconf 83' lang='lat' dir='ltr'>regis,</span> 
     </span>
    </p>
   </div>
   <div class='ocr_carea' id='block_1_4' title="bbox 95 391 1101 445">
    <p class='ocr_par' dir='ltr' id='par_1_4' title="bbox 95 391 1101 445">
     <span class='ocr_line' id='line_1_7' title="bbox 95 391 1101 445; baseline -0.003 -14"><span class='ocrx_word' id='word_1_29' title='bbox 95 395 306 445; x_wconf 86' lang='lat' dir='ltr'>Adparent,</span> <span class='ocrx_word' id='word_1_30' title='bbox 329 402 546 441; x_wconf 83' lang='lat' dir='ltr'>acuuntque</span> <span class='ocrx_word' id='word_1_31' title='bbox 567 400 710 428; x_wconf 88' lang='lat' dir='ltr'>metum</span> <span class='ocrx_word' id='word_1_32' title='bbox 728 391 952 429; x_wconf 82' lang='lat' dir='ltr'>mortalibus</span> <span class='ocrx_word' id='word_1_33' title='bbox 974 392 1101 442; x_wconf 79' lang='lat' dir='ltr'>aegris,</span> 
     </span>
    </p>
   </div>
   <div class='ocr_carea' id='block_1_5' title="bbox 1251 400 1300 423">
    <p class='ocr_par' dir='ltr' id='par_1_5' title="bbox 1251 400 1300 423">
     <span class='ocr_line' id='line_1_8' title="bbox 1251 400 1300 423; baseline -0.041 0"><span class='ocrx_word' id='word_1_34' title='bbox 1251 400 1300 423; x_wconf 77' lang='lat'>850</span> 
     </span>
    </p>
   </div>
   <div class='ocr_carea' id='block_1_6' title="bbox 95 452 1157 686">
    <p class='ocr_par' dir='ltr' id='par_1_6' title="bbox 95 452 1157 562">
     <span class='ocr_line' id='line_1_9' title="bbox 95 452 1157 505; baseline -0.005 -12"><span class='ocrx_word' id='word_1_35' title='bbox 95 457 134 494; x_wconf 94' lang='lat' dir='ltr'>Si</span> <span class='ocrx_word' id='word_1_36' title='bbox 151 454 304 505; x_wconf 88' lang='lat' dir='ltr'>quando</span> <span class='ocrx_word' id='word_1_37' title='bbox 324 454 442 491; x_wconf 86' lang='lat' dir='ltr'>letum</span> <span class='ocrx_word' id='word_1_38' title='bbox 460 453 684 489; x_wconf 84' lang='lat' dir='ltr'>horrificum</span> <span class='ocrx_word' id='word_1_39' title='bbox 705 452 936 502; x_wconf 86' lang='lat' dir='ltr'>morbosque</span> <span class='ocrx_word' id='word_1_40' title='bbox 957 453 1070 489; x_wconf 88' lang='lat' dir='ltr'>deum</span> <span class='ocrx_word' id='word_1_41' title='bbox 1091 465 1157 488; x_wconf 80' lang='lat' dir='ltr'>rex</span> 
     </span>
     <span class='ocr_line' id='line_1_10' title="bbox 96 513 960 562; baseline -0.003 -9"><span class='ocrx_word' id='word_1_42' title='bbox 96 516 273 562; x_wconf 86' lang='lat' dir='ltr'>Molitur‚</span> <span class='ocrx_word' id='word_1_43' title='bbox 294 515 447 552; x_wconf 84' lang='lat' dir='ltr'>meritas</span> <span class='ocrx_word' id='word_1_44' title='bbox 467 523 532 550; x_wconf 85' lang='lat' dir='ltr'>aut</span> <span class='ocrx_word' id='word_1_45' title='bbox 551 513 652 550; x_wconf 89' lang='lat' dir='ltr'>bello</span> <span class='ocrx_word' id='word_1_46' title='bbox 671 513 821 550; x_wconf 84' lang='lat' dir='ltr'>territat</span> <span class='ocrx_word' id='word_1_47' title='bbox 841 513 960 551; x_wconf 86' lang='lat' dir='ltr'>urbis.</span> 
     </span>
    </p>

    <p class='ocr_par' dir='ltr' id='par_1_7' title="bbox 97 573 1127 686">
     <span class='ocr_line' id='line_1_11' title="bbox 97 573 1127 614; baseline -0.005 0"><span class='ocrx_word' id='word_1_48' title='bbox 97 579 243 614; x_wconf 85' lang='lat' dir='ltr'>Harum</span> <span class='ocrx_word' id='word_1_49' title='bbox 261 588 376 612; x_wconf 83' lang='lat' dir='ltr'>unam</span> <span class='ocrx_word' id='word_1_50' title='bbox 396 575 559 611; x_wconf 88' lang='lat' dir='ltr'>celerem</span> <span class='ocrx_word' id='word_1_51' title='bbox 578 574 729 611; x_wconf 87' lang='lat' dir='ltr'>demisit</span> <span class='ocrx_word' id='word_1_52' title='bbox 749 573 797 610; x_wconf 85' lang='lat' dir='ltr'>ab</span> <span class='ocrx_word' id='word_1_53' title='bbox 818 574 959 610; x_wconf 88' lang='lat' dir='ltr'>aethere</span> <span class='ocrx_word' id='word_1_54' title='bbox 980 586 1127 610; x_wconf 86' lang='lat' dir='ltr'>summo</span> 
     </span>
     <span class='ocr_line' id='line_1_12' title="bbox 99 633 1118 686; baseline -0.004 -13"><span class='ocrx_word' id='word_1_55' title='bbox 99 636 295 686; x_wconf 88' lang='lat' dir='ltr'>Juppiter,</span> <span class='ocrx_word' id='word_1_56' title='bbox 315 635 431 684; x_wconf 88' lang='lat' dir='ltr'>inque</span> <span class='ocrx_word' id='word_1_57' title='bbox 452 647 564 671; x_wconf 88' lang='lat' dir='ltr'>omen</span> <span class='ocrx_word' id='word_1_58' title='bbox 584 637 605 671; x_wconf 89' lang='lat' dir='ltr'><strong>J</strong></span> <span class='ocrx_word' id='word_1_59' title='bbox 609 643 757 670; x_wconf 84' lang='lat' dir='ltr'>uturnae</span> <span class='ocrx_word' id='word_1_60' title='bbox 777 646 981 670; x_wconf 88' lang='lat' dir='ltr'>occurrere</span> <span class='ocrx_word' id='word_1_61' title='bbox 996 633 1118 683; x_wconf 86' lang='lat' dir='ltr'>jussit.</span> 
     </span>
    </p>
   </div>
   <div class='ocr_carea' id='block_1_7' title="bbox 100 693 1085 745">
    <p class='ocr_par' dir='ltr' id='par_1_8' title="bbox 100 693 1085 745">
     <span class='ocr_line' id='line_1_13' title="bbox 100 693 1085 745; baseline -0.003 -12"><span class='ocrx_word' id='word_1_62' title='bbox 100 698 167 734; x_wconf 87' lang='lat' dir='ltr'>Illa</span> <span class='ocrx_word' id='word_1_63' title='bbox 187 697 308 744; x_wconf 79' lang='lat' dir='ltr'>volat,</span> <span class='ocrx_word' id='word_1_64' title='bbox 329 695 518 745; x_wconf 89' lang='lat' dir='ltr'>celerique</span> <span class='ocrx_word' id='word_1_65' title='bbox 538 694 585 731; x_wconf 85' lang='lat' dir='ltr'>ad</span> <span class='ocrx_word' id='word_1_66' title='bbox 604 703 745 731; x_wconf 84' lang='lat' dir='ltr'>terram</span> <span class='ocrx_word' id='word_1_67' title='bbox 764 693 916 731; x_wconf 86' lang='lat' dir='ltr'>turbine</span> <span class='ocrx_word' id='word_1_68' title='bbox 935 693 1057 731; x_wconf 86' lang='lat' dir='ltr'>fertur</span> <span class='ocrx_word' id='word_1_69' title='bbox 1075 708 1085 729; x_wconf 71' lang='grc' dir='ltr'>ε</span> 
     </span>
    </p>
   </div>
   <div class='ocr_carea' id='block_1_8' title="bbox 103 833 708 2263">
    <p class='ocr_par' dir='ltr' id='par_1_9' title="bbox 103 833 699 2114">
     <span class='ocr_line' id='line_1_14' title="bbox 106 833 678 876; baseline -0.005 -11"><span class='ocrx_word' id='word_1_70' title='bbox 106 846 146 876; x_wconf 85' lang='lat' dir='ltr'>go</span> <span class='ocrx_word' id='word_1_71' title='bbox 173 841 262 864; x_wconf 86' lang='lat' dir='ltr'>erat:</span> <span class='ocrx_word' id='word_1_72' title='bbox 285 835 368 864; x_wconf 87' lang='lat' dir='ltr'>Sunt</span> <span class='ocrx_word' id='word_1_73' title='bbox 394 839 456 862; x_wconf 86' lang='lat' dir='ltr'>tres</span> <span class='ocrx_word' id='word_1_74' title='bbox 479 833 576 863; x_wconf 84' lang='lat' dir='ltr'>Dirae.</span> <span class='ocrx_word' id='word_1_75' title='bbox 595 834 678 863; x_wconf 87' lang='lat' dir='ltr'>Tum</span> 
     </span>
     <span class='ocr_line' id='line_1_15' title="bbox 104 880 677 919; baseline -0.003 -9"><span class='ocrx_word' id='word_1_76' title='bbox 104 892 205 911; x_wconf 87' lang='lat' dir='ltr'>unum</span> <span class='ocrx_word' id='word_1_77' title='bbox 247 885 371 909; x_wconf 81' lang='lat' dir='ltr'>tantum</span> <span class='ocrx_word' id='word_1_78' title='bbox 410 889 529 909; x_wconf 90' lang='lat' dir='ltr'>nomen</span> <span class='ocrx_word' id='word_1_79' title='bbox 565 880 677 919; x_wconf 84' lang='lat' dir='ltr'>ponit3</span> 
     </span>
     <span class='ocr_line' id='line_1_16' title="bbox 103 925 679 966; baseline -0.005 -9"><span class='ocrx_word' id='word_1_80' title='bbox 103 929 199 957; x_wconf 87' lang='lat' dir='ltr'>etiam</span> <span class='ocrx_word' id='word_1_81' title='bbox 210 926 271 956; x_wconf 89' lang='lat' dir='ltr'>hoc</span> <span class='ocrx_word' id='word_1_82' title='bbox 285 932 412 966; x_wconf 89' lang='lat' dir='ltr'>poetam</span> <span class='ocrx_word' id='word_1_83' title='bbox 425 925 568 956; x_wconf 81' lang='lat' dir='ltr'>decebat.</span> <span class='ocrx_word' id='word_1_84' title='bbox 584 925 679 956; x_wconf 90' lang='lat' dir='ltr'>Alec-</span> 
     </span>
     <span class='ocr_line' id='line_1_17' title="bbox 105 972 678 1013; baseline -0.003 -10"><span class='ocrx_word' id='word_1_85' title='bbox 105 981 138 1005; x_wconf 91' lang='lat' dir='ltr'>to</span> <span class='ocrx_word' id='word_1_86' title='bbox 151 980 183 1003; x_wconf 85' lang='lat' dir='ltr'>et</span> <span class='ocrx_word' id='word_1_87' title='bbox 198 972 396 1013; x_wconf 86' lang='lat' dir='ltr'>Tisiphonen</span> <span class='ocrx_word' id='word_1_88' title='bbox 412 973 484 1012; x_wconf 86' lang='lat' dir='ltr'>quis</span> <span class='ocrx_word' id='word_1_89' title='bbox 499 983 566 1002; x_wconf 90' lang='lat' dir='ltr'>non</span> <span class='ocrx_word' id='word_1_90' title='bbox 586 972 678 1001; x_wconf 86' lang='lat' dir='ltr'>facile</span> 
     </span>
     <span class='ocr_line' id='line_1_18' title="bbox 106 1018 679 1061; baseline -0.007 -11"><span class='ocrx_word' id='word_1_91' title='bbox 106 1019 233 1060; x_wconf 75' lang='lat' dir='ltr'>supplet</span> <span class='ocrx_word' id='word_1_92' title='bbox 248 1019 375 1048; x_wconf 79' lang='lat' dir='ltr'>animo?</span> <span class='ocrx_word' id='word_1_93' title='bbox 390 1018 503 1048; x_wconf 79' lang='lat' dir='ltr'>Noctis</span> <span class='ocrx_word' id='word_1_94' title='bbox 512 1018 604 1061; x_wconf 80' lang='lat' dir='ltr'>filias</span> <span class='ocrx_word' id='word_1_95' title='bbox 619 1019 679 1047; x_wconf 87' lang='lat' dir='ltr'>Fu-</span> 
     </span>
     <span class='ocr_line' id='line_1_19' title="bbox 106 1064 681 1104; baseline -0.005 -8"><span class='ocrx_word' id='word_1_96' title='bbox 106 1068 166 1096; x_wconf 87' lang='lat' dir='ltr'>rias</span> <span class='ocrx_word' id='word_1_97' title='bbox 189 1066 239 1095; x_wconf 80' lang='lat' dir='ltr'>vel</span> <span class='ocrx_word' id='word_1_98' title='bbox 262 1064 453 1095; x_wconf 87' lang='lat' dir='ltr'>Eumenides</span> <span class='ocrx_word' id='word_1_99' title='bbox 471 1066 563 1094; x_wconf 87' lang='lat' dir='ltr'>etiam</span> <span class='ocrx_word' id='word_1_100' title='bbox 584 1075 681 1104; x_wconf 83' lang='lat' dir='ltr'>supra</span> 
     </span>
     <span class='ocr_line' id='line_1_20' title="bbox 107 1110 680 1149; baseline -0.005 -7"><span class='ocrx_word' id='word_1_101' title='bbox 107 1114 189 1149; x_wconf 83' lang='lat' dir='ltr'><strong>VII,</strong></span> <span class='ocrx_word' id='word_1_102' title='bbox 216 1112 302 1147; x_wconf 73' lang='lat'>3313</span> <span class='ocrx_word' id='word_1_103' title='bbox 331 1112 397 1147; x_wconf 90' lang='lat' dir='ltr'>VI,</span> <span class='ocrx_word' id='word_1_104' title='bbox 423 1111 489 1141; x_wconf 82' lang='lat'>250</span> <span class='ocrx_word' id='word_1_105' title='bbox 520 1110 680 1148; x_wconf 82' lang='lat' dir='ltr'>ediderat3</span> 
     </span>
     <span class='ocr_line' id='line_1_21' title="bbox 108 1156 680 1197; baseline -0.003 -9"><span class='ocrx_word' id='word_1_106' title='bbox 108 1158 194 1188; x_wconf 88' lang='lat' dir='ltr'>idem</span> <span class='ocrx_word' id='word_1_107' title='bbox 218 1156 358 1197; x_wconf 67' lang='lat' dir='ltr'>AEsch5l.</span> <span class='ocrx_word' id='word_1_108' title='bbox 382 1156 405 1187; x_wconf 90' lang='lat' dir='ltr'>l.</span> <span class='ocrx_word' id='word_1_109' title='bbox 427 1167 454 1188; x_wconf 86' lang='lat' dir='ltr'>c.</span> <span class='ocrx_word' id='word_1_110' title='bbox 481 1163 558 1197; x_wconf 80' lang='lat'>419.</span> <span class='ocrx_word' id='word_1_111' title='bbox 584 1156 680 1197; x_wconf 88' lang='lat' dir='ltr'>Quod</span> 
     </span>
     <span class='ocr_line' id='line_1_22' title="bbox 112 1202 680 1244; baseline 0.002 -11"><span class='ocrx_word' id='word_1_112' title='bbox 112 1215 175 1234; x_wconf 82' lang='lat' dir='ltr'>uno</span> <span class='ocrx_word' id='word_1_113' title='bbox 197 1209 298 1244; x_wconf 77' lang='lat' dir='ltr'>partu</span> <span class='ocrx_word' id='word_1_114' title='bbox 327 1202 430 1233; x_wconf 81' lang='lat' dir='ltr'>edicas</span> <span class='ocrx_word' id='word_1_115' title='bbox 456 1203 550 1242; x_wconf 79' lang='lat' dir='ltr'>facit,</span> <span class='ocrx_word' id='word_1_116' title='bbox 572 1205 680 1234; x_wconf 86' lang='lat' dir='ltr'>nescio</span> 
     </span>
     <span class='ocr_line' id='line_1_23' title="bbox 111 1249 680 1291; baseline 0 -10"><span class='ocrx_word' id='word_1_117' title='bbox 111 1262 151 1281; x_wconf 86' lang='lat' dir='ltr'>an</span> <span class='ocrx_word' id='word_1_118' title='bbox 179 1249 306 1280; x_wconf 81' lang='lat' dir='ltr'>aliunde</span> <span class='ocrx_word' id='word_1_119' title='bbox 337 1251 504 1291; x_wconf 80' lang='lat' dir='ltr'>acceperit.</span> <span class='ocrx_word' id='word_1_120' title='bbox 530 1268 576 1273; x_wconf 86' lang='lat'>-—</span> <span class='ocrx_word' id='word_1_121' title='bbox 603 1251 680 1288; x_wconf 80' lang='lat'>847.</span> 
     </span>
     <span class='ocr_line' id='line_1_24' title="bbox 113 1296 682 1337; baseline -0.002 -10"><span class='ocrx_word' id='word_1_122' title='bbox 113 1296 247 1328; x_wconf 81' lang='lat' dir='ltr'>Paribus</span> <span class='ocrx_word' id='word_1_123' title='bbox 260 1307 271 1326; x_wconf 91' lang='lat'><em>:</em></span> <span class='ocrx_word' id='word_1_124' title='bbox 287 1306 346 1336; x_wconf 87' lang='lat' dir='ltr'>pro</span> <span class='ocrx_word' id='word_1_125' title='bbox 370 1297 506 1337; x_wconf 85' lang='lat' dir='ltr'>pariter,</span> <span class='ocrx_word' id='word_1_126' title='bbox 527 1298 597 1337; x_wconf 84' lang='lat' dir='ltr'>pari</span> <span class='ocrx_word' id='word_1_127' title='bbox 619 1307 682 1327; x_wconf 91' lang='lat' dir='ltr'>om-</span> 
     </span>
     <span class='ocr_line' id='line_1_25' title="bbox 113 1342 685 1384; baseline -0.003 -10"><span class='ocrx_word' id='word_1_128' title='bbox 113 1354 170 1374; x_wconf 89' lang='lat' dir='ltr'>nes</span> <span class='ocrx_word' id='word_1_129' title='bbox 193 1342 302 1373; x_wconf 89' lang='lat' dir='ltr'>modo.</span> <span class='ocrx_word' id='word_1_130' title='bbox 324 1344 372 1372; x_wconf 85' lang='lat' dir='ltr'>De</span> <span class='ocrx_word' id='word_1_131' title='bbox 396 1343 451 1372; x_wconf 85' lang='lat' dir='ltr'>alis</span> <span class='ocrx_word' id='word_1_132' title='bbox 477 1344 562 1374; x_wconf 90' lang='lat' dir='ltr'>conf.</span> <span class='ocrx_word' id='word_1_133' title='bbox 590 1353 685 1384; x_wconf 84' lang='lat' dir='ltr'>supra</span> 
     </span>
     <span class='ocr_line' id='line_1_26' title="bbox 114 1389 686 1427; baseline 0 -8"><span class='ocrx_word' id='word_1_134' title='bbox 114 1391 197 1427; x_wconf 84' lang='lat' dir='ltr'>VII,</span> <span class='ocrx_word' id='word_1_135' title='bbox 219 1389 296 1420; x_wconf 87' lang='lat'><strong>561.</strong></span> <span class='ocrx_word' id='word_1_136' title='bbox 322 1391 477 1419; x_wconf 80' lang='lat' dir='ltr'>Ventosas</span> <span class='ocrx_word' id='word_1_137' title='bbox 500 1390 572 1419; x_wconf 82' lang='lat' dir='ltr'>alas</span> <span class='ocrx_word' id='word_1_138' title='bbox 599 1400 686 1419; x_wconf 83' lang='lat' dir='ltr'>novo</span> 
     </span>
     <span class='ocr_line' id='line_1_27' title="bbox 115 1434 688 1477; baseline -0.002 -11"><span class='ocrx_word' id='word_1_139' title='bbox 115 1435 272 1477; x_wconf 85' lang='lat' dir='ltr'>epitheto,</span> <span class='ocrx_word' id='word_1_140' title='bbox 288 1434 376 1475; x_wconf 90' lang='lat' dir='ltr'>quod</span> <span class='ocrx_word' id='word_1_141' title='bbox 390 1437 557 1465; x_wconf 87' lang='lat' dir='ltr'>notionem</span> <span class='ocrx_word' id='word_1_142' title='bbox 570 1436 688 1476; x_wconf 86' lang='lat' dir='ltr'>magni-</span> 
     </span>
     <span class='ocr_line' id='line_1_28' title="bbox 117 1482 688 1512; baseline -0.002 0"><span class='ocrx_word' id='word_1_143' title='bbox 117 1482 237 1512; x_wconf 78' lang='lat' dir='ltr'>tudinis</span> <span class='ocrx_word' id='word_1_144' title='bbox 259 1482 379 1511; x_wconf 84' lang='lat' dir='ltr'>alarum</span> <span class='ocrx_word' id='word_1_145' title='bbox 402 1488 433 1511; x_wconf 94' lang='lat' dir='ltr'>et</span> <span class='ocrx_word' id='word_1_146' title='bbox 458 1483 608 1512; x_wconf 88' lang='lat' dir='ltr'>concitati</span> <span class='ocrx_word' id='word_1_147' title='bbox 634 1492 688 1511; x_wconf 91' lang='lat' dir='ltr'>vo-</span> 
     </span>
     <span class='ocr_line' id='line_1_29' title="bbox 116 1528 688 1559; baseline 0 -1"><span class='ocrx_word' id='word_1_148' title='bbox 116 1529 198 1559; x_wconf 81' lang='lat' dir='ltr'>latus</span> <span class='ocrx_word' id='word_1_149' title='bbox 217 1528 312 1558; x_wconf 88' lang='lat' dir='ltr'>habet</span> <span class='ocrx_word' id='word_1_150' title='bbox 327 1538 334 1559; x_wconf 93' lang='lat'>:</span> <span class='ocrx_word' id='word_1_151' title='bbox 348 1539 420 1558; x_wconf 90' lang='lat' dir='ltr'>nam</span> <span class='ocrx_word' id='word_1_152' title='bbox 434 1528 460 1558; x_wconf 92' lang='lat' dir='ltr'>is</span> <span class='ocrx_word' id='word_1_153' title='bbox 474 1535 606 1558; x_wconf 85' lang='lat' dir='ltr'>ventum</span> <span class='ocrx_word' id='word_1_154' title='bbox 620 1538 688 1558; x_wconf 90' lang='lat' dir='ltr'>mo-</span> 
     </span>
     <span class='ocr_line' id='line_1_30' title="bbox 117 1574 690 1615; baseline -0.002 -11"><span class='ocrx_word' id='word_1_155' title='bbox 117 1582 181 1606; x_wconf 74' lang='lat' dir='ltr'>vet.</span> <span class='ocrx_word' id='word_1_156' title='bbox 204 1592 251 1598; x_wconf 89' lang='lat'>—</span> <span class='ocrx_word' id='word_1_157' title='bbox 275 1575 352 1615; x_wconf 80' lang='grc'>849.</span> <span class='ocrx_word' id='word_1_158' title='bbox 385 1574 468 1604; x_wconf 69' lang='lat' dir='ltr'>Saevi</span> <span class='ocrx_word' id='word_1_159' title='bbox 489 1585 500 1604; x_wconf 91' lang='grc'>.·</span> <span class='ocrx_word' id='word_1_160' title='bbox 525 1574 690 1615; x_wconf 75' lang='lat' dir='ltr'>epitheton</span> 
     </span>
     <span class='ocr_line' id='line_1_31' title="bbox 118 1621 690 1653; baseline 0.002 -3"><span class='ocrx_word' id='word_1_161' title='bbox 118 1622 150 1652; x_wconf 88' lang='lat' dir='ltr'>h.</span> <span class='ocrx_word' id='word_1_162' title='bbox 175 1622 198 1653; x_wconf 89' lang='lat' dir='ltr'>l.</span> <span class='ocrx_word' id='word_1_163' title='bbox 227 1621 503 1652; x_wconf 88' lang='lat' dir='ltr'>accommodatum</span> <span class='ocrx_word' id='word_1_164' title='bbox 531 1621 627 1651; x_wconf 86' lang='lat' dir='ltr'>rebus</span> <span class='ocrx_word' id='word_1_165' title='bbox 655 1631 690 1650; x_wconf 88' lang='lat' dir='ltr'>ac</span> 
     </span>
     <span class='ocr_line' id='line_1_32' title="bbox 121 1667 692 1707; baseline 0 -11"><span class='ocrx_word' id='word_1_166' title='bbox 121 1668 318 1707; x_wconf 78' lang='lat' dir='ltr'>temporibus</span> <span class='ocrx_word' id='word_1_167' title='bbox 329 1690 338 1705; x_wconf 90' lang='lat'>,</span> <span class='ocrx_word' id='word_1_168' title='bbox 366 1667 484 1707; x_wconf 87' lang='lat' dir='ltr'>quibus</span> <span class='ocrx_word' id='word_1_169' title='bbox 523 1669 692 1698; x_wconf 88' lang='lat' dir='ltr'>Furiarum</span> 
     </span>
     <span class='ocr_line' id='line_1_33' title="bbox 121 1714 693 1754; baseline 0.003 -12"><span class='ocrx_word' id='word_1_170' title='bbox 121 1714 297 1743; x_wconf 85' lang='lat' dir='ltr'>ministerio</span> <span class='ocrx_word' id='word_1_171' title='bbox 311 1714 414 1743; x_wconf 78' lang='lat' dir='ltr'>utitur</span> <span class='ocrx_word' id='word_1_172' title='bbox 428 1715 574 1754; x_wconf 83' lang='lat' dir='ltr'>Jupiter,</span> <span class='ocrx_word' id='word_1_173' title='bbox 591 1725 693 1754; x_wconf 89' lang='lat' dir='ltr'>quum</span> 
     </span>
     <span class='ocr_line' id='line_1_34' title="bbox 123 1759 694 1800; baseline 0.002 -12"><span class='ocrx_word' id='word_1_174' title='bbox 123 1759 279 1789; x_wconf 86' lang='lat' dir='ltr'>irascitur.</span> <span class='ocrx_word' id='word_1_175' title='bbox 296 1760 468 1799; x_wconf 78' lang='lat' dir='ltr'>Apparenc</span> <span class='ocrx_word' id='word_1_176' title='bbox 482 1770 548 1789; x_wconf 78' lang='lat' dir='ltr'>vox</span> <span class='ocrx_word' id='word_1_177' title='bbox 564 1762 694 1800; x_wconf 89' lang='lat' dir='ltr'>propria</span> 
     </span>
     <span class='ocr_line' id='line_1_35' title="bbox 123 1804 692 1845; baseline 0.004 -11"><span class='ocrx_word' id='word_1_178' title='bbox 123 1806 161 1836; x_wconf 87' lang='lat' dir='ltr'>de</span> <span class='ocrx_word' id='word_1_179' title='bbox 176 1806 351 1835; x_wconf 84' lang='lat' dir='ltr'>ministerio</span> <span class='ocrx_word' id='word_1_180' title='bbox 362 1827 370 1842; x_wconf 92' lang='lat'><strong>‚</strong></span> <span class='ocrx_word' id='word_1_181' title='bbox 386 1804 471 1834; x_wconf 90' lang='lat' dir='ltr'>unde</span> <span class='ocrx_word' id='word_1_182' title='bbox 486 1807 692 1845; x_wconf 83' lang='lat' dir='ltr'>apparitores.</span> 
     </span>
     <span class='ocr_line' id='line_1_36' title="bbox 123 1851 696 1882; baseline -0.005 0"><span class='ocrx_word' id='word_1_183' title='bbox 123 1870 171 1876; x_wconf 90' lang='lat'>-—</span> <span class='ocrx_word' id='word_1_184' title='bbox 186 1853 263 1882; x_wconf 85' lang='lat'>850.</span> <span class='ocrx_word' id='word_1_185' title='bbox 279 1853 320 1882; x_wconf 83' lang='lat' dir='ltr'>H.</span> <span class='ocrx_word' id='word_1_186' title='bbox 336 1858 455 1882; x_wconf 86' lang='lat' dir='ltr'>terrent</span> <span class='ocrx_word' id='word_1_187' title='bbox 473 1851 620 1881; x_wconf 88' lang='lat' dir='ltr'>mortales</span> <span class='ocrx_word' id='word_1_188' title='bbox 637 1853 696 1880; x_wconf 90' lang='lat' dir='ltr'>mi-</span> 
     </span>
     <span class='ocr_line' id='line_1_37' title="bbox 125 1898 699 1938; baseline -0.003 -10"><span class='ocrx_word' id='word_1_189' title='bbox 125 1909 221 1930; x_wconf 64' lang='lat' dir='ltr'>sci-05.</span> <span class='ocrx_word' id='word_1_190' title='bbox 250 1916 297 1922; x_wconf 88' lang='lat'>--</span> <span class='ocrx_word' id='word_1_191' title='bbox 323 1899 410 1935; x_wconf 87' lang='lat'>851,</span> <span class='ocrx_word' id='word_1_192' title='bbox 438 1898 516 1927; x_wconf 84' lang='grc'><strong>852.</strong></span> <span class='ocrx_word' id='word_1_193' title='bbox 540 1898 699 1938; x_wconf 82' lang='lat' dir='ltr'>Argutan-</span> 
     </span>
     <span class='ocr_line' id='line_1_38' title="bbox 128 1943 698 1986; baseline -0.005 -11"><span class='ocrx_word' id='word_1_194' title='bbox 128 1953 197 1983; x_wconf 82' lang='lat' dir='ltr'>tur,</span> <span class='ocrx_word' id='word_1_195' title='bbox 217 1947 272 1986; x_wconf 91' lang='lat' dir='ltr'>qui</span> <span class='ocrx_word' id='word_1_196' title='bbox 288 1946 454 1976; x_wconf 87' lang='lat' dir='ltr'>Furiarum</span> <span class='ocrx_word' id='word_1_197' title='bbox 478 1955 610 1973; x_wconf 84' lang='lat' dir='ltr'>munera</span> <span class='ocrx_word' id='word_1_198' title='bbox 635 1943 698 1972; x_wconf 90' lang='lat' dir='ltr'>dis-</span> 
     </span>
     <span class='ocr_line' id='line_1_39' title="bbox 127 1989 698 2032; baseline -0.007 -10"><span class='ocrx_word' id='word_1_199' title='bbox 127 1999 280 2032; x_wconf 85' lang='lat' dir='ltr'>pescunt;</span> <span class='ocrx_word' id='word_1_200' title='bbox 296 1999 327 2022; x_wconf 92' lang='lat' dir='ltr'>et</span> <span class='ocrx_word' id='word_1_201' title='bbox 340 1991 539 2032; x_wconf 83' lang='lat' dir='ltr'>Tisiphonen</span> <span class='ocrx_word' id='word_1_202' title='bbox 552 1989 681 2019; x_wconf 85' lang='lat' dir='ltr'>morbos</span> <span class='ocrx_word' id='word_1_203' title='bbox 690 2013 698 2026; x_wconf 91' lang='lat'>‚</span> 
     </span>
     <span class='ocr_line' id='line_1_40' title="bbox 130 2036 699 2077; baseline -0.004 -10"><span class='ocrx_word' id='word_1_204' title='bbox 130 2038 242 2068; x_wconf 83' lang='lat' dir='ltr'>Alecto</span> <span class='ocrx_word' id='word_1_205' title='bbox 270 2038 352 2068; x_wconf 89' lang='lat' dir='ltr'>bella</span> <span class='ocrx_word' id='word_1_206' title='bbox 369 2061 377 2075; x_wconf 93' lang='lat'><strong><em>‚</em></strong></span> <span class='ocrx_word' id='word_1_207' title='bbox 404 2045 435 2067; x_wconf 87' lang='lat' dir='ltr'>et</span> <span class='ocrx_word' id='word_1_208' title='bbox 462 2039 633 2077; x_wconf 63' lang='lat' dir='ltr'>Megaeram</span> <span class='ocrx_word' id='word_1_209' title='bbox 657 2036 699 2065; x_wconf 89' lang='lat' dir='ltr'>le-</span> 
     </span>
     <span class='ocr_line' id='line_1_41' title="bbox 131 2085 500 2114; baseline 0.003 -2"><span class='ocrx_word' id='word_1_210' title='bbox 131 2089 199 2113; x_wconf 81' lang='lat' dir='ltr'>tum</span> <span class='ocrx_word' id='word_1_211' title='bbox 212 2085 383 2114; x_wconf 88' lang='lat' dir='ltr'>immittere</span> <span class='ocrx_word' id='word_1_212' title='bbox 400 2085 500 2114; x_wconf 89' lang='lat' dir='ltr'>aiunt.</span> 
     </span>
    </p>

    <p class='ocr_par' dir='ltr' id='par_1_10' title="bbox 136 2129 708 2263">
     <span class='ocr_line' id='line_1_42' title="bbox 182 2129 704 2171; baseline -0.002 -13"><span class='ocrx_word' id='word_1_213' title='bbox 182 2129 259 2160; x_wconf 85' lang='lat'><strong>853.</strong></span> <span class='ocrx_word' id='word_1_214' title='bbox 279 2133 395 2161; x_wconf 83' lang='lat' dir='ltr'>Unam.</span> <span class='ocrx_word' id='word_1_215' title='bbox 415 2132 525 2171; x_wconf 86' lang='lat' dir='ltr'>Quum</span> <span class='ocrx_word' id='word_1_216' title='bbox 540 2135 634 2170; x_wconf 89' lang='lat' dir='ltr'>poeta</span> <span class='ocrx_word' id='word_1_217' title='bbox 648 2129 704 2158; x_wconf 67' lang='lat' dir='ltr'>vix</span> 
     </span>
     <span class='ocr_line' id='line_1_43' title="bbox 136 2174 708 2216; baseline 0.002 -12"><span class='ocrx_word' id='word_1_218' title='bbox 136 2174 267 2216; x_wconf 86' lang='lat' dir='ltr'>dignum</span> <span class='ocrx_word' id='word_1_219' title='bbox 284 2178 324 2207; x_wconf 90' lang='lat' dir='ltr'>sit</span> <span class='ocrx_word' id='word_1_220' title='bbox 340 2176 506 2207; x_wconf 86' lang='lat' dir='ltr'>indefinite</span> <span class='ocrx_word' id='word_1_221' title='bbox 519 2177 629 2216; x_wconf 86' lang='lat' dir='ltr'>loqui,</span> <span class='ocrx_word' id='word_1_222' title='bbox 642 2177 708 2206; x_wconf 83' lang='lat' dir='ltr'>Me-</span> 
     </span>
     <span class='ocr_line' id='line_1_44' title="bbox 138 2222 705 2263; baseline -0.004 -11"><span class='ocrx_word' id='word_1_223' title='bbox 138 2231 251 2262; x_wconf 84' lang='lat' dir='ltr'>gaeram</span> <span class='ocrx_word' id='word_1_224' title='bbox 266 2222 442 2263; x_wconf 79' lang='lat' dir='ltr'>designasse</span> <span class='ocrx_word' id='word_1_225' title='bbox 466 2222 618 2252; x_wconf 85' lang='lat' dir='ltr'>dicendus</span> <span class='ocrx_word' id='word_1_226' title='bbox 638 2229 684 2251; x_wconf 81' lang='lat' dir='ltr'>est</span> <span class='ocrx_word' id='word_1_227' title='bbox 699 2230 705 2250; x_wconf 91' lang='lat'>:</span> 
     </span>
    </p>
   </div>
   <div class='ocr_carea' id='block_1_9' title="bbox 1257 702 1304 726">
    <p class='ocr_par' dir='ltr' id='par_1_11' title="bbox 1257 702 1304 726">
     <span class='ocr_line' id='line_1_45' title="bbox 1257 702 1304 726; baseline 0 0"><span class='ocrx_word' id='word_1_228' title='bbox 1257 702 1304 726; x_wconf 74' lang='lat'>355</span> 
     </span>
    </p>
   </div>
   <div class='ocr_carea' id='block_1_10' title="bbox 731 830 1334 2251">
    <p class='ocr_par' dir='ltr' id='par_1_12' title="bbox 731 830 1308 1013">
     <span class='ocr_line' id='line_1_46' title="bbox 733 830 1308 862; baseline -0.002 0"><span class='ocrx_word' id='word_1_229' title='bbox 733 843 832 862; x_wconf 74' lang='lat' dir='ltr'>unam</span> <span class='ocrx_word' id='word_1_230' title='bbox 861 832 962 862; x_wconf 83' lang='lat' dir='ltr'>illam.</span> <span class='ocrx_word' id='word_1_231' title='bbox 989 831 1064 861; x_wconf 84' lang='lat' dir='ltr'>Alio</span> <span class='ocrx_word' id='word_1_232' title='bbox 1090 830 1186 861; x_wconf 88' lang='lat' dir='ltr'>modo</span> <span class='ocrx_word' id='word_1_233' title='bbox 1212 841 1308 861; x_wconf 83' lang='lat' dir='ltr'>scena-</span> 
     </span>
     <span class='ocr_line' id='line_1_47' title="bbox 732 879 1305 919; baseline -0.002 -11"><span class='ocrx_word' id='word_1_234' title='bbox 732 885 902 919; x_wconf 83' lang='lat' dir='ltr'>apparatur</span> <span class='ocrx_word' id='word_1_235' title='bbox 926 889 976 919; x_wconf 90' lang='lat' dir='ltr'>ap.</span> <span class='ocrx_word' id='word_1_236' title='bbox 995 879 1175 918; x_wconf 87' lang='lat' dir='ltr'>Quintum,</span> <span class='ocrx_word' id='word_1_237' title='bbox 1201 879 1305 908; x_wconf 91' lang='lat' dir='ltr'>Mem-</span> 
     </span>
     <span class='ocr_line' id='line_1_48' title="bbox 731 924 1307 966; baseline -0.005 -11"><span class='ocrx_word' id='word_1_238' title='bbox 731 936 817 955; x_wconf 84' lang='lat' dir='ltr'>none</span> <span class='ocrx_word' id='word_1_239' title='bbox 836 932 868 955; x_wconf 89' lang='lat' dir='ltr'>et</span> <span class='ocrx_word' id='word_1_240' title='bbox 882 924 1008 956; x_wconf 87' lang='lat' dir='ltr'>Achille</span> <span class='ocrx_word' id='word_1_241' title='bbox 1023 935 1193 966; x_wconf 86' lang='lat' dir='ltr'>congresso</span> <span class='ocrx_word' id='word_1_242' title='bbox 1209 934 1217 955; x_wconf 71' lang='grc' dir='ltr'>ε</span> <span class='ocrx_word' id='word_1_243' title='bbox 1233 924 1307 953; x_wconf 86' lang='lat' dir='ltr'>duae</span> 
     </span>
     <span class='ocr_line' id='line_1_49' title="bbox 731 971 1166 1013; baseline 0 -13"><span class='ocrx_word' id='word_1_244' title='bbox 731 972 883 1011; x_wconf 89' lang='lat' dir='ltr'>utrinque</span> <span class='ocrx_word' id='word_1_245' title='bbox 899 971 1023 1001; x_wconf 82' lang='lat' dir='ltr'>adstant</span> <span class='ocrx_word' id='word_1_246' title='bbox 1038 972 1137 1013; x_wconf 74' lang='grc' dir='ltr'>Κῆρες</span> <span class='ocrx_word' id='word_1_247' title='bbox 1157 980 1166 1001; x_wconf 85' lang='grc'>;</span> 
     </span>
    </p>

    <p class='ocr_par' dir='ltr' id='par_1_13' title="bbox 734 1013 1307 1059">
     <span class='ocr_line' id='line_1_50' title="bbox 734 1013 1307 1059; baseline -0.003 -12"><span class='ocrx_word' id='word_1_248' title='bbox 734 1015 821 1047; x_wconf 64' lang='lat' dir='ltr'>Aemi</span> <span class='ocrx_word' id='word_1_249' title='bbox 849 1014 878 1046; x_wconf 74' lang='grc' dir='ltr'>δ’</span> <span class='ocrx_word' id='word_1_250' title='bbox 905 1015 1106 1059; x_wconf 68' lang='grc' dir='ltr'>ἀμφοτέροισι</span> <span class='ocrx_word' id='word_1_251' title='bbox 1131 1017 1205 1051; x_wconf 52' lang='lat' dir='ltr'>ecce</span> <span class='ocrx_word' id='word_1_252' title='bbox 1233 1013 1307 1046; x_wconf 69' lang='grc' dir='ltr'><strong>ἐκοί-</strong></span> 
     </span>
    </p>

    <p class='ocr_par' dir='ltr' id='par_1_14' title="bbox 733 1062 1307 1198">
     <span class='ocr_line' id='line_1_51' title="bbox 778 1062 1041 1105; baseline -0.004 -13"><span class='ocrx_word' id='word_1_253' title='bbox 778 1063 867 1105; x_wconf 70' lang='grc' dir='ltr'>τερθε</span> <span class='ocrx_word' id='word_1_254' title='bbox 879 1062 1041 1105; x_wconf 70' lang='grc' dir='ltr'>παρέσταν</span> 
     </span>
     <span class='ocr_line' id='line_1_52' title="bbox 733 1104 1307 1152; baseline -0.003 -13"><span class='ocrx_word' id='word_1_255' title='bbox 733 1110 833 1152; x_wconf 71' lang='grc' dir='ltr'>Κῆρες</span> <span class='ocrx_word' id='word_1_256' title='bbox 875 1105 1010 1152; x_wconf 68' lang='grc' dir='ltr'>ἐρεμναὶ·</span> <span class='ocrx_word' id='word_1_257' title='bbox 1026 1107 1046 1142; x_wconf 73' lang='grc' dir='ltr'>’ἡ</span> <span class='ocrx_word' id='word_1_258' title='bbox 1063 1105 1116 1151; x_wconf 80' lang='grc' dir='ltr'>μὲν</span> <span class='ocrx_word' id='word_1_259' title='bbox 1149 1104 1204 1142; x_wconf 70' lang='grc' dir='ltr'>ἕὲη</span> <span class='ocrx_word' id='word_1_260' title='bbox 1234 1105 1307 1138; x_wconf 78' lang='grc' dir='ltr'>ποτὶ</span> 
     </span>
     <span class='ocr_line' id='line_1_53' title="bbox 781 1151 1026 1198; baseline -0.004 -12"><span class='ocrx_word' id='word_1_261' title='bbox 781 1154 931 1198; x_wconf 71' lang='grc' dir='ltr'>Μέμνονα.</span> <span class='ocrx_word' id='word_1_262' title='bbox 944 1151 1008 1185; x_wconf 71' lang='grc' dir='ltr'>δῖον</span> <span class='ocrx_word' id='word_1_263' title='bbox 1018 1177 1026 1191; x_wconf 86' lang='grc'><strong><em>,</em></strong></span> 
     </span>
    </p>

    <p class='ocr_par' dir='ltr' id='par_1_15' title="bbox 735 1193 1334 2251">
     <span class='ocr_line' id='line_1_54' title="bbox 735 1193 1310 1245; baseline -0.003 -12"><span class='ocrx_word' id='word_1_264' title='bbox 735 1199 857 1245; x_wconf 67' lang='grc' dir='ltr'>Φαιὸρὴ</span> <span class='ocrx_word' id='word_1_265' title='bbox 872 1198 902 1232; x_wconf 71' lang='grc' dir='ltr'>δ’</span> <span class='ocrx_word' id='word_1_266' title='bbox 916 1200 995 1245; x_wconf 76' lang='grc' dir='ltr'>ἀμφ’</span> <span class='ocrx_word' id='word_1_267' title='bbox 1011 1193 1135 1241; x_wconf 51' lang='lat' dir='ltr'>Axii-32</span> <span class='ocrx_word' id='word_1_268' title='bbox 1154 1198 1310 1244; x_wconf 69' lang='grc' dir='ltr'>δαΐφρονα</span> 
     </span>
     <span class='ocr_line' id='line_1_55' title="bbox 735 1248 1310 1286; baseline -0.007 -6"><span class='ocrx_word' id='word_1_269' title='bbox 735 1250 792 1280; x_wconf 90' lang='lat' dir='ltr'>lib.</span> <span class='ocrx_word' id='word_1_270' title='bbox 808 1251 839 1278; x_wconf 90' lang='lat' dir='ltr'>II</span> <span class='ocrx_word' id='word_1_271' title='bbox 851 1271 860 1286; x_wconf 87' lang='lat'>‚</span> <span class='ocrx_word' id='word_1_272' title='bbox 878 1249 941 1278; x_wconf 85' lang='lat'>508</span> <span class='ocrx_word' id='word_1_273' title='bbox 953 1266 1000 1272; x_wconf 84' lang='lat'>—-</span> <span class='ocrx_word' id='word_1_274' title='bbox 1015 1259 1065 1279; x_wconf 77' lang='grc' dir='ltr'>ιο.</span> <span class='ocrx_word' id='word_1_275' title='bbox 1078 1265 1124 1270; x_wconf 90' lang='lat'>——</span> <span class='ocrx_word' id='word_1_276' title='bbox 1137 1248 1213 1279; x_wconf 85' lang='lat'><em>855.</em></span> <span class='ocrx_word' id='word_1_277' title='bbox 1235 1250 1310 1278; x_wconf 86' lang='lat' dir='ltr'>Tur-</span> 
     </span>
     <span class='ocr_line' id='line_1_56' title="bbox 737 1295 1309 1335; baseline -0.003 -10"><span class='ocrx_word' id='word_1_278' title='bbox 737 1295 810 1325; x_wconf 79' lang='lat' dir='ltr'>bine</span> <span class='ocrx_word' id='word_1_279' title='bbox 832 1295 938 1335; x_wconf 88' lang='lat' dir='ltr'>simpl.</span> <span class='ocrx_word' id='word_1_280' title='bbox 955 1305 1015 1335; x_wconf 90' lang='lat' dir='ltr'>pro</span> <span class='ocrx_word' id='word_1_281' title='bbox 1034 1301 1126 1323; x_wconf 84' lang='lat' dir='ltr'>motu</span> <span class='ocrx_word' id='word_1_282' title='bbox 1143 1304 1215 1335; x_wconf 90' lang='lat' dir='ltr'>sup.</span> <span class='ocrx_word' id='word_1_283' title='bbox 1242 1295 1309 1324; x_wconf 83' lang='lat'>320</span> 
     </span>
     <span class='ocr_line' id='line_1_57' title="bbox 738 1341 1311 1380; baseline -0.005 -8"><span class='ocrx_word' id='word_1_284' title='bbox 738 1349 770 1372; x_wconf 91' lang='lat' dir='ltr'>et</span> <span class='ocrx_word' id='word_1_285' title='bbox 787 1342 827 1372; x_wconf 81' lang='lat'>53</span> <span class='ocrx_word' id='word_1_286' title='bbox 838 1352 864 1371; x_wconf 82' lang='lat' dir='ltr'>x.</span> <span class='ocrx_word' id='word_1_287' title='bbox 882 1341 978 1371; x_wconf 84' lang='lat' dir='ltr'>Volat</span> <span class='ocrx_word' id='word_1_288' title='bbox 998 1342 1138 1380; x_wconf 76' lang='lat' dir='ltr'>Megaera</span> <span class='ocrx_word' id='word_1_289' title='bbox 1161 1347 1311 1380; x_wconf 85' lang='lat' dir='ltr'>tanquam</span> 
     </span>
     <span class='ocr_line' id='line_1_58' title="bbox 740 1386 1310 1429; baseline -0.005 -11"><span class='ocrx_word' id='word_1_290' title='bbox 740 1388 850 1429; x_wconf 81' lang='lat' dir='ltr'>sagitta</span> <span class='ocrx_word' id='word_1_291' title='bbox 869 1398 946 1417; x_wconf 87' lang='lat' dir='ltr'>arcu</span> <span class='ocrx_word' id='word_1_292' title='bbox 962 1388 1083 1417; x_wconf 86' lang='lat' dir='ltr'>emissa.</span> <span class='ocrx_word' id='word_1_293' title='bbox 1101 1388 1166 1416; x_wconf 86' lang='lat' dir='ltr'>Per</span> <span class='ocrx_word' id='word_1_294' title='bbox 1177 1386 1289 1416; x_wconf 83' lang='lat' dir='ltr'>nubem</span> <span class='ocrx_word' id='word_1_295' title='bbox 1302 1409 1310 1423; x_wconf 90' lang='lat'><strong>‚</strong></span> 
     </span>
     <span class='ocr_line' id='line_1_59' title="bbox 742 1433 1312 1475; baseline -0.004 -11"><span class='ocrx_word' id='word_1_296' title='bbox 742 1440 835 1475; x_wconf 84' lang='lat' dir='ltr'>auget</span> <span class='ocrx_word' id='word_1_297' title='bbox 857 1433 1061 1473; x_wconf 73' lang='lat' dir='ltr'>phantasma,</span> <span class='ocrx_word' id='word_1_298' title='bbox 1086 1442 1147 1472; x_wconf 88' lang='lat' dir='ltr'>pro</span> <span class='ocrx_word' id='word_1_299' title='bbox 1174 1442 1232 1472; x_wconf 88' lang='lat' dir='ltr'>per</span> <span class='ocrx_word' id='word_1_300' title='bbox 1263 1443 1312 1462; x_wconf 83' lang='lat' dir='ltr'>ae-</span> 
     </span>
     <span class='ocr_line' id='line_1_60' title="bbox 742 1479 1312 1519; baseline -0.004 -9"><span class='ocrx_word' id='word_1_301' title='bbox 742 1491 820 1510; x_wconf 91' lang='lat' dir='ltr'>rem.</span> <span class='ocrx_word' id='word_1_302' title='bbox 839 1479 970 1509; x_wconf 86' lang='lat' dir='ltr'>Parthos</span> <span class='ocrx_word' id='word_1_303' title='bbox 997 1479 1117 1519; x_wconf 84' lang='lat' dir='ltr'>sagittis</span> <span class='ocrx_word' id='word_1_304' title='bbox 1149 1479 1312 1509; x_wconf 85' lang='lat' dir='ltr'>venenatis</span> 
     </span>
     <span class='ocr_line' id='line_1_61' title="bbox 743 1524 1317 1563; baseline 0 -8"><span class='ocrx_word' id='word_1_305' title='bbox 743 1537 817 1556; x_wconf 90' lang='lat' dir='ltr'>usos</span> <span class='ocrx_word' id='word_1_306' title='bbox 832 1536 914 1563; x_wconf 85' lang='lat' dir='ltr'>esse,</span> <span class='ocrx_word' id='word_1_307' title='bbox 932 1524 1038 1555; x_wconf 86' lang='lat' dir='ltr'>firmat</span> <span class='ocrx_word' id='word_1_308' title='bbox 1056 1525 1183 1555; x_wconf 80' lang='lat' dir='ltr'>Servius</span> <span class='ocrx_word' id='word_1_309' title='bbox 1198 1526 1317 1555; x_wconf 86' lang='lat' dir='ltr'>Lucani</span> 
     </span>
     <span class='ocr_line' id='line_1_62' title="bbox 744 1571 1317 1609; baseline -0.003 -7"><span class='ocrx_word' id='word_1_310' title='bbox 744 1573 933 1603; x_wconf 85' lang='lat' dir='ltr'>auctoritate</span> <span class='ocrx_word' id='word_1_311' title='bbox 946 1571 1004 1602; x_wconf 86' lang='lat' dir='ltr'>lib.</span> <span class='ocrx_word' id='word_1_312' title='bbox 1015 1572 1097 1601; x_wconf 83' lang='lat' dir='ltr'><strong>VIII</strong></span> <span class='ocrx_word' id='word_1_313' title='bbox 1109 1593 1117 1608; x_wconf 91' lang='lat'>‚</span> <span class='ocrx_word' id='word_1_314' title='bbox 1134 1571 1199 1601; x_wconf 81' lang='lat'>303</span> <span class='ocrx_word' id='word_1_315' title='bbox 1212 1594 1220 1609; x_wconf 92' lang='lat'>‚</span> <span class='ocrx_word' id='word_1_316' title='bbox 1240 1572 1317 1607; x_wconf 76' lang='lat'>304.</span> 
     </span>
     <span class='ocr_line' id='line_1_63' title="bbox 744 1617 1319 1657; baseline -0.005 -8"><span class='ocrx_word' id='word_1_317' title='bbox 744 1618 852 1649; x_wconf 88' lang='lat' dir='ltr'>Verba</span> <span class='ocrx_word' id='word_1_318' title='bbox 871 1619 1016 1648; x_wconf 81' lang='lat' dir='ltr'>Maronis</span> <span class='ocrx_word' id='word_1_319' title='bbox 1042 1618 1197 1657; x_wconf 88' lang='lat' dir='ltr'>expressit</span> <span class='ocrx_word' id='word_1_320' title='bbox 1225 1617 1319 1648; x_wconf 92' lang='lat' dir='ltr'>Silius</span> 
     </span>
     <span class='ocr_line' id='line_1_64' title="bbox 744 1663 1318 1704; baseline -0.005 -8"><span class='ocrx_word' id='word_1_321' title='bbox 744 1665 802 1696; x_wconf 91' lang='lat' dir='ltr'>lib.</span> <span class='ocrx_word' id='word_1_322' title='bbox 826 1666 926 1701; x_wconf 84' lang='lat' dir='ltr'>XIII,</span> <span class='ocrx_word' id='word_1_323' title='bbox 958 1675 1041 1704; x_wconf 81' lang='lat'>197,</span> <span class='ocrx_word' id='word_1_324' title='bbox 1070 1663 1146 1703; x_wconf 85' lang='lat'>198.</span> <span class='ocrx_word' id='word_1_325' title='bbox 1169 1664 1224 1693; x_wconf 85' lang='lat' dir='ltr'>An</span> <span class='ocrx_word' id='word_1_326' title='bbox 1243 1664 1318 1694; x_wconf 91' lang='lat' dir='ltr'>Cre-</span> 
     </span>
     <span class='ocr_line' id='line_1_65' title="bbox 747 1709 1321 1751; baseline -0.005 -10"><span class='ocrx_word' id='word_1_327' title='bbox 747 1719 793 1742; x_wconf 85' lang='lat' dir='ltr'>tes</span> <span class='ocrx_word' id='word_1_328' title='bbox 804 1734 813 1749; x_wconf 79' lang='lat'><strong><em>,</em></strong></span> <span class='ocrx_word' id='word_1_329' title='bbox 840 1722 881 1740; x_wconf 80' lang='lat' dir='ltr'>ex</span> <span class='ocrx_word' id='word_1_330' title='bbox 916 1711 1035 1751; x_wconf 87' lang='lat' dir='ltr'>quibus</span> <span class='ocrx_word' id='word_1_331' title='bbox 1067 1709 1215 1750; x_wconf 84' lang='lat' dir='ltr'>Cydones</span> <span class='ocrx_word' id='word_1_332' title='bbox 1246 1717 1321 1739; x_wconf 88' lang='lat' dir='ltr'>sunt</span> 
     </span>
     <span class='ocr_line' id='line_1_66' title="bbox 749 1755 1321 1799; baseline -0.005 -12"><span class='ocrx_word' id='word_1_333' title='bbox 749 1757 838 1799; x_wconf 76' lang='lat' dir='ltr'>(vid.</span> <span class='ocrx_word' id='word_1_334' title='bbox 853 1759 984 1787; x_wconf 85' lang='lat' dir='ltr'>Homer.</span> <span class='ocrx_word' id='word_1_335' title='bbox 1003 1755 1118 1796; x_wconf 77' lang='lat' dir='ltr'>odyss,</span> <span class='ocrx_word' id='word_1_336' title='bbox 1133 1767 1169 1792; x_wconf 83' lang='grc' dir='ltr'>τ,</span> <span class='ocrx_word' id='word_1_337' title='bbox 1195 1755 1275 1792; x_wconf 88' lang='lat'>176,</span> <span class='ocrx_word' id='word_1_338' title='bbox 1291 1762 1321 1784; x_wconf 86' lang='lat' dir='ltr'>et</span> 
     </span>
     <span class='ocr_line' id='line_1_67' title="bbox 750 1800 1320 1847; baseline -0.004 -14"><span class='ocrx_word' id='word_1_339' title='bbox 750 1815 784 1847; x_wconf 70' lang='grc' dir='ltr'>γ,</span> <span class='ocrx_word' id='word_1_340' title='bbox 800 1813 882 1843; x_wconf 81' lang='lat'>292,</span> <span class='ocrx_word' id='word_1_341' title='bbox 900 1814 915 1832; x_wconf 87' lang='lat' dir='ltr'>a</span> <span class='ocrx_word' id='word_1_342' title='bbox 929 1803 1048 1842; x_wconf 87' lang='lat' dir='ltr'>quibus</span> <span class='ocrx_word' id='word_1_343' title='bbox 1058 1801 1203 1842; x_wconf 70' lang='lat' dir='ltr'>Cydonia</span> <span class='ocrx_word' id='word_1_344' title='bbox 1217 1800 1320 1842; x_wconf 81' lang='lat' dir='ltr'>urbs),</span> 
     </span>
     <span class='ocr_line' id='line_1_68' title="bbox 751 1847 1319 1879; baseline -0.005 0"><span class='ocrx_word' id='word_1_345' title='bbox 751 1849 899 1879; x_wconf 85' lang='lat' dir='ltr'>medicari</span> <span class='ocrx_word' id='word_1_346' title='bbox 925 1848 986 1877; x_wconf 80' lang='lat' dir='ltr'>tela</span> <span class='ocrx_word' id='word_1_347' title='bbox 1002 1857 1127 1877; x_wconf 81' lang='lat' dir='ltr'>veneno</span> <span class='ocrx_word' id='word_1_348' title='bbox 1146 1847 1231 1877; x_wconf 86' lang='lat' dir='ltr'>soliti</span> <span class='ocrx_word' id='word_1_349' title='bbox 1252 1847 1319 1877; x_wconf 88' lang='lat' dir='ltr'>fue-</span> 
     </span>
     <span class='ocr_line' id='line_1_69' title="bbox 753 1893 1323 1934; baseline -0.004 -9"><span class='ocrx_word' id='word_1_350' title='bbox 753 1897 836 1932; x_wconf 89' lang='lat' dir='ltr'>rint,</span> <span class='ocrx_word' id='word_1_351' title='bbox 853 1901 1039 1934; x_wconf 87' lang='lat' dir='ltr'>constetque</span> <span class='ocrx_word' id='word_1_352' title='bbox 1059 1903 1093 1922; x_wconf 84' lang='lat' dir='ltr'>ea</span> <span class='ocrx_word' id='word_1_353' title='bbox 1115 1893 1154 1923; x_wconf 89' lang='lat' dir='ltr'>de</span> <span class='ocrx_word' id='word_1_354' title='bbox 1170 1903 1202 1923; x_wconf 89' lang='lat' dir='ltr'>re</span> <span class='ocrx_word' id='word_1_355' title='bbox 1222 1893 1323 1923; x_wconf 86' lang='lat' dir='ltr'>aliun-</span> 
     </span>
     <span class='ocr_line' id='line_1_70' title="bbox 753 1939 1324 1983; baseline -0.005 -11"><span class='ocrx_word' id='word_1_356' title='bbox 753 1942 792 1972; x_wconf 91' lang='lat' dir='ltr'>de</span> <span class='ocrx_word' id='word_1_357' title='bbox 803 1965 811 1978; x_wconf 89' lang='lat'>,</span> <span class='ocrx_word' id='word_1_358' title='bbox 832 1941 1016 1983; x_wconf 81' lang='lat' dir='ltr'>ignorabam</span> <span class='ocrx_word' id='word_1_359' title='bbox 1033 1949 1041 1970; x_wconf 78' lang='lat'>2</span> <span class='ocrx_word' id='word_1_360' title='bbox 1059 1946 1104 1969; x_wconf 88' lang='lat' dir='ltr'>est</span> <span class='ocrx_word' id='word_1_361' title='bbox 1124 1946 1229 1969; x_wconf 82' lang='lat' dir='ltr'>tamen</span> <span class='ocrx_word' id='word_1_362' title='bbox 1246 1939 1324 1969; x_wconf 85' lang='lat' dir='ltr'>alter</span> 
     </span>
     <span class='ocr_line' id='line_1_71' title="bbox 753 1986 1322 2028; baseline -0.004 -10"><span class='ocrx_word' id='word_1_363' title='bbox 753 1989 844 2019; x_wconf 81' lang='lat' dir='ltr'>locus</span> <span class='ocrx_word' id='word_1_364' title='bbox 872 1998 921 2028; x_wconf 84' lang='lat' dir='ltr'>ap.</span> <span class='ocrx_word' id='word_1_365' title='bbox 943 1987 1071 2017; x_wconf 85' lang='lat' dir='ltr'>Lucian.</span> <span class='ocrx_word' id='word_1_366' title='bbox 1095 1986 1220 2026; x_wconf 79' lang='lat' dir='ltr'>Nigrin.</span> <span class='ocrx_word' id='word_1_367' title='bbox 1246 1992 1322 2016; x_wconf 91' lang='lat' dir='ltr'>tom.</span> 
     </span>
     <span class='ocr_line' id='line_1_72' title="bbox 755 2032 1326 2075; baseline -0.005 -11"><span class='ocrx_word' id='word_1_368' title='bbox 755 2036 804 2072; x_wconf 87' lang='lat'>11,</span> <span class='ocrx_word' id='word_1_369' title='bbox 819 2045 888 2075; x_wconf 81' lang='lat' dir='ltr'>pag.</span> <span class='ocrx_word' id='word_1_370' title='bbox 911 2044 952 2073; x_wconf 83' lang='lat'>79</span> <span class='ocrx_word' id='word_1_371' title='bbox 965 2056 973 2070; x_wconf 90' lang='lat'>,</span> <span class='ocrx_word' id='word_1_372' title='bbox 990 2032 1047 2062; x_wconf 89' lang='lat' dir='ltr'>ubi</span> <span class='ocrx_word' id='word_1_373' title='bbox 1065 2032 1103 2062; x_wconf 88' lang='lat' dir='ltr'>ad</span> <span class='ocrx_word' id='word_1_374' title='bbox 1120 2032 1152 2062; x_wconf 92' lang='lat' dir='ltr'>h.</span> <span class='ocrx_word' id='word_1_375' title='bbox 1168 2032 1190 2062; x_wconf 92' lang='lat' dir='ltr'>l.</span> <span class='ocrx_word' id='word_1_376' title='bbox 1209 2042 1326 2073; x_wconf 82' lang='lat' dir='ltr'>provo-</span> 
     </span>
     <span class='ocr_line' id='line_1_73' title="bbox 757 2079 1326 2111; baseline -0.007 0"><span class='ocrx_word' id='word_1_377' title='bbox 757 2088 805 2111; x_wconf 82' lang='lat' dir='ltr'>cat</span> <span class='ocrx_word' id='word_1_378' title='bbox 839 2079 1056 2111; x_wconf 81' lang='lat' dir='ltr'>Hemsterhus.</span> <span class='ocrx_word' id='word_1_379' title='bbox 1088 2080 1127 2108; x_wconf 92' lang='lat' dir='ltr'>In</span> <span class='ocrx_word' id='word_1_380' title='bbox 1157 2079 1326 2108; x_wconf 80' lang='lat' dir='ltr'>venatione</span> 
     </span>
     <span class='ocr_line' id='line_1_74' title="bbox 758 2125 1329 2166; baseline -0.005 -9"><span class='ocrx_word' id='word_1_381' title='bbox 758 2127 868 2157; x_wconf 85' lang='lat' dir='ltr'>saltem</span> <span class='ocrx_word' id='word_1_382' title='bbox 884 2126 1046 2156; x_wconf 86' lang='lat' dir='ltr'>venenatis</span> <span class='ocrx_word' id='word_1_383' title='bbox 1060 2125 1178 2166; x_wconf 85' lang='lat' dir='ltr'>sagittis</span> <span class='ocrx_word' id='word_1_384' title='bbox 1192 2135 1267 2154; x_wconf 88' lang='lat' dir='ltr'>usus</span> <span class='ocrx_word' id='word_1_385' title='bbox 1283 2136 1329 2154; x_wconf 90' lang='lat' dir='ltr'>es-</span> 
     </span>
     <span class='ocr_line' id='line_1_75' title="bbox 760 2173 1330 2214; baseline -0.009 -10"><span class='ocrx_word' id='word_1_386' title='bbox 760 2184 792 2204; x_wconf 91' lang='lat' dir='ltr'>se</span> <span class='ocrx_word' id='word_1_387' title='bbox 809 2173 894 2214; x_wconf 86' lang='lat' dir='ltr'>apud</span> <span class='ocrx_word' id='word_1_388' title='bbox 917 2183 970 2202; x_wconf 87' lang='lat' dir='ltr'>eos</span> <span class='ocrx_word' id='word_1_389' title='bbox 993 2173 1117 2212; x_wconf 87' lang='lat' dir='ltr'>potuit,</span> <span class='ocrx_word' id='word_1_390' title='bbox 1139 2177 1284 2201; x_wconf 78' lang='lat' dir='ltr'>veterum</span> <span class='ocrx_word' id='word_1_391' title='bbox 1299 2177 1330 2199; x_wconf 88' lang='lat' dir='ltr'>et</span> 
     </span>
     <span class='ocr_line' id='line_1_76' title="bbox 762 2217 1334 2251; baseline -0.007 -2"><span class='ocrx_word' id='word_1_392' title='bbox 762 2227 944 2251; x_wconf 86' lang='lat' dir='ltr'>nostrorum</span> <span class='ocrx_word' id='word_1_393' title='bbox 979 2217 1187 2248; x_wconf 87' lang='lat' dir='ltr'>harbarorum</span> <span class='ocrx_word' id='word_1_394' title='bbox 1226 2226 1334 2246; x_wconf 85' lang='lat' dir='ltr'>exem-</span> 
     </span>
    </p>
   </div>
  </div>
 </body>
</html>
