1414 2435
603 84 725 115 LIBER
750 85 825 115 ΧΠ.
1252 83 1314 113 283

121 138 320 177 Involvens
337 152 464 177 secum
482 153 490 175 :
509 139 666 190 disjecta
685 153 754 190 per
773 140 922 189 agmina
940 144 1090 181 Turnus

118 200 181 236 Sic
200 200 305 237 urbis
323 201 400 237 ruit
419 199 467 237 ad
486 213 635 247 muros,
653 200 722 237 ubi
739 200 903 251 plurima
922 202 1006 240 fuso
1266 212 1315 243 ⁶90

119 259 307 308 Sanguine
326 269 428 297 terra
447 260 593 307 madet,
613 260 854 310 striduntque
872 261 1070 300 hastilibus
1089 275 1210 309 aurae;

118 321 386 372 significatque
404 336 536 370 manu,
558 331 595 360 et
613 335 750 373 magno
769 323 879 360 simul
900 323 1035 374 incipit
1055 336 1121 360 ore
1141 340 1149 361 :

118 397 133 413 «
154 382 301 419 Parcite
315 383 412 432 jam,
431 383 563 420 Rutuli
571 398 582 430 ;
604 392 640 420 et
659 396 746 429 vos,
767 384 841 420 tela
857 383 1047 429 inhibete,
1066 384 1211 429 Latini;

119 445 377 493 Quaecumque
395 452 451 480 est
464 444 640 489 fortuna,
662 457 746 480 mea
765 452 839 490 est3
859 457 919 480 me
940 445 1066 482 verius
1088 456 1206 481 unum

117 506 190 539 Pro
206 503 317 541 vobis
336 504 457 541 foedus
476 505 599 550 luere,
620 513 657 541 et
676 505 881 541 decernere
903 505 1018 541 ferro.
1039 521 1054 537 »
1267 512 1315 544 095

117 563 332 600 Discessere
352 576 482 601 omnes
501 564 634 610 medii,
653 565 894 614 spatiumque
915 564 1065 602 dedere.

170 625 220 659 At
240 632 348 673 pater
367 626 521 671 AEneas,
542 623 673 661 audito
693 627 845 661 nomine
862 626 1002 670 Turni,

119 683 270 720 Deserit
290 691 327 719 et
346 696 474 720 muros
486 711 496 729 ,
516 692 554 720 et
573 697 736 721 summas
756 685 895 722 deserit
914 684 1030 730 arcis;

120 743 411 793 Pi‘aecipitatque
427 757 552 781 moras
571 745 708 790 omnis;
730 757 848 794 opera
867 745 995 780 omnia
1011 744 1171 793 rumpit3

119 803 267 840 Laetitia
287 803 495 849 exsultans,
517 803 828 852 horrcndumque
846 804 993 840 intonat
1013 804 1126 840 armis
1143 818 1150 839 :

120 866 293 909 Quantus
312 863 452 909 Athos,
473 873 539 901 aut
559 872 722 914 quantus
743 867 864 914 Eryx,
883 872 947 900 aut
967 865 1067 914 ipsc,
1091 864 1257 901 coruscis

119 925 245 968 Quum
268 923 394 960 fremit
413 923 583 970 ilicibus,
606 933 789 973 quantus,
808 924 1024 974 gaudetque
1045 924 1161 960 nivali

119 982 271 1020 Vertice
290 997 329 1021 se
347 983 531 1021 adtollens
551 992 661 1036 pater
677 984 900 1036 Apenninus
921 984 968 1022 ad
987 996 1108 1020 auras.

123 1153 217 1176 tatem
241 1146 394 1175 orationis
411 1146 549 1187 vulgaris
568 1147 691 1187 singula

124 1193 291 1234 redegeris.

170 1240 236 1278 690
248 1261 256 1276 ‚
275 1239 352 1278 691.
369 1238 572 1279 simplicibus
586 1239 692 1269 verbis

123 1285 232 1315 eadem
254 1285 338 1314 dicta
362 1284 451 1315 Iliad.
474 1296 509 1323 ν,
532 1286 596 1325 789
610 1293 642 1315 et
659 1297 690 1315 v.

100 1340 103 1343 ’
124 1333 202 1372 692.
232 1332 417 1371 Comparari
433 1332 536 1361 solent
554 1342 628 1361 cum
652 1332 690 1362 Π.

124 1390 165 1422 γ,
187 1379 226 1407 81
241 1389 249 1414 ;
268 1377 383 1418 Odys&
410 1388 434 1407 ω
447 1400 455 1414 ,
477 1379 542 1418 529
567 1389 693 1418 sqq.—

124 1426 202 1465 692.
228 1426 381 1464 Increpat
400 1434 453 1453 ore
472 1424 561 1454 facile
578 1426 693 1464 cuique

123 1474 156 1501 iu
181 1477 320 1501 mentem
350 1471 455 1500 veniat
479 1481 486 1502 ε
517 1472 562 1500 sic
589 1478 693 1501 tamen

123 1524 215 1559 poeta
230 1517 284 1546 hic
299 1516 403 1546 noluit
417 1526 425 1547 ε
439 1524 475 1547 ut
488 1524 536 1547 tot
551 1517 609 1547 alia
620 1539 628 1554 ,
644 1528 692 1546 ar-

122 1565 229 1603 gutius
241 1563 343 1600 dicta,
368 1563 485 1603 quibus
504 1565 609 1593 carefe
625 1575 690 1594 ma-

123 1611 193 1640 luit.
207 1626 253 1633 -—
268 1611 346 1649 694.
365 1609 478 1639 Verius
496 1617 560 1647 est,
573 1611 690 1648 justius

125 1663 170 1685 est
180 1678 189 1693 ,
206 1667 256 1685 me
265 1666 368 1685 unum
381 1666 441 1695 pro
455 1657 606 1687 omuibus
618 1668 691 1698 rup-

126 1703 150 1730 ti
166 1701 292 1731 foederis
314 1711 441 1740 poenam
456 1702 558 1738 luere,
576 1710 613 1732 ut
625 1704 690 1741 jam

125 1751 211 1779 Serv.
225 1749 309 1778 Nota
322 1757 408 1776 nunc
421 1749 509 1777 vocis
521 1759 618 1777 verus
632 1750 692 1790 sig-

125 1793 285 1831 nificatio,
302 1792 354 1823 vel
367 1803 408 1822 ex
422 1793 478 1823 illo
492 1795 666 1825 Horatiano
682 1804 690 1824 :

125 1840 236 1870 spleciri
255 1851 288 1870 se
309 1850 466 1880 quemque
488 1850 543 1869 suo
563 1840 692 1870 modulo

125 1898 164 1918 ac
173 1887 260 1928 pede
270 1897 384 1916 verum
403 1893 459 1916 est.

172 1935 236 1974 697
268 1944 337 1973 sqq.
371 1932 544 1963 Praeclarus
575 1933 665 1962 locus
684 1943 691 1963 :

125 1980 305 2020 primumin
312 1979 491 2009 exhibenda
500 1979 695 2019 impatientia

127 2036 222 2056 morae
250 2033 282 2056 et
316 2025 514 2055 festinatione
525 2048 533 2063 ,
565 2032 633 2055 tum
659 2026 695 2055 in

125 2071 339 2111 phantasmate
354 2073 442 2101 mirae
455 2072 589 2101 heroum
609 2081 694 2113 mag-

126 2117 278 2148 nitudinis
288 2119 438 2159 etspeciei
446 2119 600 2159 corporis.
610 2120 694 2148 Prae-

127 2162 298 2204 cipitatque
311 2175 418 2194 moras
426 2175 549 2201 omnes,
562 2171 673 2195 ornate
682 2187 690 2201 ‚

125 2208 192 2239 haec
206 2210 326 2247 omnia,
337 2221 408 2251 quae
421 2222 496 2242 eum
510 2212 625 2242 morari
639 2221 693 2252 po-

749 1151 871 1183 terant,
895 1146 1080 1176 festinanter
1103 1146 1230 1186 agit.—-
1242 1157 1318 1184 7ου,

747 1195 884 1222 Intonat
899 1192 1015 1227 armis,
1044 1199 1151 1221 tantus
1173 1194 1316 1232 eorporis

746 1239 851 1279 specie
862 1261 870 1276 ,
902 1245 1041 1278 quantus
1071 1237 1183 1268 Athos.
1214 1240 1317 1268 Etiam

746 1288 867 1315 Hector
886 1284 970 1324 apud
982 1286 1160 1314 Homerum
1176 1284 1266 1314 Iliad.
1285 1296 1298 1314 ν
1310 1307 1319 1321 ,

750 1333 815 1370 754
836 1328 960 1374 “wlff-0⁷³
975 1329 1040 1372 ὄρεϊ
1051 1328 1183 1372 νιφόεντι
1201 1329 1317 1367 ἐοικὼς,

747 1378 803 1408 sed
817 1378 960 1407 ornatius
976 1379 1068 1407 Maro
1084 1377 1207 1418 singula
1228 1387 1319 1407 mou-

748 1426 827 1454 tium
852 1424 982 1453 nomina
1005 1424 1117 1464 ponit,
1138 1423 1226 1463 quod
1251 1422 1320 1453 effi-

747 1472 852 1500 cacius
875 1469 914 1499 ad
942 1480 1052 1500 sensus
1075 1470 1232 1510 impulsus
1261 1477 1317 1500 est.

746 1519 794 1549 Ne
810 1523 915 1547 autem
929 1518 1001 1556 quis
1020 1527 1095 1546 cum
1110 1517 1246 1557 Spencio
1261 1518 1320 1546 Po-

744 1565 823 1605 lym.
849 1575 881 1604 p.
907 1563 971 1599 248
996 1563 1162 1592 simulacra
1186 1562 1319 1593 deorum

744 1611 903 1641 montium
920 1610 1052 1651 cogitet,
1068 1619 1202 1640 moneo:
1213 1611 1258 1639 sic
1272 1617 1320 1640 to-

745 1664 775 1687 ta
786 1658 833 1686 vis
843 1663 874 1686 et
888 1653 1023 1691 δεινότης
1033 1657 1165 1697 poeticae
1174 1657 1319 1698 imaginis

745 1705 847 1744 perit,
869 1713 941 1743 quae
965 1703 1084 1742 alioqui
1113 1702 1252 1732 multum
1277 1712 1318 1732 ex

745 1750 802 1779 illo
826 1749 939 1786 habet,
956 1749 1044 1788 quod
1068 1744 1316 1788 εὐφαντασιῶδες

747 1795 852 1824 dicere
875 1795 959 1824 licet.
983 1795 1087 1823 Duxit
1110 1794 1186 1823 hine
1208 1794 1318 1823 Milto-

745 1851 807 1870 nus
823 1839 1026 1880 magnificum
1037 1849 1072 1869 ac
1085 1839 1220 1869 sublime
1234 1839 1317 1869 illud

745 1888 866 1916 Satanae
875 1886 1074 1926 phantasma:
1085 1885 1210 1915 dilaced
1214 1886 1316 1924 stood,

749 1932 827 1961 Like
848 1932 1003 1973 Teneriſj‘
1023 1943 1060 1961 or
1085 1932 1196 1967 Atlas,
1224 1942 1315 1962 unre-

748 1979 856 2008 mov'd
867 1989 878 2008 .·
900 1978 960 2008 His
977 1986 1096 2008 stature
1117 1976 1252 2008 reach'd
1263 1977 1316 2008 the

748 2026 824 2064 sky,
841 2025 912 2054 and
926 2036 968 2054 on
993 2023 1042 2054 his
1065 2031 1146 2054 crest
1160 2025 1219 2054 Sat
1231 2025 1315 2055 Hor-

749 2082 802 2101 ror
810 2071 946 2111 plmn’cl.
960 2071 1068 2102 Parad.
1078 2071 1152 2101 lost.
1163 2072 1222 2108 IV,
1234 2071 1313 2111 986.

751 2117 951 2160 Cumsremic
963 2125 1133 2149 ventorum
1149 2118 1317 2159 procellis:

747 2164 823 2194 hinc
846 2171 877 2194 et
895 2175 1031 2195 coruscoe
1050 2165 1156 2201 ilices,
1177 2165 1315 2194 variante

747 2212 866 2241 variato
893 2211 1045 2242 arborum
1064 2218 1155 2242 motu
1181 2211 1253 2241 luce
1285 2217 1315 2240 et
