1414 2435
116 87 157 120 ’42
620 83 813 114 AENEIDOS

113 145 200 180 Non
221 150 295 177 tam
314 141 432 190 spissa
452 140 554 177 viris.
574 141 754 177 Telorum
773 139 972 176 effundere
993 148 1128 176 contra

118 203 239 238 Omne
260 213 375 249 genus
394 201 548 250 Teucri,
568 213 611 237 ac
630 200 734 238 duris
755 199 961 237 detrudere
981 199 1121 244 contis,
1263 203 1312 227 ⁵¹⁰

119 261 278 298 Adsueti
296 261 407 311 longo
427 274 556 298 muros
573 260 775 297 defendere
793 260 893 298 bello
914 276 923 297 τ

119 322 218 356 Saxa
236 332 387 369 quoque
406 320 543 357 infesto
562 319 766 357 volvebant
784 319 970 369 pondere,
990 320 1022 356 si
1040 333 1114 369 qua

118 381 274 415 Possent
292 387 428 416 tectam
446 380 565 415 aciem
582 392 849 429 perrumpere3
871 392 988 428 quum
1007 387 1132 415 tamen
1151 377 1274 414 omnis

119 441 233 474 Ferre
249 439 358 488 juvat
376 438 508 476 subter
526 439 642 475 densa
660 438 848 475 testudine
868 451 986 475 casus.

115 500 150 534 N
154 511 195 534 ec
210 499 287 548 jam
310 499 502 535 sufficiunt
522 512 530 533 :
550 511 656 543 nam,
677 511 752 547 qua
769 497 904 547 globus
920 498 1078 535 inminet
1094 499 1242 548 ingens,
1265 506 1311 530 ⁵15

115 561 311 595 Inmanem
330 559 468 596 Teucri
488 559 625 595 molem
643 558 878 606 volvuntque
897 565 1107 606 ruuntque,

117 620 212 664 Quae
232 619 365 656 stravit
380 619 542 655 Rutulos
564 619 658 663 late,
676 630 946 666 armorumque
962 617 1117 654 resolvit

115 679 307 728 Tegmina.
327 681 408 716 Nec
425 687 559 715 curant
579 691 678 715 caeco
696 677 924 714 contendere
945 679 1068 719 Marte

115 739 288 788 Amplius
307 738 467 775 audaces
486 737 638 784 Rutuli,
657 737 724 774 sed
741 736 883 787 pellere
901 737 1000 773 vallo

118 796 326 834 Missilibus
346 807 501 834 certant.

1269 806 1317 830 520

116 861 225 894 Parte
246 858 318 894 alia
336 857 548 894 horrendus
565 858 649 893 visu
668 857 871 906 quassabat
891 859 1089 894 Etruscam

114 918 267 963 Pinum,
287 925 323 954 et
343 917 536 954 fumiferos
556 917 669 953 infert
686 918 900 954 Mezentius
921 917 1029 966 ignis.

114 981 165 1015 At
182 979 396 1027 Messapus,
416 990 556 1026 equum
577 976 760 1022 domitor,
782 977 974 1026 Neptunia
995 977 1142 1026 proles,

116 1038 311 1075 Rescindit
326 1038 467 1074 vallum
479 1065 489 1082 ‚
509 1046 547 1074 et
565 1037 681 1074 scalas
701 1036 740 1072 in
759 1036 897 1073 moenia
918 1037 1050 1085 poscit.

166 1100 263 1142 Vos,
284 1110 306 1133 o
327 1097 512 1145 Calliope,
529 1108 683 1145 precor,
705 1095 894 1145 adspirate
914 1095 1080 1141 canenti3
1264 1106 1312 1131 525

116 1159 219 1203 Quas
235 1155 290 1192 ibi
311 1164 400 1193 tunc
418 1156 519 1192 ferro
537 1164 698 1205 strages,
719 1167 803 1204 quae
823 1155 956 1191 funera
972 1157 1122 1193 Turnus

114 1324 188 1343 vere
207 1320 339 1344 tentent.
349 1317 455 1354 Rupta
471 1323 507 1342 ac
519 1313 622 1342 soluta
632 1319 688 1342 tes-

115 1360 225 1389 tudine
235 1383 243 1396 ,
264 1371 295 1390 v.
313 1361 491 1397 515—517
517 1358 688 1388 missilibus

114 1417 130 1435 e
145 1406 324 1447 longinquo
344 1417 451 1436 muros
473 1412 689 1446 propugnato-

113 1452 203 1481 ribus
220 1452 354 1483 nudant.
369 1452 512 1483 Tandem
526 1463 556 1481 v.
573 1452 613 1480 52
624 1461 635 1480 1
652 1451 687 1480 in

115 1499 228 1527 turrim
250 1499 387 1538 impetus
409 1497 546 1538 fit:igue
568 1498 686 1526 immis-

113 1554 150 1573 so
162 1566 170 1580 ‚
200 1545 338 1583 expulsis
371 1544 519 1580 Trojanis
554 1544 685 1571 irruunt

114 1589 239 1620 Rutuli.
272 1591 391 1619 Versus
424 1590 462 1619 51
476 1599 486 1618 ι
520 1589 685 1629 ingenioso

114 1642 296 1665 commento
310 1646 326 1664 a
342 1642 433 1675 poeta
449 1635 627 1673 subjicitur.
639 1649 686 1656 —

117 1682 135 1711 5
145 1692 155 1711 1
164 1692 193 1711 2.
213 1681 334 1723 Inseseo
344 1681 487 1721 pondere
503 1691 561 1721 pro
578 1680 665 1720 gravi
678 1701 686 1715 ,

114 1735 145 1758 et
173 1727 215 1757 ol)
248 1728 431 1768 gravitatem
459 1728 604 1757 exitioso.
638 1742 685 1748 —

117 1774 193 1804 518.
213 1774 304 1804 Caeco
322 1775 428 1803 Marte
442 1773 502 1802 sub
518 1771 684 1807 testudine,

115 1830 209 1860 quam
229 1819 325 1850 modo
341 1827 457 1849 tectam
473 1818 576 1848 aciem
594 1825 624 1848 et
640 1828 687 1846 ar-

116 1877 238 1896 morum
257 1865 398 1907 tegmina
415 1865 556 1902 dixerat;
572 1874 687 1905 puguae

116 1919 204 1941 tectae
233 1913 409 1952 opponitur
434 1922 539 1952 pugna
570 1918 686 1951 aperta.

117 1959 206 1987 —52
217 1969 243 1989 ι.
254 1958 353 1988 Pinus
365 1958 451 1987 nulla
465 1958 522 1987 alia
535 1964 581 1987 est
593 1967 687 1997 quam

116 2004 246 2038 ardeus.
271 2014 342 2044 qum
367 2015 424 2044 pro
443 2005 509 2033 face
535 2009 623 2033 esset.
641 2020 687 2025 —-

123 2050 195 2085 52⁴¹..
223 2050 435 2080 Transcendit
457 2060 491 2080 v.
517 2048 609 2080 codd.
633 2048 686 2078 nd-

117 2095 246 2126 modum
278 2098 391 2125 vetusti
423 2095 507 2136 apud
536 2095 685 2126 Pieriam.

118 2141 304 2172 Pruna-indic
326 2153 372 2181 pr.
399 2143 512 2172 Morrt.
537 2148 567 2171 et
585 2153 601 2171 n
620 2151 683 2170 ma-

115 2199 203 2219 nusc.
219 2199 266 2229 pr.
280 2189 360 2218 Vsu.
376 2188 434 2217 Sed
451 2187 610 2218 Risi-indic
621 2197 683 2217 rcc-

741 1319 788 1349 te‚
817 1320 855 1342 nt
884 1325 979 1354 supra
1008 1315 1166 1346 vellebant
1199 1317 1308 1347 vanos.

790 1359 855 1389 525
871 1370 956 1400 seqq.
972 1361 1122 1391 Praeclara
1137 1361 1204 1392 haec
1220 1372 1227 1393 :
1243 1363 1315 1393 facit

741 1405 826 1435 enim
847 1407 1013 1436 Musarum
1033 1408 1194 1439 invocatio
1213 1408 1312 1449 pluri-

740 1461 829 1480 mum
845 1451 883 1481 ad
899 1453 1130 1484 convertendos
1142 1455 1264 1484 animos
1277 1455 1310 1483 iu

740 1497 885 1526 Turnum
895 1519 904 1533 ‚
919 1499 976 1536 qui
999 1509 1088 1528 nuuc
1109 1499 1204 1529 rebus
1218 1502 1310 1541 gestis

739 1548 807 1571 erat
825 1543 1030 1573 illustrandus
1048 1553 1055 1573 τ
1071 1544 1168 1574 modo
1185 1556 1250 1575 non
1269 1557 1309 1576 ex

740 1589 880 1618 Homero
902 1591 1007 1618 omnia
1031 1591 1124 1620 nimis
1148 1591 1310 1622 manifeste

739 1641 841 1663 esseut
869 1635 1033 1671 translata;
1068 1647 1083 1666 a
1111 1647 1176 1677 quo
1208 1643 1312 1668 tamen
1363 1635 1368 1639 ’

739 1681 870 1709 omnino
889 1681 1072 1722 diligentius
1085 1689 1230 1713 curatum
1245 1691 1310 1722 est,

739 1732 774 1755 ut
787 1749 794 1762 ‚
816 1736 887 1766 quae
907 1728 1061 1765 narravit,
1074 1739 1140 1758 nou
1153 1740 1193 1758 ex
1210 1737 1311 1770 poetae

739 1773 886 1812 ingenio,
906 1772 960 1802 sed
985 1784 1002 1803 a
1023 1781 1126 1804 vetere
1146 1774 1224 1804 fama
1239 1786 1311 1815 pro-

740 1818 820 1847 fecta
834 1829 899 1848 esse
915 1819 1113 1856 viderentur,
1130 1830 1224 1860 quam
1240 1823 1310 1852 Mu-

740 1874 781 1893 sae
789 1864 1036 1905 suppeditarent.
1048 1867 1084 1895 Iu
1096 1866 1229 1907 Virgilio
1239 1878 1311 1897 con-

742 1917 787 1939 tra
818 1912 911 1940 nimis
942 1911 1140 1941 manifestum
1177 1919 1222 1942 est
1232 1935 1240 1949 ,
1270 1925 1310 1944 ex

741 1957 867 1995 poetico
881 1955 1012 1986 artificio
1026 1964 1078 1986 aut
1092 1957 1228 1988 formula
1239 1970 1310 1999 poe-

742 2003 801 2030 tica
818 2002 884 2031 haee
897 2012 961 2032 esse
977 2004 1102 2033 inserta.
1116 2005 1188 2037 l'os.
1206 2016 1224 2034 ο
1242 2006 1311 2036 Cal-

740 2046 833 2086 liope.
863 2049 1013 2089 Exempla
1043 2049 1196 2091 enallages
1207 2073 1215 2088 ‚
1252 2063 1308 2082 seu

739 2093 903 2134 syllepsios
915 2117 922 2129 ,
945 2106 974 2124 v.
993 2106 1042 2136 ap.
1059 2095 1152 2126 Cerd.
1167 2104 1198 2126 et
1214 2098 1307 2135 alios,

740 2146 775 2169 ut
790 2150 892 2180 nuper
908 2142 939 2170 in
950 2143 1101 2183 Heusing.
1117 2142 1154 2172 nd
1166 2143 1229 2174 off.
1242 2145 1307 2175 Cic.

738 2186 1023 2226 px·;1·f.p.37.-—Y.
1043 2188 1078 2218 11.
1096 2187 1122 2225 ξ,
1138 2190 1200 2220 508
1213 2201 1308 2231 sq.—
