1414 2435
519 63 553 92 P.
580 62 762 93 VIRGILII
787 64 985 95 MARONIS

709 158 793 193 VII.

159 310 364 335 RELICTIS
387 310 503 334 ALIIS
521 311 721 343 STUDIIS,
748 311 1070 338 PHILOSOPHIAM
1095 315 1348 338 EPICUREAM

592 371 914 395 AMPLECTITUR.

212 502 268 536 Ite
285 498 390 545 hinc,
409 499 538 537 inanes
556 500 751 537 rhetorum
772 501 946 551 manipli,

206 560 345 602 ,Inflata
361 572 448 596 rore
465 572 539 595 non
560 559 726 596 Achaico
750 559 882 606 turba,

210 622 258 656 Et
274 633 361 666 vos,
382 619 474 665 Sile,
493 618 645 665 Albuti,
662 620 908 669 Arquitique,
929 623 1146 670 Van-mque,

210 679 530 716 Scholasticorum
549 679 652 716 natio
672 679 825 716 madens
845 680 995 729 pingui3

210 741 267 775 Ite
286 737 391 783 hinc,
412 739 532 775 inanis
552 738 991 788 cymbalonjuventuti53
1335 747 1349 771 ⁵

210 800 361 846 Tuque,
381 809 404 832 o
424 809 592 833 mearum
611 811 721 843 cura,
743 801 874 843 Sexte,
893 812 1086 844 curarum,

211 857 323 902 Vale,
343 855 499 902 Sabine3
513 856 594 906 jam
612 856 734 892 valete
755 856 922 893 formosi.

210 919 288 954 Nos
305 916 352 953 ad
371 915 502 952 beatos
518 917 602 953 vela
621 916 804 952 mittimus
823 924 974 965 portus,

211 975 340 1023 Magni
358 983 526 1023 petentes
545 974 656 1011 docta
675 974 774 1011 dicta
795 975 970 1023 Syronis,

211 1034 412 1082 Vitamque
432 1032 480 1069 ab
499 1034 602 1070 omni
621 1033 898 1070 vindicabimus
915 1046 1017 1071 cura.
1322 1051 1350 1067 ιο

212 1095 270 1130 Ite
288 1092 394 1138 hinc,
415 1094 604 1140 Camenae3
621 1106 690 1131 vos
710 1107 862 1143 quoque
881 1094 999 1131 limite
1018 1106 1144 1140 saevae,

212 1153 349 1189 Dulces
369 1155 557 1200 Camenae;
578 1167 665 1191 nam
685 1154 890 1191 fatebimur
905 1167 1057 1200 verum,

210 1214 348 1250 Dulces
367 1214 497 1251 fuistis.
519 1217 566 1251 Et
586 1223 709 1252 tamen
728 1228 829 1252 meas
845 1215 994 1253 chartas

213 1274 438 1322 Revisitot03
461 1275 526 1312 sed
548 1275 750 1325 pudenter,
770 1286 808 1313 et
827 1287 925 1312 raro.

405 1439 477 1468 vn.

207 1540 461 1582 comparandum
499 1548 545 1572 est
574 1553 615 1573 ex
639 1551 727 1584 parte

158 1588 285 1617 initium
302 1589 392 1618 Ciris.

207 1643 237 1663 2.
263 1635 324 1663 Ros
348 1632 523 1668 Achaicus,
549 1640 585 1662 ut
614 1634 724 1664 Cecro-

155 1677 226 1718 pius
245 1689 310 1714 ros,
332 1677 371 1708 de
387 1679 583 1718 eloquenda
601 1690 657 1709 seu
676 1691 725 1710 ro-

158 1735 224 1753 rem
233 1746 241 1760 ‚
255 1735 318 1764 quo
329 1724 443 1754 cicada:
455 1732 639 1764 pascuntur,
652 1736 706 1756 seu
715 1749 723 1763 ‚

158 1769 245 1809 quod
276 1771 399 1808 malim,
424 1771 486 1801 mel
513 1772 653 1802 Atticum
679 1783 726 1803 re-

157 1817 236 1856 spici
249 1815 376 1847 dixeris.

205 1889 235 1918 4.
262 1885 294 1913 Si
318 1884 444 1925 Virgilii
465 1892 544 1915 esset
568 1885 629 1916 hoc
652 1897 724 1916 vere

157 1930 365 1969 poemation‚
400 1932 613 1971 antiquissima
644 1932 725 1962 forte

156 1974 223 2004 haec
237 1983 316 2005 esset
330 1978 432 2013 vocis,
446 1976 722 2014 Scholasticorum,

155 2022 336 2053 auctoritas.
355 2023 490 2052 Madens
503 2024 622 2065 pingui
628 2036 641 2060 ;
660 2024 724 2055 ‹lic-

156 2071 225 2095 tum
256 2067 290 2097 τὸ
326 2068 448 2110 pingue
463 2092 472 2105 ,
512 2081 571 2110 pro
608 2070 698 2110 adipe
715 2093 723 2107 ‚

155 2120 301 2150 omento,
316 2114 456 2155 adeoque
475 2115 514 2145 de
529 2123 658 2156 stupore
677 2118 723 2146 in-

153 2159 258 2197 genii3
289 2161 418 2190 madere
449 2168 554 2191 nutem
581 2173 640 2203 pro
667 2162 724 2192 ob·

781 1439 914 1471 ductum
928 1452 1011 1479 esse,
1026 1441 1167 1484 adeoque
1175 1443 1351 1484 perfusum,

780 1487 953 1518 imbutum.
968 1489 1012 1519 Ut
1025 1490 1065 1519 sit
1078 1499 1087 1520 2
1103 1496 1134 1519 et
1145 1500 1211 1526 VOS,
1224 1499 1244 1520 0
1253 1501 1352 1532 gram-

782 1534 906 1571 matici,
931 1544 1064 1565 acumen
1091 1535 1168 1565 falso
1186 1537 1350 1574 jactantes.

828 1599 858 1629 5.
883 1600 1004 1629 Notum
1027 1607 1073 1629 est
1090 1610 1208 1630 nomen
1230 1601 1351 1642 Apioni

778 1646 983 1684 grammatico
997 1655 1013 1674 a
1025 1645 1155 1675 Tiberio
1170 1646 1290 1677 Caesare
1304 1649 1352 1678 in-

779 1689 882 1719 ditum
897 1712 906 1727 ‚
938 1701 1037 1731 quum
1067 1701 1141 1721 eum
1171 1692 1349 1731 cymbalum

781 1735 894 1765 mundi
907 1737 1092 1777 appellaret,
1109 1737 1197 1778 quod
1209 1737 1250 1768 ad
1261 1740 1350 1778 juve-

779 1792 856 1811 num
874 1793 964 1812 aures
978 1784 1153 1824 loquaciter
1169 1791 1201 1814 et
1213 1785 1350 1816 inaniter

779 1835 941 1869 streperet.

825 1887 855 1917 8.
879 1888 946 1916 Nos
969 1887 1016 1917 ad
1031 1887 1140 1918 beatos
1157 1887 1237 1917 vela
1253 1889 1347 1920 mieci-

779 1943 846 1962 mus
858 1941 978 1972 porcus.
995 1935 1067 1963 Non
1085 1940 1121 1963 ut
1136 1933 1277 1964 Athenas
1295 1946 1348 1966 na·

779 1979 860 2019 viget
875 1989 882 2009 ε
897 1979 951 2009 sed
965 1986 1000 2008 ut
1014 1978 1054 2008 ad
1066 1978 1298 2019 philosophiam
1314 1992 1347 2012 se

779 2025 921 2054 conferre
940 2024 1041 2061 dicat,
1055 2035 1126 2064 quae
1140 2026 1273 2064 sapienti
1287 2037 1346 2067 pro

778 2077 874 2110 portu
897 2077 957 2106 est,
982 2076 1012 2099 et
1035 2071 1233 2100 securitatem
1259 2078 1343 2102 tran-

776 2116 1025 2156 quillitatemque
1037 2116 1134 2146 affert.
1147 2116 1282 2149 Audivit
1295 2128 1345 2149 nu-

777 2168 840 2191 tem
859 2163 950 2193 Maro
965 2165 1120 2204 Syronem
1140 2165 1259 2194 Romae.
