1414 2435
163 119 230 150 290

667 105 864 135 AENEIDOS

156 170 245 205 Non
261 171 411 216 poterat
430 176 438 198 :
457 172 540 200 tum
556 174 650 199 vero
667 174 796 199 amens
816 161 1020 199 formidine
1038 164 1211 210 Turnus,

158 246 174 262 «
195 231 342 273 Faune,
362 237 519 276 precor,
539 223 738 271 miserere,
759 223 902 274 inquit3
923 232 1041 274 tuque
1061 223 1208 274 optima
1223 223 1367 262 ferrum

157 291 276 327 Terra
295 297 399 325 tene:
421 285 522 323 colui
540 293 688 323 vestros
707 285 739 322 si
759 297 910 335 semper
926 284 1112 331 honores,

159 352 264 396 Quos
281 357 415 386 contra
433 346 614 387 AEneadae
632 345 735 383 bello
756 345 881 383 fecere
901 345 1095 395 profanos.
1114 361 1129 378 »

156 411 282 457 Dixit,
302 422 492 460 opemque
509 407 573 445 dei
591 419 670 444 non
690 419 796 444 cassa
814 406 854 443 in
870 415 962 444 vota
980 407 1146 444 vocavit.
1321 415 1369 447 780

155 474 330 521 Namque
350 470 418 507 diu
436 470 603 517 luctans,
623 469 804 518 lentoque
821 467 861 504 in
883 467 1002 518 stirpe
1021 474 1211 514 moratus,

155 531 312 569 Viribus
331 530 437 568 haud
456 530 542 568 ullis
559 529 680 568 valuit
699 529 915 566 discludere
932 541 1083 566 morsus

155 592 323 630 Roboris
341 595 479 630 AEneas
497 606 506 629 :
528 591 620 628 dnm
639 591 776 628 nititur
795 603 900 638 acer,
920 600 958 629 et
978 591 1093 629 instat
1105 620 1115 636 ‚

155 657 303 692 Rursus
320 653 360 691 in
382 653 525 704 aurigae
544 653 681 690 faciem
699 660 845 690 mutata
864 650 1016 687 Metisci

155 716 370 762 Procurrit,
391 715 578 763 fratrique
597 726 727 750 ensem
746 713 818 750 dea
836 712 990 750 Daunia
1008 711 1146 750 reddit.
1324 721 1371 754 78⁵

161 775 276 822 Quod
291 777 421 812 Venus
443 774 579 810 audaci
595 773 788 823 Nymphae
807 772 1005 824 indignata
1024 773 1159 819 licere,

159 836 354 881 Adcessit,
374 835 568 883 telumque
587 833 662 870 alta
682 832 730 870 ab
750 833 880 870 radice
902 833 1062 870 revellit.

158 897 235 935 Olli
254 895 453 941 sublimes,
474 893 588 931 armis
608 893 820 943 animisque
837 893 990 939 refecti,

159 957 231 994 Hic
252 955 377 1006 gladio
398 954 536 1001 fidens,
556 953 619 991 hic
637 967 724 991 acer
744 963 782 992 et
803 953 946 992 arduus
966 954 1091 1002 hasta,

161 1017 359 1055 Adsistunt
378 1024 512 1053 contra
529 1015 736 1053 certamine
753 1015 889 1053 Martis
908 1015 1045 1053 anheli.
1324 1034 1372 1060 79⁰

158 1171 252 1202 lenda
271 1180 367 1212 opera
393 1171 526 1211 ponitur
542 1170 582 1201 ab
602 1169 732 1204 Astero-

159 1229 229 1260 paeo
246 1217 335 1249 Iliad.
360 1227 402 1259 φ,
425 1217 488 1254 184
505 1229 574 1260 sqq.
590 1235 637 1241 -—
654 1219 732 1258 778.

162 1265 255 1296 Colm'
256 1289 313 1297 .....
328 1263 479 1301 honores,
498 1272 535 1295 ut
552 1275 560 1297 :
575 1275 662 1295 sacra
680 1277 736 1297 co-

158 1313 239 1350 lere,
258 1312 427 1353 religiones
447 1312 656 1351 colere.—78
667 1323 678 1343 t
689 1331 735 1337 ——

160 1360 237 1398 783.
265 1362 369 1401 Quam
391 1361 519 1390 ornate!
540 1370 611 1390 non
629 1362 737 1401 potuit

158 1407 293 1437 evellere
307 1406 440 1437 hastam.
453 1408 554 1437 Lento
571 1406 603 1437 in
617 1407 713 1448 stirpe
722 1420 736 1444 ‚-

158 1452 246 1494 quod
256 1465 270 1492 7
279 1463 294 1491 7
303 1454 320 1483 3
333 1453 423 1482 lenta
435 1453 468 1483 ιἰι
478 1453 599 1484 radice.
612 1454 737 1484 Discln-

159 1500 233 1530 dere
245 1510 365 1530 morsus
375 1500 493 1530 roboris
503 1500 644 1539 ejusdem
655 1501 736 1531 radi-

159 1547 202 1577 cis
216 1557 273 1576 seu
290 1547 412 1583 trunci,
430 1548 487 1588 qui
509 1547 738 1578 ferramentum

159 1594 255 1623 hastae
268 1599 352 1622 arcte
362 1593 528 1633 amplexus
543 1601 620 1631 erat,
633 1601 668 1624 ut
677 1593 738 1624 dif—

160 1639 244 1669 ficile
254 1646 335 1669 esset
345 1639 648 1671 adsolvendum.Sic
659 1651 739 1670 mor-

161 1686 402 1729 detsibula.—7
411 1686 427 1715 8
435 1686 464 1717 5.
484 1687 570 1716 Facit
579 1688 719 1717 Juturna
728 1709 735 1723 ,

161 1732 249 1774 quod
261 1733 360 1763 Pallas
368 1734 402 1762 in
412 1733 548 1763 Achillis
558 1735 690 1774 gratiam
699 1734 735 1764 11.

160 1790 183 1819 χ
193 1802 201 1816 ,
214 1780 360 1818 2ti7.—·7
369 1779 423 1819 89.
435 1779 580 1816 Arduus,
598 1787 634 1810 ut
644 1780 718 1810 alias
729 1804 737 1817 ‚

162 1827 261 1856 elatus
290 1827 397 1856 animo
409 1849 418 1863 ,
455 1824 558 1856 fidens
571 1849 579 1864 ‚
620 1827 736 1858 audax.

161 1874 211 1904 Sic
225 1884 321 1914 snpra
337 1874 423 1903 altus
434 1874 569 1905 AEneas.
584 1874 740 1904 Sublimes

163 1919 259 1950 armis
269 1921 412 1961 jungunt
427 1920 481 1951 alii
495 1930 503 1951 :
523 1921 604 1952 male
620 1921 682 1953 hic.
692 1940 740 1945 —

166 1977 243 2007 ¹590.
265 1967 436 1998 Adsiscnnc
450 1975 563 1998 contra
589 1969 739 1999 certami-

164 2024 207 2043 na
224 2025 235 2043 .·
255 2015 351 2044 veliin
383 2015 569 2053 Heinsium,
600 2017 657 2056 qui
680 2016 742 2047 hoc

165 2062 328 2102 reposuit,
349 2062 407 2091 etsi
421 2063 484 2101 jam
501 2063 740 2093 Commelinum

165 2118 181 2136 e
210 2108 305 2139 Palat.
330 2108 415 2138 idem
440 2110 596 2150 recepisse
623 2109 718 2140 video
729 2133 738 2148 ‚

162 2153 212 2183 vel
225 2156 443 2186 Bai-manuum
457 2157 659 2197 exposuisse,
676 2167 740 2197 qua

162 2201 284 2230 ratione
301 2201 360 2231 hoe
375 2202 495 2231 dictum
510 2204 560 2234 sit.
577 2203 741 2234 Exhibeat

165 2247 276 2287 utique
294 2247 356 2278 hoc
378 2248 492 2280 Medic.
511 2249 607 2290 (nam
624 2253 739 2282 Roma-

786 1182 848 1202 nus
861 1171 914 1201 hic
928 1180 1060 1202 mancus
1070 1172 1143 1214 est),
1157 1172 1304 1210 Memel„
1319 1182 1370 1203 ce-

787 1221 912 1260 terique
927 1219 1037 1250 Heins.
1048 1241 1057 1256 ,
1073 1221 1182 1260 sicque
1198 1218 1272 1251 edd.
1288 1225 1366 1250 vett.

787 1264 847 1298 Ed.
875 1277 924 1307 pr.
953 1267 1064 1297 Burm.
1090 1267 1222 1297 Venetae
1247 1273 1368 1298 nostrae

794 1314 893 1351 1484,
915 1314 1014 1351 1486.
1032 1314 1115 1344 Hinc
1139 1313 1224 1351 aliae,
1247 1321 1286 1345 ut
1300 1313 1367 1346 No-

790 1360 885 1392 rimb.
924 1369 955 1392 et
985 1362 1108 1391 Veneta
1139 1361 1227 1402 1495
1239 1383 1248 1398 ,
1283 1366 1368 1397 etc.;

789 1409 866 1438 item
888 1409 1014 1450 Egnatii
1033 1409 1176 1439 recensio
1187 1431 1196 1446 ,
1214 1406 1372 1437 Insistune

790 1462 903 1485 contra
934 1455 1140 1486 certamina:
1163 1454 1253 1496 quod
1274 1456 1371 1485 ratio-

789 1513 864 1533 nem
874 1502 980 1534 habet.
989 1504 1041 1533 Sic
1055 1513 1126 1543 sup.
1142 1503 1201 1533 Ge.
1216 1503 1265 1532 111
1276 1524 1285 1539 ,
1305 1501 1367 1531 161

793 1548 952 1589 viamque
979 1549 1090 1579 insiste
1119 1547 1288 1578 domandi.
1309 1550 1372 1580 Ra-

792 1596 915 1625 tionem
938 1595 1036 1624 habct
1058 1603 1190 1635 quoque
1214 1595 1370 1630 alterum,

792 1640 880 1682 quod
933 1652 1044 1671 verum
1097 1651 1163 1671 esse
1209 1640 1370 1679 arbitror,

791 1687 945 1729 quodque
958 1689 1087 1719 Servius
1101 1687 1178 1717 alios
1191 1687 1294 1728 legere
1307 1688 1370 1724 ait,

794 1734 965 1765 Adsismne
979 1742 1093 1765 contra
1104 1733 1281 1765 certamine
1296 1744 1306 1763 .·
1325 1735 1371 1764 sic

791 1789 878 1812 stare
890 1804 898 1819 ,
916 1781 1048 1812 adstare
1058 1805 1067 1817 ,
1083 1780 1302 1824 παραιςσιτεῖν,
1317 1781 1373 1810 ad-

793 1829 922 1865 sistere,
943 1828 983 1859 de
1005 1829 1217 1865 certantibus,
1237 1833 1275 1859 ut
1298 1837 1370 1868 sup.

794 1879 838 1907 XI
851 1899 859 1913 ‚
882 1886 898 1915 7
911 1886 960 1906 10.
981 1875 1102 1906 Contra
1113 1898 1121 1912 ‚
1137 1872 1251 1912 ἀντίον,
1262 1870 1368 1907 ἄντην.

794 1925 902 1964 Atque
927 1923 988 1953 hoc
1015 1922 1170 1952 exhibent
1192 1921 1320 1961 Menag.
1340 1927 1373 1951 et

794 1972 900 2011 Spu-ot.
911 1980 985 2000 cuin
993 1968 1091 2000 Goth.
1101 1968 1231 2004 tert.‚ita
1239 1977 1374 2008 quoque

795 2016 977 2047 ediditAld.
987 2016 1093 2046 statim
1103 2015 1137 2044 in
1150 2025 1196 2055 pr.
1209 2013 1274 2051 ed„
1283 2013 1371 2055 quod

794 2070 975 2104 sequuntur
999 2062 1070 2099 alii,
1092 2068 1127 2091 ut
1142 2061 1270 2102 steph„
1286 2061 1340 2091 alii
1353 2072 1374 2091 ο

796 2111 930 2152 vulgatis
957 2108 1111 2138 Insiseune
1139 2116 1253 2138 contra
1272 2114 1374 2138 certa-

795 2157 889 2193 mine,
903 2155 991 2197 qnod
1008 2155 1136 2186 Paullus
1154 2156 1319 2186 Manutius
1327 2155 1373 2185 in-

795 2204 902 2234 tulisse
916 2202 1053 2234 videtur.
1069 2202 1118 2232 vel
1136 2203 1292 2234 lusismm
1300 2212 1373 2232 con-

795 2257 845 2280 tra
867 2257 942 2281 cert.
959 2249 1046 2292 quod
1064 2251 1232 2292 Egnatium
1251 2248 1374 2280 dedisse
