1414 2435
553 87 675 118 LIBER
699 89 758 117 XI.
885 69 895 73 ”
1186 91 1246 118 ην.

29 166 36 173 .
57 147 271 181 Decurrere
290 155 416 193 rogos;
443 151 499 179 ter
518 152 691 180 moestum
710 144 851 180 funeris
869 145 993 194 ignem

59 206 286 241 Lustravere
305 204 344 239 in
363 203 486 252 equis,
506 203 746 252 ululatusque
766 217 832 240 ore
852 204 1001 242 dedere.
1205 223 1250 245 150

60 263 259 312 Spargitur
277 269 314 298 et
333 262 440 298 tellus
459 261 640 308 lacrimis,
659 272 888 312 sparguntur
908 272 944 299 et
965 276 1078 300 arma.

59 325 95 359 It
114 321 207 358 coelo
227 321 442 371 clamorque
461 321 605 367 virum,
627 322 854 371 clangorque
873 321 1060 359 tubarum.

58 381 157 418 Hinc
176 381 240 417 alii
257 381 377 431 spolia
393 381 525 418 occisis
544 381 699 430 derepta
719 382 862 419 Latinis

60 440 273 489 Conjiciunt
292 441 370 490 igni
378 455 388 486 ;
409 441 549 490 galeas,
571 441 744 490 ensisque
764 441 940 487 decoros,

59 501 273 549 Frenaque,
295 500 549 549 ferventisque
568 508 686 546 rotas;
706 514 794 550 pars
814 514 971 538 munera
989 510 1096 548 nota,
1209 511 1253 542 ¹95

59 561 237 608 Ipsorum
254 560 426 609 clypeos,
447 568 484 596 et
503 571 580 595 non
599 560 721 596 felicia
742 560 824 596 tela.

60 619 181 655 Multa
202 619 320 655 boum
339 619 440 655 circa
460 627 673 655 mactantur
691 632 852 670 corpora
871 621 1007 666 Morti,

61 678 337 727 Saetigerosque
357 691 461 723 sues,
482 686 684 728 raptasque
701 691 749 715 ex
768 678 942 715 omnibus
957 679 1060 726 ⁴agris

61 741 107 774 In
126 737 313 773 flammam
327 737 503 786 jugulant
523 737 686 786 pecudes
705 752 712 773 :
734 747 814 773 tum
832 738 941 774 litore
958 745 1038 773 toto

62 796 239 832 Ardentis
255 804 424 845 spectant
441 796 583 841 socios,
600 795 854 844 semiustaque
869 804 1021 832 servant
1209 814 1254 829 ,ιω

62 859 194 902 Busta3
212 867 334 904 neque
353 855 463 891 avelli
481 863 656 904 possunt,
677 866 755 890 nox
769 854 927 890 humida
944 854 1063 890 donec

62 916 221 952 Invertit
240 914 374 951 coelum
390 914 504 951 stellis
524 913 754 963 fulgentibus
775 922 917 963 aptum,

113 977 193 1011 Nec
211 973 334 1010 minus
354 981 391 1010 et
409 973 537 1012 miseri
556 973 706 1013 diversa
724 972 763 1009 in
782 981 889 1022 parte
909 972 1033 1009 Latini

61 1129 198 1159 videtur.
210 1128 378 1158 Praeiverat
385 1129 520 1168 Virgilio
534 1129 630 1168 Apol-

61 1175 128 1204 lon.
143 1175 175 1210 I,
196 1174 296 1212 10593
314 1175 370 1209 IV,
390 1174 542 1204 1535.—
554 1184 629 1214 191.

63 1221 136 1250 Non
164 1220 266 1248 visum
285 1224 331 1247 est
357 1216 454 1247 fidem
478 1219 631 1248 excedere

62 1264 124 1293 hoc
141 1262 315 1293 humectari
327 1261 454 1292 humum
469 1264 609 1293 lacrimis
618 1275 632 1300 ;

62 1310 207 1349 inprimis
222 1309 248 1338 si
264 1309 382 1349 cogites
402 1310 532 1338 immani
542 1310 633 1339 luctu

62 1354 197 1384 subinde
209 1355 244 1383 in
258 1360 373 1383 terram
385 1361 559 1394 prostratos
571 1355 634 1392 eju-

62 1400 144 1429 latus
164 1406 338 1429 moventes.
362 1400 446 1430 conf.
470 1400 509 1429 ad
529 1411 560 1429 v,
578 1400 632 1437 87.

62 1447 111 1475 Ex
125 1445 216 1475 Iliad.
228 1441 259 1484 ψ,
279 1445 318 1473 15
333 1443 460 1474 Δεύοντο
476 1443 632 1487 ψάμαθοι,

62 1487 187 1520 δεύοντο
222 1485 257 1519 δὲ
288 1488 404 1529 τεύχεσι
434 1493 556 1531 φωτῶν.
584 1507 631 1513 —-

68 1547 142 1576 192.
175 1536 316 1576 Clangor
340 1536 497 1566 tubarum.
524 1536 631 1566 Tabas

62 1593 102 1611 ex
130 1593 189 1612 suo
216 1592 284 1611 aevo
307 1581 439 1611 adscivit
461 1583 563 1612 Maro.
586 1599 632 1605 —

67 1628 129 1667 195
139 1649 148 1664 ,
168 1627 242 1667 196.
258 1627 326 1657 Alii
338 1626 423 1656 arma
433 1650 442 1664 ‚
455 1628 574 1668 quibus
587 1629 633 1668 ip-

62 1673 88 1702 si
108 1673 227 1702 mortni
248 1673 299 1701 usi
326 1679 415 1702 erant
425 1695 434 1709 ‚
464 1675 499 1702 in
525 1675 629 1714 ignem

63 1719 241 1756 conjiciunt
260 1727 268 1747 :
301 1728 355 1755 ea,
383 1728 534 1754 munera,
557 1721 631 1758 quia

62 1765 190 1805 proprie
205 1764 248 1793 sic
263 1762 415 1793 dicuntur
430 1765 545 1799 omnia,
561 1775 632 1804 quae

63 1810 102 1841 ad
114 1809 270 1840 honorem
284 1808 450 1839 funebrem
473 1816 630 1849 spectant,

63 1867 129 1887 non
138 1854 275 1896 felicia,
293 1855 410 1895 quibus
423 1854 488 1892 illi,
504 1856 632 1891 mortui,

63 1913 96 1932 se
129 1901 297 1931 defendere
330 1901 543 1940 nequiverunt
555 1924 563 1938 ,
597 1908 633 1930 nt

64 1949 200 1979 Servius.
217 1965 264 1970 —-
284 1956 357 1986 197.
375 1946 473 1975 Morti
486 1954 634 1987 tanquam

65 1993 141 2024 deae.
172 1994 223 2024 Sic
253 1994 380 2024 Servius
402 2002 529 2032 quoque
539 2016 548 2028 ,
578 1994 635 2032 qui

65 2039 171 2069 laudat
180 2039 292 2068 similia
301 2039 371 2068 loca
380 2039 468 2068 Statii
479 2041 524 2067 IV
534 2038 634 2069 Theb.

69 2085 152 2122 528;
170 2086 288 2115 Lucan.
304 2086 370 2120 VI,
388 2084 465 2114 δυο.
487 2084 634 2115 Notabile

66 2137 172 2159 tamen
188 2130 250 2160 hoc
266 2139 274 2160 2
289 2130 363 2160 alias
381 2131 467 2159 Orco
478 2153 486 2166 ‚
506 2131 556 2160 vel
570 2132 635 2160 Ma-

65 2175 159 2207 nibus
172 2182 203 2206 et
217 2176 330 2206 Inferis
344 2176 480 2206 victimae
495 2176 544 2206 hae
557 2186 634 2206 mac-

685 1130 743 1159 tari
763 1129 877 1159 solent.
901 1146 947 1151 —
976 1138 1051 1159 202.
1076 1128 1182 1158 stellis
1205 1140 1254 1158 ar-

684 1174 829 1204 dentibus
858 1184 968 1203 omnes
1011 1173 1104 1204 codd.
1142 1175 1251 1204 Heius.

685 1227 798 1260 praeter
807 1219 977 1256 Montalb„
991 1225 1023 1248 et
1035 1229 1094 1259 pro
1104 1218 1168 1250 div.
1179 1220 1252 1249 lect.

685 1271 759 1295 tert.
775 1266 914 1300 Moret.;
932 1265 1009 1294 item
1026 1264 1123 1294 Goth.
1143 1275 1205 1295 sec.
1223 1272 1254 1294 et

686 1317 770 1345 tert.‚
796 1310 852 1349 qui
872 1308 1069 1350 fitlgentibus
1089 1309 1253 1340 exhibent.

686 1356 807 1385 Pierius
829 1353 876 1384 nil
896 1361 1027 1384 monet:
1051 1365 1110 1383 nec
1128 1354 1255 1384 videtur

686 1402 712 1430 is
733 1401 821 1429 aliter
837 1401 991 1440 scriptum
1011 1400 1047 1428 in
1066 1400 1146 1429 libb.
1169 1401 1256 1429 inve-

686 1447 769 1475 nisse
783 1455 879 1485 quam
892 1444 1076 1474 ardentibus
1086 1456 1097 1474 :
1107 1447 1152 1474 sic
1162 1446 1254 1475 etiam

684 1502 794 1521 omnes
817 1497 894 1521 vett.
918 1490 1008 1526 edd.,
1032 1497 1187 1530 quantum
1213 1492 1257 1520 vi-

685 1537 768 1566 deo:
794 1546 854 1565 nec
879 1536 1012 1565 alterum
1035 1537 1124 1575 prius
1147 1547 1256 1578 occur-

686 1583 727 1611 rit
751 1592 846 1621 quam
868 1582 903 1610 in
921 1581 970 1611 ed.
997 1581 1071 1611 AJd.
1095 1588 1166 1612 tert.
1184 1583 1254 1612 Hoc

686 1629 795 1658 Heius.
818 1628 966 1663 retinnit,
975 1626 1196 1668 fulgentibus,
1219 1635 1256 1656 ut

686 1681 780 1714 poeta
805 1674 904 1702 variet
930 1683 1077 1710 versum,
1094 1675 1150 1712 qui
1171 1672 1255 1703 idem

684 1720 840 1760 repetitur
858 1729 873 1748 a
893 1725 985 1758 poeta
1000 1729 1071 1758 sup.
1091 1720 1157 1754 lv,
1176 1719 1253 1753 482.

685 1781 731 1788 —-
742 1767 848 1804 Usque
863 1764 902 1792 ad
916 1773 1059 1793 auroram
1074 1772 1082 1792 z
1096 1763 1136 1792 ad
1149 1773 1256 1792 sensus

686 1820 825 1840 errorem
845 1810 967 1838 dictum
980 1831 988 1845 ,
1004 1814 1170 1848 poetarum
1187 1819 1254 1838 mo-

687 1866 737 1892 re,
757 1865 793 1884 ac
811 1856 838 1883 si
854 1865 910 1894 per
925 1861 1049 1884 noctem
1064 1855 1182 1884 coelum
1197 1855 1256 1883 cir-

688 1907 873 1941 cumagatur
895 1899 934 1929 ab
958 1899 1122 1929 occidente
1148 1910 1256 1930 versus

688 1948 853 1976 orientem.
891 1948 970 1976 Rem
1007 1946 1106 1985 ipsam
1143 1945 1255 1975 eodem

688 1991 783 2021 modo
804 1992 980 2031 expositam
1005 1991 1091 2020 vides
1109 1990 1198 2021 Iliad.
1214 1990 1234 2031 ψ
1249 2015 1257 2022 .

694 2039 756 2073 154
768 2060 776 2073 ,
794 2038 859 2066 226
874 2047 955 2076 seq.;
974 2048 998 2066 ω
1011 2059 1018 2073 ,
1041 2037 1104 2074 788
1119 2047 1184 2076 seq.
1200 2039 1254 2067 In-

690 2083 793 2113 terdiu
818 2083 951 2112 struitur
977 2091 1095 2123 rogus:
1121 2092 1180 2112 nec
1203 2093 1254 2112 ac-

689 2129 833 2159 cenditur
855 2129 915 2157 nisi
933 2129 1055 2167 vespen'
1070 2137 1078 2158 :
1095 2127 1182 2158 ardet
1200 2139 1256 2168 per

689 2182 823 2206 noctem.
840 2174 951 2204 Altero
974 2173 1043 2211 die,
1066 2173 1117 2203 vel
1140 2174 1232 2204 tertio
1248 2196 1255 2210 ,
