1414 2435
153 59 216 96 372

524 59 558 87 P.
584 56 767 87 VIRGILII
791 56 986 89 MARONIS

149 118 196 152 Et
214 115 245 152 si
266 113 348 163 quis
367 113 540 151 nocuisse
560 113 629 150 tibi
650 115 817 164 perjuria
836 116 983 160 credat,

151 179 289 214 Caussa
308 175 372 225 pia
391 184 446 212 est
466 189 474 211 :
491 175 615 211 timuit
633 176 741 212 fratri
760 185 796 212 te
816 175 1014 213 ostendere
1033 177 1055 212 J
1058 186 1143 211 uno.

150 241 199 274 At
218 236 308 273 levis
326 235 388 272 ille
404 235 513 282 deus,
533 235 595 272 cui
614 248 762 285 semper
782 235 830 271 ad
847 235 1104 272 ulciscendum

152 295 345 342 Quaeritur
363 308 411 331 ex
431 294 533 331 omni
549 294 756 331 verborum
775 294 912 344 injuria
934 295 1052 341 dicto,

149 358 274 391 Aurea
291 354 447 403 fulgenti
468 353 691 403 depromens
711 354 785 391 tela
801 353 998 403 pharetra,
1290 361 1338 385 1⁶⁰

151 416 235 450 Heu
253 413 412 450 nimium
432 413 559 460 tereti,
575 413 734 450 nimium
750 413 950 462 Tirynthia
965 413 1067 460 visu,

150 472 314 523 Virginis
333 473 372 509 in
389 481 520 510 tenera
539 473 720 510 defixerat
742 473 868 510 omnia
889 480 1025 509 mente.

202 536 297 579 Quae
315 534 425 570 simul
443 545 486 569 ac
504 534 608 570 venis
627 532 753 570 hausit
771 533 985 570 sitientibus
1003 533 1146 582 ignem,

150 595 197 630 Et
214 593 381 630 validum
401 593 550 644 penitus
570 593 743 642 concepit
761 593 801 629 in
820 605 904 630 ossa
922 593 1091 629 furorem
1106 606 1117 638 ;

151 657 259 692 Saeva
279 655 383 691 velut
401 654 532 704 gelidis
551 654 733 690 Ciconum
752 653 914 690 Bistonis
930 652 970 689 in
987 651 1082 697 oris,
1296 658 1343 683 16⁵

150 717 276 750 Ictave
292 713 494 750 barbarico
511 713 671 763 Cybeles
689 713 855 750 antistita
870 712 992 759 buxo,

151 773 287 810 Infelix
304 773 413 822 virgo
433 782 512 809 tota
529 773 737 809 baechatur
755 774 795 809 in
813 773 928 819 urbe;

151 835 238 869 Non
257 841 402 881 styrace
421 832 522 868 Idaeo
543 832 749 880 fragrantes
768 831 871 880 picta
889 831 1060 880 capillos,

152 893 311 942 Cognita
329 905 405 928 non
422 892 558 928 teneris
579 890 739 940 pedibus
761 890 938 939 Sicyonia
955 902 1126 934 servans,

151 954 238 989 Non
256 951 368 988 niveo
387 952 552 988 retinens
571 950 726 987 baccata
746 950 899 986 monilia
918 949 1014 986 collo
1031 962 1040 984 t
1297 963 1344 987 ²70

150 1012 313 1049 Multum
331 1012 385 1048 illi
404 1012 548 1048 incerto
571 1011 760 1060 trepidant
777 1009 934 1059 vestigia
953 1021 1078 1046 cursu.

151 1074 260 1123 Saepe
279 1071 376 1108 redit
395 1070 539 1120 patrios
559 1070 788 1108 adscendere
805 1069 955 1119 prodita
972 1079 1100 1105 muros
1119 1082 1130 1112 ;

150 1134 358 1183 Aeriasquc
378 1131 466 1169 facit
482 1144 650 1169 caussam
669 1144 708 1169 se
726 1131 849 1168 visere
867 1139 1002 1167 turres.

151 1196 259 1242 Saepe
279 1193 391 1229 etiam
410 1192 526 1229 tristis
540 1191 696 1228 volvens
716 1191 754 1227 in
772 1199 882 1227 nocte
900 1189 1090 1240 quereIaS,

152 1251 314 1289 Sedibus
333 1265 380 1288 ex
399 1252 482 1288 altis
502 1251 584 1288 coeli
604 1251 820 1300 speculatur
841 1262 1028 1295 amore¹113
1294 1256 1340 1288 17⁵

151 1314 355 1361 Castraque
371 1319 586 1361 prospectat
605 1310 749 1347 crebris
766 1310 929 1347 lucentia
946 1308 1116 1346 flammis.
1140 1335 1144 1338 >

150 1371 262 1407 Nulla
282 1371 406 1408 colum
425 1371 549 1415 novit3
570 1383 699 1405 carum
715 1383 784 1405 nec
803 1368 956 1417 respicit
976 1380 1122 1404 aurum.

150 1431 237 1466 Non
255 1438 389 1478 arguta
407 1436 541 1466 sonant
559 1428 663 1465 tenui
680 1428 857 1477 psalteria
873 1426 1015 1464 chorda
1022 1441 1034 1474 ;

204 1569 277 1609 159.
295 1569 350 1598 Ex
366 1567 455 1597 omm‘
469 1568 638 1598 verborum
655 1565 720 1597 dic-

154 1622 195 1645 to.
212 1616 267 1645 Est
280 1624 319 1644 ex
332 1614 477 1654 Scaligeri
491 1615 645 1643 sententia
659 1613 722 1643 dic-

153 1668 217 1690 tum
237 1660 270 1690 h.
290 1660 324 1697 l.‚
346 1666 383 1689 ut
399 1658 489 1695 ἔπος,
506 1670 572 1696 res;
595 1659 649 1688 sed
664 1670 720 1699 po-

153 1707 213 1736 tius
240 1706 280 1736 ad
300 1705 525 1744 jusjurandum
544 1705 646 1735 voluit
674 1716 720 1735 re-

152 1752 232 1782 ferre
261 1752 392 1781 inscitus
429 1751 545 1787 homo,
576 1751 631 1791 qui
661 1750 719 1781 hos

154 1808 260 1828 versus
278 1809 333 1828 seu
355 1799 490 1834 struxit,
506 1807 561 1827 seu
579 1798 719 1837 interpo-

152 1845 230 1874 lavit
249 1854 256 1875 :
273 1843 391 1885 injuria
410 1843 578 1874 verbomm
588 1866 598 1880 ‚
617 1843 720 1873 ofsen-

152 1891 209 1921 sio.

204 1936 277 1972 161,
306 1937 380 1967 162.
400 1938 448 1967 Ex
465 1943 532 1967 toto
547 1936 620 1966 loco
639 1936 719 1975 ejec-

154 1984 191 2012 tis
207 1993 279 2023 quae
298 1983 338 2012 ab
362 1982 498 2013 indoctis
519 1983 720 2023 interpolato-

154 2029 241 2058 ribus
263 2029 347 2058 illata
366 2035 456 2066 sunt,
480 2039 553 2059 sana
572 2029 720 2059 videntur

154 2073 296 2104 habenda
311 2086 376 2105 esse
390 2075 473 2113 haec,
490 2086 535 2106 vs.
556 2085 618 2116 129
635 2085 642 2106 :
660 2074 723 2104 nisi

155 2121 279 2157 Scylla,
307 2132 385 2151 ηονο
410 2129 562 2162 concepta
585 2122 717 2163 surore,

155 2164 257 2196 Minoi
282 2167 400 2207 cupidis
425 2167 453 2198 si
479 2179 544 2199 non
569 2167 722 2199 inhiasset

776 1567 905 1598 ocellis!
935 1568 1001 1597 Sed
1025 1568 1129 1598 malus
1161 1569 1215 1599 ille
1238 1580 1334 1610 puer,

774 1624 866 1654 quem
884 1624 941 1643 nec
951 1614 1143 1656 sttafleceere
1157 1622 1262 1646 mater
1273 1617 1340 1645 Ira„

777 1667 840 1689 tum
854 1659 972 1699 potuit,
994 1670 1087 1700 quem
1105 1671 1163 1690 nec
1175 1669 1272 1700 pater
1290 1668 1339 1691 at-

774 1716 835 1746 que
858 1716 931 1734 avus
953 1705 1054 1741 idem,
1076 1707 1186 1736 Aurea
1193 1706 1342 1750 fitlgenti

774 1752 962 1791 depromens
985 1752 1050 1781 tela
1062 1751 1214 1792 pharetra
1234 1752 1339 1794 Va&-

773 1798 822 1827 111'5
851 1797 883 1827 in
909 1805 1020 1828 tenera
1049 1797 1206 1840 defi-teme
1230 1796 1339 1828 omnia

773 1851 887 1873 mente.

824 1890 897 1920 166.
915 1891 1037 1926 Ictave,
1052 1889 1085 1920 h.
1101 1899 1129 1920 e.
1145 1888 1220 1919 tibia
1236 1887 1336 1930 Phry-

773 1938 822 1978 gia
833 1935 937 1966 audita
947 1958 956 1971 ‚
969 1935 1143 1972 stimulata,
1158 1941 1189 1964 et
1203 1935 1237 1964 in
1251 1935 1338 1965 furo-

774 1994 839 2013 rem
855 1989 933 2012 acta.
952 1982 1038 2012 Alias
1054 1980 1161 2010 Gallos
1175 1981 1338 2011 nominare

772 2029 873 2059 solent
889 2035 989 2069 poetae
1003 2037 1011 2057 :
1026 2037 1112 2056 nunc
1128 2036 1191 2056 nna
1206 2038 1246 2057 ex
1260 2028 1337 2057 Mae-

773 2074 908 2105 uadibus
926 2071 1137 2112 intelligenda.

823 2121 895 2150 168.
912 2121 1046 2158 Sty-mx,
1063 2117 1169 2149 frutex
1181 2124 1213 2148 et
1226 2127 1338 2149 succus

773 2176 828 2197 seu
847 2166 966 2208 gummi
984 2163 1122 2196 officinis
1141 2164 1243 2196 adhuc
1266 2174 1339 2196 nos-
