1414 2435
70 50 111 79 82
571 47 768 82 AENEIDOS

121 109 271 144 Interea
287 104 420 141 Rutuli
440 105 560 155 portis
577 106 721 144 circum
739 107 915 145 omnibus
933 108 1072 146 instant

71 169 247 204 Sternere
267 165 369 202 caede
388 165 510 213 viros,
525 175 563 204 et
579 168 718 205 moenia
735 168 886 219 cingere
903 169 1075 208 flammis.

71 231 120 264 At
137 227 234 276 legio
252 226 463 264 AEneadum
480 227 587 265 vallis
605 227 760 266 obsessa
778 238 948 275 tenetur;
1223 247 1270 264 no

71 289 151 324 Nec
169 299 252 335 spes
273 287 349 324 ulla
366 287 464 337 fugae
485 301 493 324 ι
514 287 643 325 miseri
662 296 763 325 stant
782 289 952 327 turribus
970 289 1053 327 altis

71 346 357 397 Nequidquam,
379 356 416 385 et
433 360 520 384 rara
537 359 667 384 muros
684 348 837 386 cinxere
857 362 997 387 corona
1013 365 1022 386 :

72 408 184 444 Asius
204 407 453 455 Imbrasides,
470 407 793 457 Hicetaoniusque
811 409 1046 459 Thymoetes,

71 467 320 517 Assaracique
340 467 434 514 duo,
455 474 492 503 et
510 467 638 504 senior
656 480 745 504 cum
763 471 919 506 Castore
936 469 1159 519 Thymbris,

72 527 198 564 Prima
218 527 316 565 acies
333 542 342 564 :
362 527 431 564 hos
450 527 620 576 germani
640 528 872 578 Sarpedonis
892 528 1024 575 ambo,
1067 570 1070 573 ,
1226 539 1270 563 ηε

71 588 118 623 Et
138 587 287 633 Clarus,
308 596 345 623 et
362 586 552 637 Themon,
573 587 689 636 Lycia
706 588 936 625 comitantur
955 588 1003 625 ab
1022 589 1106 626 alta.

71 649 159 684 Fert
178 647 308 696 ingens
324 655 406 683 toto
425 646 610 684 connixus
629 660 791 697 corpore
810 661 963 695 saxum,

71 706 184 744 Haud
203 714 350 756 partem
367 706 543 756 exiguam
559 708 715 754 montis,
737 709 959 757 Lyrnessius
977 712 1141 755 Acmon,

72 767 151 803 Nec
172 766 294 814 Clytio
313 767 484 816 genitore
505 766 648 813 minor,
668 780 737 803 nec
757 768 873 805 fratre
890 768 1124 806 Menestheo.

71 829 121 866 Hi
137 827 290 878 jaculis,
310 827 366 863 illi
385 836 531 865 certant
550 828 753 865 defendere
772 829 890 874 saxis,
1225 838 1270 861 ¹³0

70 888 277 938 Molirique
294 888 438 937 ignem,
457 901 652 938 nervoque
668 897 798 939 aptare
816 889 979 939 sagittas.

73 950 160 998 Ipse
179 947 278 985 inter
296 947 459 995 medios,
478 949 636 986 Veneris
651 948 856 998 justissima
875 962 965 986 cura
976 977 987 996 ‚

126 1107 188 1138 118
201 1130 210 1146 ,
231 1118 244 1137 1
255 1118 305 1148 19.
334 1108 525 1148 Comparant
548 1107 646 1138 verba

77 1153 167 1184 Iliad.
184 1165 207 1195 μ
219 1175 227 1191 ,
245 1155 306 1191 35,
324 1154 377 1184 36.
392 1155 436 1183 Et
450 1154 569 1183 moenz'a
584 1154 647 1183 cin-

72 1210 150 1240 gere
164 1199 333 1242 flammis,
358 1200 527 1229 immittere
550 1199 646 1229 undi-

73 1256 136 1285 que
150 1246 256 1286 ignes,
273 1245 362 1274 aliter
386 1245 508 1274 dictum
527 1255 560 1274 ac
576 1256 646 1286 sup.

73 1293 138 1328 lx,
161 1291 243 1328 160,
267 1291 324 1320 ubi
346 1290 385 1320 de
408 1291 532 1331 vigiliis.
553 1292 648 1320 Stant

68 1336 179 1376 prima
195 1337 344 1373 acies;in
361 1337 425 1366 acie
440 1338 559 1377 prima:
575 1334 647 1379 πρό-

74 1392 240 1424 μαχοι.-
255 1389 329 1419 124.
346 1384 388 1413 A.
406 1383 518 1412 domus
534 1383 597 1411 dno
617 1390 649 1413 et

74 1428 131 1458 Ed.
147 1440 196 1469 pr.
215 1439 264 1469 ap.
282 1430 455 1458 Burmann.
476 1439 516 1458 ex
537 1428 594 1459 lib.
610 1431 644 1466 I,

74 1475 153 1510 284.
172 1474 319 1514 Thybris,
334 1481 364 1504 et
378 1482 449 1504 ante
459 1476 569 1505 Heius.
584 1476 645 1513 Ty-

73 1520 154 1556 bris,
172 1527 359 1560 corruptum
391 1520 528 1550 arbitror
542 1529 549 1550 ε
566 1531 646 1560 quo-

73 1566 171 1596 modo
194 1567 279 1596 enim
300 1566 457 1603 Trojanus
475 1567 524 1595 vir
546 1573 647 1605 poetae

73 1621 91 1641 a
112 1612 221 1643 Tiberi
251 1611 449 1641 denominari
479 1612 646 1641 commode

73 1658 202 1698 potuit?
233 1658 416 1699 Legendutu
459 1657 641 1696 Tlrrrnbris,

72 1703 161 1744 quod
174 1710 204 1734 et
214 1705 307 1735 Rom.
322 1703 417 1733 habet
429 1713 436 1734 :
452 1714 553 1743 coque
567 1703 645 1733 allu-

73 1749 155 1780 dunt
171 1750 222 1779 alii
235 1750 320 1791 apud
335 1751 443 1780 Burni.
457 1772 464 1786 ‚
479 1751 511 1779 in
528 1750 646 1790 quibus

76 1795 231 1826 Tltimbris
242 1819 250 1830 ,
274 1797 302 1826 T
300 1796 404 1825 umbris
415 1819 423 1832 ‚
447 1795 590 1826 Tlaeinbris
603 1795 646 1826 le-

73 1843 168 1883 gitur.
185 1843 257 1873 Fuit
270 1849 374 1871 autem
388 1842 552 1883 Thymbra
569 1842 646 1872 urbs

73 1895 104 1918 et
119 1887 235 1918 fluvius
247 1911 254 1925 ‚
275 1888 328 1917 hic
344 1889 437 1918 etiam
453 1888 626 1929 Tliymbris
637 1911 645 1925 ‚

73 1934 223 1971 Troadis,
239 1934 303 1965 vid.
323 1935 411 1964 Iliad.
429 1945 448 1964 κ
460 1957 467 1971 ,
488 1936 553 1970 430
565 1957 573 1971 ‚
589 1934 648 1964 ibi-

75 1990 138 2019 que
155 1980 296 2010 Eustath.
309 2002 317 2016 ‚
335 1981 422 2010 unde
435 1980 648 2021 Thymbraeus

74 2026 202 2065 Apollo.
214 2044 258 2048 ——
272 2037 282 2055 1
292 2027 345 2056 26.
359 2028 402 2056 Ec
413 2025 524 2056 Clarus
538 2033 569 2056 et
578 2027 648 2056 Hw-

75 2081 160 2101 mon.
170 2074 271 2101 Locus
281 2073 442 2102 manifeste
453 2073 648 2113 inquinatus,

76 2123 107 2146 et
125 2117 158 2146 iu
175 2117 256 2157 leges
278 2119 418 2148 metricas
438 2129 589 2159 peccans,
607 2119 649 2148 ait

77 2164 236 2194 Heinsius.
260 2165 309 2193 Sic
329 2171 432 2194 tamen
458 2167 550 2195 Rom.
575 2175 649 2195 cum

699 1109 766 1138 aliis
782 1109 864 1139 Pier.
885 1114 916 1138 et
930 1106 1093 1138 Mediceus
1111 1117 1182 1138 cum
1203 1108 1271 1138 aliis

698 1156 808 1184 Heius.
820 1177 829 1191 ,
842 1161 879 1183 ut
894 1161 985 1183 vetus
999 1153 1077 1184 adeo
1092 1154 1271 1195 corruptela

697 1198 750 1229 hic
779 1199 911 1229 insideat
936 1210 944 1229 :
984 1201 1160 1240 scripturus
1186 1201 1272 1230 enim

699 1245 809 1275 fuisset
844 1252 956 1285 poeta,
993 1253 1090 1285 atque
1121 1247 1270 1276 Haemon.

701 1291 849 1321 Heinsius
865 1297 964 1320 tentat
977 1291 1063 1320 varie
1079 1297 1112 1321 et
1128 1291 1272 1321 Cnemon

699 1344 731 1366 et
750 1338 858 1366 Menon
881 1342 912 1366 et
935 1338 1086 1366 Memnon
1097 1348 1109 1373 ;
1127 1336 1182 1367 sed
1201 1337 1273 1367 talia

699 1381 824 1412 infinita
834 1383 933 1423 possit
942 1383 1056 1423 aliquis
1067 1383 1273 1413 comminisci.

699 1430 773 1458 Duo
783 1428 935 1459 Rottend.
947 1435 977 1458 et
992 1439 1008 1457 a
1023 1439 1065 1458 m.
1079 1439 1140 1459 sec.
1154 1430 1272 1459 Moret.

700 1481 771 1504 tert.
799 1482 828 1503 ec
849 1474 990 1504 leetnon
1003 1485 1013 1502 .·
1032 1472 1167 1515 Θτζμωη
1187 1473 1274 1514 quod

701 1519 846 1560 equidem
859 1541 867 1553 ,
894 1521 919 1549 si
953 1519 1031 1559 quid
1063 1519 1253 1549 mutandum
1264 1543 1272 1555 ‚

699 1576 772 1595 cum
787 1566 895 1595 Heius.
915 1564 989 1594 edit.
1006 1565 1181 1605 amplector
1193 1587 1201 1601 ,
1223 1566 1271 1595 in-

699 1612 810 1652 primis
844 1622 916 1640 cum
950 1611 1138 1652 corruptelae
1165 1621 1272 1641 caussa

700 1658 734 1686 in
762 1664 915 1698 promptu
945 1659 1052 1687 sit.—
1066 1659 1139 1688 131.
1164 1657 1277 1687 Moliri

699 1703 818 1744 ignem.
845 1705 1021 1734 Navi-autur
1044 1703 1122 1734 adeo
1143 1704 1274 1741 Trojani

699 1751 792 1779 etiam
822 1760 931 1789 parare
959 1751 1046 1791 ignes
1074 1749 1205 1779 missiles
1234 1748 1273 1778 de

700 1796 805 1825 vallo?
821 1797 894 1826 Non
906 1797 990 1825 enim
1000 1802 1132 1837 possunt
1147 1805 1212 1825 esse
1221 1795 1274 1824 alii

700 1853 793 1882 quam
809 1843 940 1880 Trojaui
954 1852 961 1873 :
979 1849 1011 1872 et
1026 1842 1060 1871 hi
1073 1841 1202 1881 quidem
1220 1840 1272 1869 aiii

700 1905 744 1911 —
755 1889 819 1918 alii.

754 1935 813 1963 132
826 1951 872 1956 ——-
893 1933 966 1962 138.
993 1935 1134 1962 Ornatus
1165 1932 1271 1968 locus,

701 1980 740 2009 de
759 1980 827 2009 Iulo
837 2002 845 2015 ‚
863 1981 896 2008 iu
910 1978 1004 2008 Juliae
1017 1977 1117 2019 gentis
1131 1979 1271 2018 gratiam.

703 2025 835 2055 senc-ris
852 2023 1031 2065 justissima
1057 2035 1132 2053 cura
1140 2046 1149 2059 ,
1179 2026 1279 2064 quem·

702 2072 815 2101 merito
843 2070 963 2100 amabat
992 2071 1121 2107 venus,
1139 2071 1213 2110 quia
1228 2070 1274 2101 illi

702 2116 877 2148 debebatur
902 2116 1088 2157 imperinm,
1110 2123 1144 2146 nt
1166 2119 1275 2152 Serv.;

702 2164 753 2194 vel
770 2163 964 2205 simpliciter,
983 2163 1056 2203 quia
1076 2161 1275 2192 dulcissimus
