1414 2435
582 106 705 137 LIBER
729 107 805 137 XII.

1242 104 1308 142 2913

106 165 327 200 Sermonem
346 161 505 200 Ausonii
520 164 688 213 patrium
706 174 908 212 moresque
929 161 1128 207 tenebunt3

105 225 234 273 thue
257 232 329 270 est,
347 236 486 260 nornen
506 224 597 271 erit3
617 223 800 260 conmixti
820 235 984 273 corpore
1003 231 1147 259 tantum

1256 228 1304 252 835

105 284 310 322 Subsident
327 285 466 321 Teucri
487 300 495 321 :
517 297 663 322 morem
681 285 853 334 ritusque
873 297 1068 321 sacrorum

104 343 289 393 Adjiciam
300 372 310 390 ,
328 344 540 394 faciamque
559 345 681 381 omnis
700 357 778 381 uno
798 357 864 381 ore
884 343 1050 380 Latinos.

105 403 202 440 Hinc
221 417 356 454 genus,
376 406 548 442 Ausonio
567 405 729 442 mixtum
747 405 850 455 quod
869 404 1052 454 sanguine
1071 413 1216 454 surget,

105 467 230 515 Supra
248 465 440 512 homines,
460 479 576 516 snpra
592 466 649 503 ire
667 466 758 503 deos
777 466 917 516 pietate
934 464 1102 511 videbi53

103 526 182 561 Nec
201 538 291 574 gens
308 525 384 562 ulla
402 535 487 564 tuos
506 539 613 576 aeque
631 525 840 563 celebrabit
859 525 1034 562 honores.
1054 541 1068 557 υ

105 703 154 737 X,
180 701 261 737 105,
278 700 388 731 itidem
412 708 447 732 ut
472 703 673 741 Ausomdas,

105 746 188 776 dixit
201 757 261 787 pro
279 748 466 778 Ausonibus
477 771 485 786 ‚
503 757 540 779 ut
553 757 645 790 poeta
666 760 673 781 :

104 794 291 823 Graecorum
314 794 460 834 exemplo
481 816 489 831 ‚
513 796 607 825 etiam
640 798 674 825 in

104 840 310 880 appellativis,
328 847 364 870 nt
380 839 552 883 παρθενικὴ
565 852 608 872 sc.
623 840 674 872 κᾶ-

104 896 138 928 ρτ,
163 896 224 926 pro
244 885 405 930 παρθένος.
423 905 470 912 —-
487 888 571 927 834,
595 889 672 920 835.

106 932 283 963 Commixti
303 945 434 975 corpore
461 942 554 965 canto
582 946 674 976 repo-

102 979 166 1009 suit
180 980 290 1011 Heius.
303 992 311 1019 ;
328 989 359 1011 et
374 982 544 1012 illustravit
569 993 674 1012 exem-

102 1025 182 1065 plis,
215 1029 406 1067 opportunis
423 1051 431 1066 ,
460 1029 672 1069 importunis,

102 1082 214 1112 corpas
238 1073 277 1102 de
298 1076 446 1103 universa
464 1086 530 1115 rep.
543 1097 551 1112 ‚
572 1086 676 1115 popu-

102 1118 151 1153 lo,
179 1119 327 1157 civitate,
351 1120 505 1160 imperio,
531 1122 675 1151 exercitu

104 1163 183 1201 dici,
212 1164 250 1193 ad
274 1166 437 1207 vulgarem
466 1169 674 1208 comparatio-

105 1221 178 1241 nem
192 1212 334 1251 corporis
347 1219 378 1242 et
390 1214 609 1244 membrorum
622 1214 677 1244 ho-

105 1259 208 1287 minis.
235 1259 286 1288 Sic
313 1269 383 1299 sup.
414 1261 481 1297 XI,
514 1261 577 1290 313
611 1268 676 1290 toto

104 1312 259 1334 cereatum
282 1312 330 1334 esc
345 1316 475 1346 corpore
493 1306 595 1348 regni.
618 1308 676 1336 Ita-

104 1362 165 1391 que
183 1357 259 1381 sunt
276 1351 309 1381 h.
328 1351 350 1382 l.
371 1353 487 1382 Teucri
511 1353 678 1383 commixti

103 1408 175 1427 cum
196 1405 260 1427 coco
277 1398 400 1438 populo
422 1399 618 1430 Latinorum.
637 1401 676 1428 In

103 1454 168 1484 quo
197 1444 287 1474 sacile
316 1446 413 1475 sentis
442 1453 507 1475 toto
535 1447 675 1475 otiosum

103 1501 178 1521 esse.
217 1492 353 1521 Pessime
390 1492 430 1522 ad
465 1492 675 1522 concubitum

105 1538 199 1567 traxit
215 1537 317 1568 Cerda
336 1549 410 1568 cum
424 1539 492 1568 aliis
507 1537 541 1569 τὸ
566 1550 674 1579 eorpo-

102 1594 135 1613 re
151 1583 321 1614 commixti
334 1591 366 1615 et
379 1585 552 1617 subsident.
565 1587 673 1616 Enim-

103 1640 178 1660 vero
191 1637 334 1661 veterum
343 1654 353 1669 ,
373 1639 405 1663 et
418 1633 496 1663 hinc
509 1633 652 1664 omnium
665 1656 673 1670 ‚

103 1686 180 1715 quas
198 1676 284 1713 vidi,
299 1677 371 1708 edd.
391 1679 487 1709 lectio
504 1687 572 1710 est:
587 1690 674 1709 com-

106 1721 201 1751 mixti
212 1723 263 1752 vel
275 1723 435 1754 commisti
453 1736 584 1765 corpore
605 1734 675 1757 tan-

103 1776 180 1798 tum.
195 1769 335 1799 Eandem
349 1768 455 1800 firmat
466 1771 586 1802 Medic.
601 1783 675 1802 cum

102 1815 171 1845 ¹aliis
192 1815 285 1846 codd.
302 1817 384 1847 Pier.
405 1824 437 1847 et
457 1818 568 1847 Heius.
586 1818 650 1847 Erf.
662 1840 672 1855 ,

103 1863 179 1892 item
203 1864 289 1893 Serv.
315 1862 353 1892 ad
366 1864 381 1892 I
397 1865 468 1893 AEn.
485 1869 570 1903 249,
595 1874 673 1901 nec,

105 1919 161 1938 cur
176 1915 302 1938 tantum
322 1916 446 1940 mutare
463 1920 589 1940 necesse
609 1909 676 1940 fue·

105 1955 165 1993 rit,
189 1955 294 1986 video.
317 1957 398 1987 Nam
419 1967 528 1986 sensus
550 1965 557 1986 :
590 1958 673 1986 Tan-

106 2007 172 2031 tum
189 2001 302 2032 Teucri
314 2002 492 2039 subsident,
516 2002 675 2033 conmixti

106 2056 254 2087 corpore,
286 2059 363 2080 cum
392 2050 516 2090 populo
547 2051 674 2080 Latino-

107 2103 178 2122 rum
194 2103 202 2124 :
219 2100 343 2127 tantum
362 2096 545 2126 transibunt
563 2097 597 2126 in
616 2107 674 2127 no-

107 2148 180 2168 men
203 2150 332 2180 eorum3
355 2142 446 2172 nulla
475 2143 536 2173 alia
565 2154 674 2173 rerum

106 2185 239 2216 mutatio
255 2186 322 2219 flet.
336 2205 382 2213 —·
401 2189 487 2227 835⁷,
505 2190 582 2221 836.
601 2192 674 2221 Per-

101 2231 199 2261 mixti
212 2242 286 2264 cum
301 2241 388 2266 tanto
405 2236 527 2277 populo
547 2237 677 2276 Trojani

729 702 1043 745 comprehendentur
1055 723 1063 739 ‚
1093 699 1278 729 delitescent
1296 721 1306 735 ,

727 751 873 780 latebunt
886 750 947 779 sub
960 749 1146 778 Latinorum
1160 746 1302 775 nomine.

728 795 896 825 Subsidere
914 795 953 825 de
980 795 1038 831 iis,
1066 803 1137 834 quae
1161 793 1196 821 in
1220 802 1304 821 com-

728 844 884 872 mixtione
908 840 1057 872 infimum
1077 840 1186 869 locum
1209 849 1304 869 occu-

728 896 824 930 pant,
842 896 879 918 ut
897 890 931 918 in
951 887 1114 918 elementis
1130 892 1213 915 terra
1232 884 1303 914 sub-

727 936 811 966 sidit.
828 946 899 976 sup.
914 936 971 965 lib.
988 936 1030 971 V,
1051 933 1115 973 498
1135 932 1173 962 de
1192 938 1276 962 sorte
1294 943 1301 962 :

725 983 889 1024 galeaque
916 981 982 1011 ima
1005 978 1144 1010 subsedit
1159 980 1301 1008 Acestes.

728 1030 824 1059 Nune
848 1035 971 1058 tantum
993 1027 1056 1056 hoc
1080 1024 1154 1062 fiet,
1181 1031 1219 1054 ut
1241 1031 1300 1054 etc.

728 1093 775 1098 —-
790 1075 856 1104 836
873 1097 882 1112 ‚
911 1075 988 1112 837.
1014 1071 1189 1113 Adjt'ciam.
1210 1072 1303 1101 Sacra

730 1129 855 1152 tantum
885 1132 920 1151 ac
952 1120 1121 1160 religiones
1147 1117 1302 1155 Trojano-

730 1179 800 1198 rum
823 1167 993 1209 adjungam
1012 1166 1148 1201 Italicis,
1172 1166 1303 1194 Penates

729 1216 818 1245 Latio
836 1215 1033 1250 inferentur,
1054 1213 1094 1242 cf.
1117 1222 1188 1252 sup.
1219 1220 1279 1250 192
1295 1221 1303 1247 ;

730 1261 923 1302 faciamque,
940 1267 978 1290 ut
1000 1266 1136 1299 uterque
1163 1257 1304 1298 populus

730 1309 833 1337 Latini
866 1309 949 1344 sint,
972 1305 1113 1346 adeoque
1141 1302 1302 1348 ὁμόγλωσ-

730 1364 788 1385 σῡι.
806 1371 853 1377 —-
867 1354 945 1393 839.
962 1354 1066 1392 Supra
1081 1351 1126 1381 ire
1141 1350 1217 1380 deos
1229 1349 1301 1390 pie-

730 1407 797 1430 tate
814 1411 881 1431 non
897 1406 944 1429 est
964 1398 1143 1440 urgendum
1157 1408 1168 1426 .·
1183 1394 1302 1437 signifi-

728 1454 779 1477 cat
814 1453 938 1477 tantum
971 1445 1185 1487 praestantiam
1217 1454 1302 1473 sum-

729 1504 812 1523 mam
832 1494 866 1523 in
881 1493 944 1523 hoc
966 1503 1092 1533 genere.
1111 1490 1302 1522 Tenendum

726 1540 815 1570 idem
842 1541 878 1569 in
908 1540 1085 1571 innumeris
1116 1537 1215 1575 locis,
1244 1537 1301 1566 ubi

727 1597 929 1628 quaecunque
961 1585 1124 1616 excellunt
1158 1590 1190 1614 et
1222 1593 1302 1624 prae—

727 1641 812 1663 stant
827 1633 894 1663 aliis
906 1656 914 1671 ,
933 1643 1001 1662 non
1013 1631 1111 1662 modo
1126 1631 1227 1672 patria
1243 1630 1304 1660 diis

728 1691 764 1710 ac
780 1680 888 1710 divina
906 1690 972 1709 esse
983 1702 991 1716 ‚
1007 1689 1121 1708 verum
1140 1678 1234 1707 etiam
1253 1688 1303 1707 su-

729 1737 837 1767 perare
859 1726 935 1756 deos
955 1726 1118 1755 dicuntur.
1135 1725 1182 1753 Ita
1197 1723 1301 1753 homi-

728 1783 807 1802 num
830 1782 934 1802 sermo
961 1771 1042 1808 fert,
1074 1770 1177 1800 multo
1206 1771 1303 1811 magis

728 1820 906 1858 priscorum
930 1828 964 1847 ac
989 1817 1128 1846 rudium.
1145 1815 1227 1846 Nam
1246 1817 1304 1845 etsi

728 1864 760 1894 h.
774 1865 796 1894 l.
814 1864 852 1893 ad
872 1864 947 1894 deos
963 1865 1101 1893 minores
1117 1863 1169 1892 vel
1190 1861 1302 1893 heroes

728 1910 888 1948 referunt,
904 1917 1008 1940 tamen
1029 1921 1088 1940 nec
1102 1909 1220 1939 horum
1239 1910 1304 1950 pie-

730 1963 774 1986 tas
794 1958 828 1986 in
848 1957 924 1987 deos
946 1957 1079 1995 majores
1102 1966 1255 1996 usquam,
1275 1956 1301 1985 si

727 2003 809 2033 bene
844 2004 974 2033 memini
991 2026 999 2041 ,
1032 2002 1221 2033 celebratur.
1254 2019 1301 2028 -.-

731 2050 807 2087 840.
839 2050 979 2081 Juuonis
1009 2059 1096 2079 sacra
1123 2050 1158 2079 in
1191 2049 1300 2080 Ovidii

729 2097 847 2134 Fastis,
875 2096 992 2136 templa
1021 2095 1107 2137 apud
1139 2097 1300 2126 Donatum

728 2143 869 2183 aliosque
882 2143 920 2172 in
931 2141 1079 2184 descript.
1093 2145 1204 2174 Romae
1217 2153 1301 2182 quae-

730 2189 837 2220 reuda.
858 2189 1048 2221 Revocanda
1067 2196 1172 2219 autem
1187 2190 1221 2219 in
1237 2190 1303 2218 ani-

732 2247 820 2266 mum
841 2246 935 2277 supra
959 2237 1026 2274 ΙΙΙ,
1056 2237 1119 2275 437
1150 2245 1235 2276 seqq.
1258 2252 1304 2258 --
