1414 2435
93 105 227 116 ιὶῶιὶἱὶ
231 105 269 116 Ἃ
273 105 308 116 ιι
312 105 329 116 s
334 105 368 116 Ἃ
372 103 748 117 ἱΜννιἉιιἋΜἉὶ
753 104 871 116 unu}
876 103 932 113 3¹⁸¹!-
936 98 1175 113 wzxzssmm
1177 95 1295 109 uuuuu

375 276 920 346 EXCURSUS
989 275 1020 340 Ι

473 446 557 487 AD
582 443 819 488 LIBRUM
837 441 920 484 xl.

194 593 266 635 De
288 587 528 634 Diomedis
560 585 745 631 sedibus
769 589 815 629 in
840 583 1030 647 Apalz'oe
1055 582 1197 628 litore.

142 758 209 788 Lm.
225 758 273 787 XI
282 779 290 794 ,
309 757 374 791 243
391 755 553 791 Vidimus,
571 766 589 784 ο
602 755 682 784 cives
691 777 701 791 ‚
715 754 904 784 Diomedem
917 752 1102 795 Argivaque
1114 758 1221 782 castra
1233 757 1294 780 etc.

98 817 129 840 et
145 820 241 850 supra
262 811 342 839 VIII
354 832 362 846 ‚
378 820 398 850 9
418 808 556 838 Mittitur
577 816 608 838 ec
631 807 744 849 magni
759 808 899 836 Venulus
918 806 1085 836 Diomedis
1103 805 1150 836 ad
1165 805 1271 835 urbem
1283 827 1292 840 ‚

101 863 165 903 Qui
175 871 270 904 petat
283 863 443 893 auxilium
453 885 460 892 .
476 865 546 903 Qua
566 869 630 892 arte
651 868 746 902 poeta
760 861 894 901 septimo
909 860 994 890 libro
1017 860 1142 889 Graecas
1157 859 1297 889 colonias

99 925 130 948 et
148 918 284 959 populos
296 941 304 955 ,
321 928 459 959 quorum
475 918 630 958 originem
651 923 773 946 veteres
788 916 904 945 fabulae
921 926 937 945 a
957 915 1075 945 Graecis
1091 913 1297 955 repetebant,

97 973 216 1002 Latinis
229 979 260 1002 et
270 973 396 1003 Rutulis
409 973 443 1001 in
455 972 532 1001 belli
549 973 731 1001 societatem
747 971 895 1009 adjunxit
907 993 915 1008 ‚
930 970 1040 1000 eadem
1056 979 1144 999 nuuc
1164 969 1202 998 ad
1219 970 1297 999 Dio-

98 1025 221 1056 medem
236 1026 270 1055 in
287 1033 427 1056 extrema
443 1025 542 1055 Italiae
559 1035 614 1055 ora
630 1025 670 1055 de
684 1025 812 1055 auxiliis
827 1025 971 1066 petendis
990 1024 1108 1065 legatos
1127 1025 1211 1053 mitti
1226 1033 1298 1052 nar-

98 1089 154 1112 rat.
166 1084 312 1122 Quorum
325 1080 517 1110 auxiliorum
531 1079 703 1109 adventum
719 1090 820 1120 quum
833 1079 985 1120 temporis
998 1078 1150 1119 angustiae
1161 1099 1170 1114 ‚
1183 1077 1300 1118 quibus

97 1134 219 1175 reliqua
237 1134 313 1164 belli
337 1140 449 1163 eventa
467 1133 678 1163 includuntur
690 1156 698 1171 ‚
719 1143 786 1163 non
800 1133 986 1169 admittant,
1002 1132 1180 1174 legatorum
1195 1130 1299 1161 reditu

97 1196 128 1219 et
142 1189 378 1219 renuntiatione
398 1189 510 1218 auxilii
528 1189 635 1229 negati
649 1188 797 1229 praeclare
816 1189 919 1218 utitur
937 1189 1030 1218 Maro
1045 1187 1084 1217 ad
1107 1197 1216 1218 rerum
1233 1187 1299 1216 exi-

96 1249 163 1273 tum
180 1242 419 1273 accelerandum
432 1265 440 1279 ,
461 1248 491 1272 et
512 1244 699 1272 Latinorum
719 1242 850 1273 consilia
873 1241 1111 1283 praecipitanda.
1130 1242 1214 1272 Nam
1230 1241 1296 1282 pri-

96 1307 184 1326 mum
200 1296 310 1326 incidit
326 1297 374 1338 (v.
392 1297 448 1327 lib.
463 1298 522 1334 XI,
540 1297 605 1326 225
621 1296 711 1338 sqq.)
727 1297 905 1338 legatorum
920 1296 1044 1326 reditus
1060 1297 1096 1326 in
1109 1295 1145 1337 id
1161 1302 1298 1336 tempuS‚

96 1362 161 1392 quo
188 1358 260 1381 ante
287 1362 406 1392 paucos
430 1350 497 1380 dies
523 1362 538 1381 a
564 1352 681 1381 Latinis
701 1362 813 1392 parum
840 1361 990 1392 prospere
1016 1358 1082 1381 erat
1099 1357 1277 1392 pugnatum
1288 1372 1296 1388 ‚

98 1405 290 1445 consiliaque
311 1416 423 1435 eorum
438 1405 502 1444 jam
516 1405 674 1435 inclinatis
690 1406 801 1435 animis
819 1405 858 1435 ad
874 1416 983 1446 pacem
999 1404 1193 1446 spectabant.
1212 1405 1298 1434 Tum

96 1470 171 1489 vero
185 1460 279 1501 legati
297 1470 363 1490 non
376 1459 473 1490 modo
490 1467 639 1502 negatum
656 1470 672 1489 a
687 1459 841 1490 Diomede
853 1460 1010 1490 auxilium
1026 1461 1228 1497 renuntiant,
1246 1469 1299 1489 ve·

97 1523 169 1542 rum
184 1514 276 1543 etiam
293 1514 424 1543 consilia
441 1514 509 1552 ejus
520 1537 528 1551 ‚
554 1521 586 1543 et
603 1513 748 1544 mandata
773 1521 958 1555 exponunt,
979 1513 1097 1554 quibus
1114 1512 1152 1542 ad
1172 1523 1299 1553 compo-

95 1567 233 1597 nendam
245 1579 317 1598 cum
331 1571 427 1598 AEnea
441 1579 551 1609 pacem
564 1569 745 1609 gravsisime
761 1567 918 1598 hortatur.
934 1569 1032 1597 Erant
1048 1573 1152 1596 autem
1166 1565 1205 1596 de
1221 1567 1298 1597 Dio-

95 1622 194 1651 medis
209 1623 243 1652 in
252 1623 387 1660 Daunia,
399 1633 469 1663 quae
482 1623 609 1663 Apuliae
620 1633 690 1663 pars
704 1629 762 1659 est,
775 1622 902 1652 sedibus
916 1621 1032 1651 fabulae
1043 1622 1230 1652 Graecorum
1241 1631 1295 1651 an-

95 1678 288 1717 tiquissimae.
304 1677 437 1718 Ibycum
452 1684 613 1707 auctorem
629 1677 733 1708 Schol.
749 1676 876 1707 Pindari
894 1676 931 1706 nd
950 1678 1041 1707 Nem.
1062 1679 1093 1708 X
1104 1699 1112 1714 ‚
1132 1685 1171 1707 12
1183 1699 1192 1715 ‚
1209 1678 1295 1707 exci-

95 1739 156 1768 tat,
172 1732 225 1761 sed
241 1732 371 1773 cyclicis
386 1731 550 1773 probabile
567 1731 603 1762 fit
623 1733 726 1772 poetis
749 1732 817 1761 illas
837 1743 902 1761 esse
920 1731 1121 1769 tribuendas,
1138 1732 1176 1761 iis
1194 1733 1295 1773 inpri-

94 1786 151 1814 mis
173 1786 228 1825 qui
252 1785 372 1816 reditus
388 1786 586 1815 Achivorum
602 1784 615 1827 (
631 1783 785 1826 Νσστοὺς)
801 1787 940 1816 carmine
957 1791 1170 1827 exposuerant
1186 1784 1292 1826 (conf.

93 1851 162 1880 sup.
179 1840 217 1869 ad
234 1851 264 1870 v.
288 1841 364 1871 265.
382 1840 431 1871 Ad
449 1851 559 1870 corum
584 1841 766 1881 exemplum
781 1840 960 1870 Diomeden
984 1841 1075 1870 libris
1092 1840 1156 1870 ΧΠ
1178 1839 1292 1879 scripta

95 1902 160 1924 crat
179 1905 195 1924 a
210 1895 300 1926 Julio
314 1897 454 1926 Antonio
471 1906 478 1926 :
499 1906 546 1937 ap.
569 1895 675 1926 Scliol.
695 1897 804 1926 Horat.
823 1897 881 1933 IV,
904 1906 921 1926 2
935 1918 943 1933 ,
968 1897 1028 1932 33,
1049 1895 1095 1925 uti
1113 1892 1260 1924 Phaeacis
1275 1903 1292 1923 a

94 1951 268 1987 'l'nticano‚
285 1957 315 1980 ct
339 1951 457 1980 reditus
481 1950 624 1980 Mem-lai
641 1957 671 1980 cc
687 1950 822 1980 Helena·
845 1961 862 1980 a
883 1952 997 1990 Lupo:
1016 1947 1110 1979 Ovid.
1128 1959 1168 1978 ex
1189 1950 1292 1978 Ponto

95 2004 149 2037 IV.
169 2003 300 2034 16—26
312 2027 320 2041 ‚
339 2015 377 2042 27
388 2003 411 2045 ).
427 2004 544 2035 Rcdux
557 2005 641 2034 enim
657 2015 674 2033 a
687 2004 781 2042 Troja
795 2006 895 2044 Argos
911 2003 1009 2033 fuctus
1022 2000 1191 2031 Diomedes
1204 2001 1289 2043 (vid.

94 2058 207 2097 odyss.
226 2071 258 2103 γ,
283 2061 342 2090 180
358 2059 446 2101 sq.)‚
466 2060 601 2100 cognitis
619 2060 730 2089 uxoris
753 2058 897 2100 AEgialeae
919 2064 948 2088 et
968 2057 1105 2087 adulteri
1132 2057 1290 2094 Cometae,

94 2112 231 2142 Stheneli
249 2113 285 2150 f.,
303 2114 443 2150 insidiis,
459 2115 574 2143 iteruin
590 2124 685 2143 naves
702 2113 906 2150 conscendit,
928 2119 957 2142 ct
977 2118 1048 2153 post
1066 2112 1183 2143 multos
1203 2123 1290 2143 erro-

94 2175 142 2195 rvs
156 2165 218 2207 (cf.
243 2167 336 2197 ovid.
361 2170 439 2198 xlv
460 2169 537 2198 Met.
558 2168 620 2205 478
638 2166 745 2208 sqq.),
761 2167 879 2208 quibus
898 2167 991 2196 ctiam
1014 2166 1160 2196 AEtoliam
1178 2165 1291 2197 adiisse

95 2218 251 2250 ferebatur
267 2218 317 2260 (v.
334 2231 360 2250 c.
379 2222 535 2252 Antonin.
551 2222 681 2251 Metam.
697 2231 725 2251 c.
748 2221 787 2259 37
802 2243 810 2258 ‚
829 2220 885 2251 ubi
900 2220 939 2251 cf.
959 2222 1050 2258 Not„
1066 2226 1095 2251 et
1116 2220 1153 2251 ad
1167 2230 1200 2251 ea
1217 2219 1289 2250 add.
