1414 2435
259 67 316 119 P.
360 67 718 121 VIRGILII
767 69 1136 125 MARONIS

423 221 980 308 AENEIDOS

291 413 538 470 LIBER
593 414 1100 472 UNDECIMUS.

102 577 1174 597 ntnsnsmmmmmmmmmtwmmmmmmm
1176 586 1293 597 mmmmm

472 697 925 733 ARGUMENTUM.

143 821 259 850 Occtso
274 821 448 856 Mezentio,
468 819 571 849 victor
587 822 699 850 AEueas
715 820 812 850 Marti
829 827 986 860 tropaeum
1003 820 1096 860 erigit
1118 831 1126 852 :
1143 822 1290 852 Pallantis

95 873 213 902 mortui
227 883 341 913 corpus
355 884 469 914 magno
486 884 610 914 pompae
627 880 779 914 apparatu
795 873 834 903 ad
848 873 988 903 Evandri
1010 875 1124 904 urbem
1138 877 1288 914 remittit,

95 925 152 955 ubi
164 936 289 956 summo
311 933 341 956 et
354 928 452 967 patris
473 934 504 957 et
521 938 653 958 suorum
666 929 810 958 omnium
829 928 918 957 luctu
936 929 1096 968 excipitur
1108 946 1154 952 ——-
1167 940 1221 969 99.
1239 932 1291 960 In-

94 980 186 1009 terim
199 987 338 1010 oratores
352 991 369 1010 a
383 981 500 1011 Latinis
519 982 605 1010 missi
619 981 743 1011 dierum
759 981 930 1012 duodecim
946 981 1090 1011 inducias
1102 982 1290 1023 impetrant:

94 1043 159 1074 quo
176 1036 326 1075 temporis
342 1037 458 1076 spatio,
478 1036 606 1076 utrique
621 1046 754 1065 suorum
778 1036 927 1066 cadavera
951 1037 1158 1076 perquirunt,
1182 1047 1291 1077 supre-

94 1098 208 1128 moque
224 1090 394 1128 sepulturae
406 1090 528 1119 honore
544 1096 783 1130 prosequuntur
793 1107 838 1112 --
853 1096 929 1126 224.
943 1090 1063 1120 Eodem
1076 1101 1204 1131 quoque
1218 1097 1292 1121 tem-

95 1152 172 1182 pore
186 1143 348 1181 Venulus,
365 1154 460 1184 quem
472 1143 532 1173 sub
548 1144 624 1174 belli
641 1145 770 1173 initium
785 1144 923 1185 legatum
944 1144 982 1173 ad
997 1144 1184 1174 Diomedem
1199 1145 1291 1175 mise-

94 1203 168 1226 rant
182 1197 300 1233 Latim‘‚
319 1196 357 1226 ad
371 1207 443 1227 suos
456 1197 596 1234 rediens,
611 1198 728 1227 auxilia
742 1198 804 1228 sibi
817 1198 967 1240 denegata
982 1199 1144 1228 renuntiat
1153 1216 1198 1222 —
1211 1199 1287 1239 295.

94 1251 138 1279 Ea
155 1261 210 1290 spe
226 1251 394 1281 destitutus
408 1252 536 1281 Latinus
547 1274 555 1289 ‚
572 1252 709 1281 concilio
726 1258 916 1288 convocato,
933 1251 971 1280 de
985 1261 1106 1281 summa
1122 1251 1199 1281 belli
1212 1262 1288 1282 con-

93 1306 203 1343 sultat,
220 1306 400 1347 legatosque
414 1307 452 1336 de
466 1307 549 1347 pacis
563 1306 802 1336 conditionibus
815 1304 854 1334 ad
865 1308 993 1335 AEneam
1003 1305 1173 1335 mittendos
1183 1313 1290 1336 censet

91 1379 138 1386 ——-
150 1362 225 1393 335.
243 1362 294 1392 Ibi
306 1364 446 1393 Drances
463 1369 494 1392 et
509 1364 637 1392 Turnus
648 1384 657 1399 ‚
671 1372 731 1402 pro
748 1362 923 1390 inveterato
945 1361 1028 1389 inter
1041 1360 1127 1400 ipsos
1146 1360 1236 1398 odio,
1255 1371 1288 1391 se

90 1419 208 1447 mutuis
224 1419 376 1448 conviciis
388 1416 599 1459 proscindunt
612 1434 659 1439 -
673 1421 749 1452 444.
774 1415 905 1444 Interim
921 1416 1031 1445 AEneas
1041 1436 1050 1451 ,
1069 1414 1220 1455 bipartito
1237 1415 1284 1445 di-

89 1471 163 1500 visis
178 1472 291 1511 copiiS,
306 1471 384 1501 levis
398 1477 564 1501 armaturae
583 1471 702 1510 equites
722 1468 822 1509 planis
838 1467 1007 1498 itineribus
1020 1467 1059 1496 ad
1075 1467 1188 1497 urbem
1203 1478 1283 1508 prae-

89 1525 208 1555 mittit:
223 1526 291 1566 ipse
303 1536 378 1555 cum
393 1525 517 1565 reliquo
530 1524 674 1554 exercitu
692 1533 748 1563 per
765 1523 835 1552 loca
851 1521 937 1551 silvis
949 1520 1176 1561 montibusque
1188 1522 1285 1562 impo-

88 1577 153 1608 dita
174 1578 214 1608 ad
235 1578 401 1609 editiorem
424 1578 535 1619 oppidi
556 1584 677 1618 partem
699 1575 874 1606 contendit.
895 1575 993 1612 Cujus
1012 1574 1058 1603 rei
1076 1575 1190 1604 nuntio
1206 1576 1284 1605 Lau-

88 1639 217 1662 rentum
231 1632 370 1672 perlato‚
387 1632 557 1662 concilium
571 1631 758 1668 dimittitur,
775 1636 991 1670 paranturque
1005 1637 1042 1657 ea
1054 1637 1125 1668 quae
1143 1627 1184 1657 ad
1196 1628 1287 1658 urbis

87 1685 303 1716 defensionem
318 1693 471 1726 putantur
492 1687 651 1726 pertinere
666 1702 712 1708 --
733 1684 810 1720 485.
836 1685 981 1719 Turnus,
1006 1682 1134 1721 cognito
1153 1692 1210 1721 per
1232 1693 1286 1713 ex-

87 1739 261 1780 ploratores
277 1741 382 1769 AEueae
407 1739 556 1776 consilio,
584 1739 730 1768 bifariam
755 1745 787 1767 et
810 1737 877 1776 ipse
899 1745 968 1765 suas
994 1735 1098 1774 copias
1123 1735 1260 1774 partitur
1275 1746 1283 1766 ε

85 1793 247 1834 equitibus
262 1794 445 1833 Messapum
463 1800 493 1822 et
515 1793 679 1823 Camillam
695 1790 846 1832 praeficit,
866 1799 982 1829 eosque
1004 1788 1144 1817 hostium
1169 1790 1284 1829 equiti·

86 1847 147 1877 bus
162 1847 316 1888 opponit;
330 1847 398 1887 ipse
413 1856 486 1875 cum
500 1845 660 1887 peditibus
673 1845 846 1885 augustias,
863 1852 925 1882 qua
939 1841 1113 1871 necessario
1126 1843 1232 1872 AEneae
1243 1843 1282 1873 ad

87 1901 199 1931 urbem
214 1901 274 1930 iter
293 1906 373 1937 erat,
391 1900 531 1930 breviori
544 1900 656 1929 itinere
674 1904 827 1938 occupat,
847 1902 940 1935 atque
955 1894 1001 1924 ibi
1016 1895 1051 1924 iu
1066 1893 1188 1924 insidiis
1204 1895 1278 1926 sub-

85 1954 166 1984 sistit
180 1971 227 1977 —-
243 1954 320 1984 531.
341 1954 561 1994 Interponitur
577 1952 755 1993 episodium
773 1950 811 1980 de
830 1948 960 1980 Camilla
975 1964 1022 1971 —-
1042 1946 1122 1987 596.
1148 1948 1280 1979 Interim

87 2009 231 2048 eiluestre
245 2008 391 2049 praelium
405 2009 629 2045 committitur,
649 2006 768 2047 diuque
783 2003 883 2034 dubio
896 2003 1057 2042 utrimque
1071 2008 1187 2032 eventu
1201 2013 1282 2045 pu„-

86 2067 182 2091 natnr
196 2078 243 2084 —-
256 2061 334 2100 647.
354 2062 405 2092 Ibi
423 2061 569 2099 Camilla,
587 2070 697 2101 magna
714 2059 802 2100 prius
817 2056 899 2087 edita
912 2055 1055 2085 hostium
1070 2061 1187 2097 strage,
1201 2054 1279 2085 dum

88 2113 259 2145 Chloreum
268 2137 276 2153 ,
292 2115 426 2156 Cybeles
439 2114 649 2152 sacerdotem,
664 2122 824 2143 armorum
840 2111 906 2149 ejus
918 2107 1157 2151 pulchritudine
1171 2116 1260 2149 capta
1270 2132 1278 2146 ‚

86 2168 241 2199 incautius
259 2170 417 2211 sequitur,
439 2180 479 2201 ex
501 2169 624 2202 insidiis
645 2168 683 2199 ab
704 2170 825 2200 Arunte
850 2166 938 2196 hasta
961 2164 1116 2203 trajicitur
1132 2181 1179 2189 --·
1199 2164 1276 2195 835.
