1414 2435
546 87 668 117 LIBER
692 88 750 117 xl.

1180 88 1242 116 163

23 174 30 180 ,
55 143 264 178 Ducentem
283 143 321 178 in
339 141 490 178 Latium
508 143 692 187 Teucros,
712 142 889 179 cecidisse
905 143 1064 192 juvabit.

57 199 159 245 Quin
178 212 248 249 ego
268 211 344 235 non
365 199 438 246 alio
458 200 592 250 digner
611 209 647 237 te
667 202 816 246 funere,
836 203 953 248 Palla,

56 260 180 303 Quam
196 258 282 308 pius
299 260 453 304 AEneaS‚
475 268 512 296 et
531 272 643 308 quam
665 261 790 309 magni
808 260 990 311 Phryges,
1012 271 1049 299 et
1067 274 1178 311 quam
1198 277 1244 301 170

55 317 318 366 Tyrrhenique
334 317 467 364 duces,
486 319 725 368 Tyrrhenum
745 321 932 358 exercitus
952 322 1084 358 omnis.

55 379 193 426 Magna
212 385 355 427 tropaea
375 379 518 425 ferunt,
538 391 633 428 quos
654 379 717 416 dat
737 389 801 417 tua
818 380 973 417 dextera
989 382 1082 427 leto;

54 437 113 471 Tu
129 449 281 486 quoque
300 450 400 474 nunc
418 446 535 476 stares
554 438 713 476 inmanis
733 449 888 477 truncus
907 441 947 476 in
967 441 1097 486 armis,

55 497 162 531 Esset
179 508 248 545 par
265 504 371 540 aetas,
392 505 428 533 et
445 496 545 533 idem
564 498 595 534 si
613 497 732 534 robur
752 498 799 534 ab
820 499 944 544 annis,

55 558 195 591 Turne.
216 555 290 592 Sed
309 556 441 593 infelix
457 559 622 595 Teucros
642 558 735 607 quid
755 558 931 594 demoror
951 559 1085 594 armis?
1201 567 1246 597 175

55 615 208 660 Vadite,
226 623 262 651 et
281 615 361 652 haec
379 628 564 654 memores
584 618 663 666 regi
682 618 856 654 mandata
877 619 1013 654 referte
1032 633 1039 653 :

58 675 172 720 Quod
193 675 307 712 vitam
326 688 455 712 moror
474 677 649 723 invisam,
669 678 834 714 Pallante
853 686 1041 727 peremto,

58 805 138 834 duce
148 805 276 835 Camilla
287 815 295 841 ;
306 806 370 834 VII
379 826 388 840 ,
402 805 478 834 803.
489 822 534 827 -
549 806 622 835 163.

59 853 189 880 Juvaret
204 852 311 886 Rom„
328 857 395 879 tum
408 850 524 881 Medic.
541 851 627 881 Gud.

59 907 76 925 a
90 906 132 925 m.-
147 906 209 926 sec.
224 903 255 925 et
263 898 346 926 Ven.
357 907 428 925 cum
444 896 540 926 Goth.
555 903 627 926 tert.

59 944 106 972 Ita
123 952 232 971 sensus
248 949 328 971 esset
342 942 394 971 hic
411 951 418 971 :
435 942 532 981 Quod
547 943 573 971 si
583 959 628 964 —-

58 989 182 1026 juvaret
203 988 313 1017 saltem
329 988 406 1025 hoc,
425 988 452 1016 si
476 998 542 1017 non
558 994 629 1017 ante

60 1033 223 1063 cecidisset
231 1033 315 1063 filius
327 1044 416 1063 meus
426 1056 434 1070 ‚
445 1044 540 1073 quam
549 1035 629 1064 Teu-

61 1080 122 1109 cris
137 1080 172 1108 in
188 1081 311 1109 Latium
323 1079 441 1115 ductis,
458 1090 568 1109 eorum
585 1090 629 1108 re-

63 1125 123 1154 bus
150 1135 184 1154 ac
215 1125 345 1154 sedibus
368 1124 510 1154 firmatis.
536 1126 630 1155 Nune

23 1184 26 1188 ·
54 1169 178 1210 juvabit
188 1178 234 1200 est
247 1180 306 1211 pro
317 1171 422 1209 juvet,
431 1171 558 1209 juva103
571 1181 629 1211 pro

62 1215 174 1246 solatio
188 1224 265 1246 esto.

113 1273 125 1291 1
134 1273 187 1299 72.
196 1262 340 1293 Obscura
353 1269 399 1291 est
412 1261 507 1300 hujus
523 1272 630 1291 versus

62 1309 226 1338 sententia.
250 1308 342 1338 Ratio
371 1307 500 1347 quidem
528 1317 630 1347 gram-

63 1355 175 1383 matica
190 1355 234 1383 sic
254 1354 395 1394 accipere
408 1353 498 1391 jubet
515 1362 522 1383 ε
542 1353 629 1384 Nihil

63 1410 94 1428 se
119 1400 235 1430 honori
259 1399 403 1436 funebri,
427 1409 522 1439 quein
548 1401 628 1428 Tro-

60 1445 127 1482 jani
148 1452 224 1475 nato
238 1455 296 1475 suo
319 1445 553 1485 persolverant,
574 1444 628 1473 ad-

63 1490 136 1521 dere
161 1501 262 1532 posse.
288 1491 394 1531 Spolia
405 1513 413 1527 ,
438 1497 470 1520 et
500 1491 630 1520 exuvias

64 1548 174 1568 eorum
190 1547 269 1577 quos
287 1537 386 1567 Pallas
411 1537 628 1573 interemerat,

63 1594 127 1613 esse
142 1594 201 1623 pro
214 1583 360 1612 maximis
372 1582 550 1613 decoribus,
561 1582 612 1611 Illi
622 1605 630 1619 ,

63 1630 169 1670 inquit
177 1651 186 1665 ,
197 1639 277 1669 quos
291 1635 344 1658 tua
354 1629 494 1666 dextera,
505 1639 524 1658 ο
536 1628 629 1665 Palla,

62 1675 127 1704 leto
151 1674 224 1709 dat,
257 1673 343 1704 dedit
353 1697 363 1711 ‚
376 1673 492 1715 ferunt
510 1684 632 1715 magna

65 1728 187 1760 tropoea
203 1719 278 1755 tibi,
294 1719 452 1756 afferunt;
467 1727 584 1759 tropaea
598 1721 632 1748 in

62 1775 178 1806 pompa
192 1764 321 1794 funebri
343 1775 455 1805 magna
468 1764 633 1794 ducuntur

65 1821 176 1842 eorum
185 1834 192 1848 ,
214 1811 270 1851 qui
287 1821 303 1840 a
315 1809 384 1840 filio
397 1820 468 1840 meo
482 1811 553 1840 caesi
565 1810 631 1839 sue-

64 1869 108 1888 re.
123 1868 154 1887 ν.
169 1867 240 1897 sup.
255 1856 296 1886 83
309 1878 318 1893 ‚
334 1857 387 1892 84.
405 1857 459 1886 Est
477 1856 555 1886 alius
570 1865 632 1884 mo-

65 1903 143 1939 dus,
172 1904 262 1942 isque
282 1902 412 1940 melior,
429 1903 455 1931 si
471 1903 513 1931 ita
537 1900 632 1930 verba

63 1950 176 1990 jungas
191 1958 199 1978 τ
213 1950 311 1979 Troes
325 1955 355 1978 et
368 1948 527 1988 Tyrrheni
540 1957 630 1987 mag-

65 2005 109 2024 na
129 2002 249 2034 tropaea
257 1993 372 2035 serunt
387 1993 537 2034 (eorum)
554 2003 632 2032 quos

66 2040 141 2076 dac,
161 2039 262 2077 dedit,
275 2047 329 2069 tua
342 2040 477 2070 deoeteru
492 2039 566 2069 leto.
576 2039 632 2068 Ait

66 2084 228 2122 Evander,
249 2086 404 2127 insignius
426 2096 458 2115 se
483 2085 578 2114 funus
595 2083 631 2112 fi-

65 2131 110 2161 lio
123 2141 231 2171 parare
243 2131 329 2161 haud
341 2142 431 2172 posse
440 2154 448 2169 ,
462 2141 557 2171 quam
567 2129 630 2159 hoc

64 2178 167 2216 ipsum
181 2176 269 2216 quod
281 2176 426 2215 ducitur,
441 2176 550 2217 spoliis
561 2176 632 2206 hos-

681 807 761 835 tium
783 816 936 835 caesorum
961 812 1110 845 tanquam
1133 816 1250 845 pompa

682 851 809 881 funebri
830 851 950 886 ductis;
974 852 1092 891 quibus
1109 861 1248 880 accessu—

682 907 724 926 rae
757 898 890 926 fuissent
920 898 1023 927 Turni
1055 907 1132 926 exui
1142 898 1179 926 iae
1190 919 1198 932 ‚
1223 897 1249 925 si

681 943 829 973 Pallantis
853 945 934 972 vires
966 944 1105 972 animum
1132 952 1250 982 aequas-

681 995 761 1018 sent.
772 1005 818 1011 —-
831 990 904 1026 173.
922 990 1028 1028 Atque
1042 989 1134 1017 etiam
1150 994 1186 1016 tu
1202 998 1252 1016 es-

681 1044 728 1063 ses
756 1041 912 1074 tropaeum
923 1056 931 1070 ‚
955 1045 980 1064 s.
1009 1041 1143 1063 truncus
1159 1034 1252 1062 armis

682 1079 830 1116 indutus,
850 1082 957 1110 Turne
977 1089 984 1110 ε
1000 1090 1075 1119 pro,
1096 1087 1252 1118 tropzeum

683 1126 721 1155 de
735 1133 765 1155 te
782 1133 860 1155 esset
874 1125 989 1155 factum
1002 1148 1010 1159 ,
1033 1126 1060 1154 si
1072 1125 1181 1154 suisset
1196 1134 1252 1164 par

683 1178 755 1201 aetas
774 1179 804 1200 et
822 1171 922 1200 robur
945 1171 1086 1201 Pallanti.
1105 1170 1250 1205 Scilicet,

683 1217 770 1257 quod
783 1219 912 1247 Turnus
925 1227 991 1246 non
1007 1218 1192 1246 interemtus
1205 1222 1251 1244 est

684 1274 699 1292 a
713 1263 869 1297 Pallante,
886 1272 953 1291 nou
971 1263 1097 1291 virtutis
1108 1284 1116 1297 ‚
1136 1261 1191 1290 sed
1209 1262 1252 1290 vi-

683 1310 767 1338 rium
790 1309 825 1337 in
851 1307 987 1337 Pallante
1012 1318 1052 1336 ex
1071 1308 1168 1336 aetatis
1192 1307 1250 1334 im-

684 1354 853 1383 becillitate
863 1352 987 1382 defectu
998 1353 1189 1382 factum.—-1
1198 1362 1212 1389 7
1220 1357 1251 1386 4.

683 1402 737 1430 Est
752 1401 801 1429 vir
818 1399 928 1429 doctus
939 1420 947 1435 ,
957 1400 1013 1438 qui
1026 1398 1113 1428 hunc
1128 1408 1252 1427 versum

683 1452 880 1486 expunctum
890 1455 954 1474 esse
964 1445 1050 1474 malit
1061 1466 1069 1481 ‚
1081 1451 1117 1473 ut
1130 1445 1170 1473 sit
1183 1454 1251 1473 sen-

684 1493 780 1521 tentia
798 1500 805 1520 :
821 1502 891 1521 cum
915 1490 979 1519 istis
1003 1489 1128 1529 tropaeis
1153 1489 1251 1519 eciam

683 1546 768 1568 tumn
798 1545 948 1577 tropaeum
958 1559 966 1571 ‚
999 1547 1017 1566 o
1048 1537 1170 1571 Turne,
1202 1534 1252 1564 hic

676 1584 868 1625 jamdudum
880 1583 1008 1612 adstare
1018 1581 1158 1617 deberet;
1166 1587 1202 1610 ut
1211 1582 1252 1610 sit

686 1631 776 1660 tacita
799 1629 1002 1669 exprobratio
1017 1627 1229 1665 Trojanorum
1239 1650 1248 1664 ,

685 1677 740 1717 qui
755 1675 927 1705 vindictam
936 1674 974 1703 de
983 1677 1094 1704 Turno
1107 1672 1252 1702 nondum

685 1728 870 1751 sumserant.
896 1722 981 1750 Boua
1005 1719 1176 1754 sententia3
1201 1719 1250 1746 ni-

685 1768 711 1796 si
728 1773 830 1806 poetae
851 1767 908 1795 alia
930 1766 1162 1805 placuisset.—
1176 1763 1250 1800 175.

686 1812 773 1851 Quid
792 1822 847 1840 vos
867 1812 989 1842 retineov
1007 1820 1023 1838 a
1039 1809 1122 1838 bello
1143 1818 1250 1847 prose-

684 1857 811 1896 quendo
821 1857 834 1885 Ρ
844 1874 890 1878 —-
904 1866 916 1885 1
925 1867 939 1892 7
948 1866 962 1892 7
970 1879 976 1885 .
987 1856 1093 1885 Vitam
1106 1854 1183 1883 mihi
1198 1853 1251 1883 ad-

685 1908 723 1932 ed
741 1904 789 1932 im
798 1903 874 1931 isam
898 1911 962 1930 esse
984 1910 1110 1930 necesse
1133 1906 1198 1937 est,
1214 1906 1251 1929 ut

685 1959 752 1978 eam
783 1957 975 1987 quocunque
1004 1945 1099 1975 modo
1123 1945 1250 1975 abrum-

684 2004 766 2034 pam.
796 1995 839 2023 Ut
868 2000 971 2022 tamen
1003 2002 1070 2021 eam
1100 1991 1230 2021 tolerem
1240 2013 1249 2027 ‚

686 2050 792 2069 caussa
817 2046 862 2069 est
886 2038 1021 2067 dextera
1043 2044 1098 2066 cua
1112 2047 1124 2066 .-
1141 2047 1197 2067 seu
1212 2043 1250 2066 nt

684 2085 762 2115 fides
778 2085 850 2114 data
866 2083 1057 2123 intelligatur
1067 2105 1075 2120 ‚
1088 2093 1143 2113 seu
1158 2089 1195 2112 ut
1208 2083 1250 2112 sit

684 2142 753 2171 spes
767 2131 806 2160 de
822 2132 939 2160 virtute
953 2131 1076 2165 AEueae,
1090 2138 1152 2169 qua
1165 2130 1249 2158 Tur-

684 2178 718 2207 ni
731 2177 814 2207 caede
832 2176 977 2207 Pallantis
992 2181 1127 2205 mortem
1145 2180 1189 2204 est
1205 2173 1250 2203 ul-
