1414 2435
584 44 733 74 CULEX.
1193 45 1252 79 3307

63 103 238 141 Conchea
255 101 370 139 bacca
388 99 501 137 maris
522 99 645 149 pretio
666 107 721 136 est
741 111 749 133 :
770 108 807 135 at
827 108 980 149 pectore
1000 112 1097 150 puro

65 165 172 212 Saepe
190 174 302 212 super
322 169 450 196 tenero
470 159 676 209 prosternit
696 158 864 208 gramine
881 172 1037 209 corpus3

63 223 214 260 Florida
230 234 347 272 quum
366 220 473 257 tellus
491 219 711 270 gemmantis
731 220 832 269 picta
852 233 920 268 per
936 220 1071 257 herbas

64 285 163 319 Vere
179 290 286 318 notat
302 280 403 318 dulci
420 280 596 317 distincta
615 279 806 317 coloribus
826 292 934 325 arva;

63 344 188 390 Atque
206 341 329 388 illum,
347 340 490 377 calamo
510 340 636 377 laetum
655 339 846 376 recinente
862 338 1037 387 palustri,

62 399 227 449 Otiaque
246 399 390 437 invidia
407 400 604 449 degentem
624 412 666 435 ac
687 397 818 435 fraude
837 406 999 440 remota,

62 459 342 508 Pollentemque
363 459 453 505 sibi,
473 458 588 495 viridi
606 471 690 495 cum
709 456 862 507 palmite
883 455 1014 492 ludens

62 518 207 554 Tmolia
226 519 428 569 pampineo
447 518 577 555 subter
596 530 704 554 coma
725 517 825 553 velat
843 515 992 552 amictu.

62 577 120 613 Illi
138 587 224 615 sunt
242 587 357 629 gratae
376 587 547 616 rorantes
567 579 663 615 lacte
683 578 855 628 capellae,
1229 584 1257 614 75

63 638 109 673 Et
127 650 275 685 nemus,
297 647 333 675 et
353 639 514 676 fecunda
533 640 655 686 Pales,
676 647 713 675 et
733 637 893 674 vallibus
914 636 996 673 imis

61 699 220 747 Semper
236 710 355 746 opaca
373 700 481 734 novis
503 698 693 734 manantia
710 696 878 733 fontibus
898 703 1015 732 antra.

64 759 158 804 Quis
178 757 294 808 magis
315 766 445 806 optato
465 766 580 806 queat
600 770 679 794 esse
698 756 847 793 beatior
868 768 968 800 aevo,

64 819 187 862 Quam
205 817 271 866 qui
287 825 412 871 mente
431 815 564 866 procul
582 828 679 865 pura
698 828 884 864 sensuque
904 813 1101 864 probando

62 878 149 913 Non
168 875 296 913 avidas
316 876 470 926 agnovit
489 888 599 926 opes3
619 888 696 911 non
714 874 834 911 tristia
853 873 970 919 bella,
1227 883 1257 904 su

62 937 140 972 Nec
159 935 306 972 funesta
326 935 433 973 timet
449 935 582 972 validae
602 934 807 972 certamina
827 933 970 979 classis;

63 998 168 1041 Non,
188 996 316 1045 spoliis
337 995 427 1031 dum
443 1003 572 1032 sancta
593 994 705 1030 deum
725 993 955 1043 fulgentibus
977 1001 1085 1028 ornct

63 1056 236 1104 Templa,
257 1055 317 1091 vel
338 1064 489 1092 evectus
508 1055 620 1091 finem
637 1054 876 1090 transcendat
893 1051 1075 1095 habendi,

63 1114 275 1150 Adversum
296 1114 403 1151 saevis
423 1115 523 1150 ultro
543 1121 658 1163 caput
678 1111 851 1150 hostibus
871 1111 1010 1148 offert?

64 1172 123 1208 Illi
142 1172 235 1208 falce
253 1172 343 1209 deus
361 1173 519 1218 colitur,
540 1185 616 1208 non
637 1180 736 1217 arte,
755 1171 913 1221 politus;

66 1231 131 1268 Ille
152 1231 241 1268 colit
257 1232 381 1277 lucos;
399 1232 471 1276 illi,
490 1231 679 1267 Panchaia
697 1239 800 1276 tura,

66 1290 240 1328 Floribus
257 1297 420 1339 agrestes
438 1288 568 1325 herbae
586 1287 840 1333 variantibus,
861 1288 1014 1331 adsunt;

67 1349 125 1386 llli
143 1349 261 1386 dulcis
282 1348 386 1385 adest
407 1347 573 1397 requies,
593 1355 629 1384 et
650 1359 747 1397 pura
767 1347 958 1395 voluptas,

65 1408 218 1453 Libera,
243 1406 474 1457 simplicibus
495 1407 595 1443 curis
613 1419 620 1441 :
640 1405 716 1442 huc
736 1405 909 1450 inminet,
929 1406 1047 1441 omnis

66 1469 204 1518 Dirigit
221 1467 296 1504 huc
315 1481 462 1513 sensus,
480 1467 560 1503 haec
580 1479 672 1502 cura
690 1474 745 1502 est
762 1465 913 1502 subdita
932 1465 1057 1510 cordi,
1225 1482 1255 1504 90

66 1528 247 1575 Quolibet
264 1536 306 1565 ut
326 1528 457 1577 requie
474 1527 577 1563 victu
595 1533 793 1563 contentus
811 1525 994 1569 abundet,

64 1592 84 1626 J
88 1588 314 1638 ucundoque
330 1588 420 1637 liget
436 1586 652 1637 languentia
673 1598 834 1636 corpora
850 1597 994 1623 somno.

67 1647 100 1683 Ο
120 1646 302 1695 pecudes,
323 1659 345 1683 ο
362 1650 496 1694 Panes,
516 1655 551 1684 et
572 1659 594 1682 o
612 1645 825 1696 gratissima
841 1647 981 1693 Tempe

67 1706 194 1743 Fontis
214 1705 539 1754 Hamadryadum!
558 1719 717 1755 quarum
738 1718 812 1742 non
833 1704 948 1740 divite
969 1704 1069 1739 cultu

67 1874 130 1902 tior
165 1878 210 1900 est
240 1871 322 1899 inter
355 1869 524 1898 caelatores.
561 1868 631 1898 vide
686 1870 762 1898 tium
788 1868 912 1907 spolii5‚
939 1866 1113 1903 manubiis,
1140 1867 1252 1907 templa

67 1918 227 1953 XXXIII,
253 1927 264 1945 1
274 1926 290 1945 2
303 1938 310 1953 ,
336 1926 360 1945 s,
391 1915 444 1944 55.
476 1916 632 1944 Toreuma
685 1914 817 1944 deorum
831 1920 938 1949 ornet,
954 1913 1002 1942 vel
1016 1922 1140 1953 magnas
1153 1919 1184 1941 et
1198 1915 1253 1942 im-

66 1964 195 2003 proprie
212 1963 250 1992 de
272 1972 366 2002 opere
384 1967 541 1997 exstante,
560 1970 631 1990 ana·
685 1960 823 1990 modicas
837 1969 911 1999 opes
927 1969 943 1988 e
956 1957 1061 1999 praeda
1078 1959 1137 1988 sibi
1153 1965 1250 1999 paret.

66 2007 203 2049 glypho,
220 2015 266 2038 est
279 2006 510 2048 accipiendum.
686 2007 823 2045 Respicit
836 2005 995 2040 militiam,
1011 2014 1082 2044 quae
1097 2004 1148 2034 illa
1166 2011 1253 2034 aetate

116 2053 156 2083 82
167 2071 213 2077 —
224 2055 276 2089 84.
292 2054 357 2094 Qui
372 2063 438 2083 non
456 2059 550 2092 caput
572 2051 633 2082 dis—
686 2053 768 2081 inter
788 2057 868 2081 artes
883 2057 914 2080 et
931 2052 994 2080 vias
1007 2050 1188 2080 divitiarum
1202 2061 1254 2091 pa·

70 2098 193 2129 crimini
212 2110 326 2141 pugnae
347 2099 473 2138 objicit,
489 2098 563 2128 dum
586 2109 634 2127 or·
688 2097 858 2126 randarum
874 2103 948 2127 erat.
966 2107 994 2126 ν.
1012 2096 1132 2127 Tibull.
1149 2095 1203 2126 lib.
1219 2097 1247 2129 Ι,

69 2150 139 2179 nec,
165 2144 197 2175 h.
221 2156 248 2175 e.
275 2156 312 2176 eo
336 2145 487 2182 consilio,
510 2151 546 2175 ut
563 2144 634 2174 hos-
688 2143 773 2184 Eleg.
798 2154 808 2172 1
829 2154 875 2183 pr.
