1414 2435
545 62 668 92 LIBER
691 62 768 90 XII.

1193 60 1254 90 231

63 128 158 162 Sunt
176 125 256 161 aliae
273 124 439 171 innuptae
457 120 567 157 Latio
587 126 624 155 et
643 115 900 154 Laurentibus
919 118 1036 166 agris,

63 189 142 222 Nec
159 197 274 234 genus
294 183 490 220 indecores
511 195 519 217 ε
541 180 620 218 sine
638 191 698 216 me
714 178 795 215 haec
812 177 914 214 haud
933 178 1060 214 mollia
1079 177 1158 214 satu
1224 187 1256 210 25

66 244 232 281 Sublatis
252 243 399 292 aperire
421 241 534 287 dolis;
556 239 666 277 simul
685 239 758 275 hoc
779 238 904 274 animo
924 237 1047 274 hauri.

64 307 129 341 Me
143 313 268 341 natam
287 303 381 340 nulli
399 311 578 339 veterum
592 300 737 337 sociare
754 311 961 349 procorum

64 367 134 401 Fas
154 372 255 410 erat,
278 362 394 412 idque
409 374 538 399 omnes
558 361 712 410 divique
729 359 977 408 hominesque
998 358 1194 396 canebant.

65 424 196 460 Victus
216 437 343 461 amore
364 424 437 469 tui,
458 431 619 472 cognato
639 420 820 470 sanguine
838 419 982 465 victus,

65 484 156 533 Conj
164 484 244 533 ugis
261 493 298 520 et
314 493 454 520 moestae
473 482 655 528 lacrimis,
672 480 796 517 vincla
814 481 941 516 omnia
957 479 1044 528 rupi
1061 494 1069 515 :
1232 488 1261 512 312

68 543 293 580 Promissam
313 543 438 592 eripui
459 554 618 591 genero;
639 553 743 577 arma
762 540 866 589 inpia
887 539 1014 576 sumsi.

68 605 126 639 Ex
144 604 208 639 illo
229 604 294 652 qui
312 616 371 640 me
391 616 516 649 casus,
537 615 640 651 quae,
659 604 787 638 Turne
799 629 809 646 ‚
830 608 1037 649 sequantur

69 664 170 700 Bella
190 663 316 709 vide53
338 672 498 713 quantos
514 662 658 712 primus
678 662 823 712 patiare
839 660 1000 698 labores.

68 724 130 760 Bis
147 737 282 774 magna
302 725 393 762 victi
414 737 540 774 pugna
556 723 621 759 vix
642 721 738 758 urbe
758 731 909 758 tuemur

72 786 166 833 Spes
187 786 316 830 Italas;
337 784 502 821 recalent
521 790 651 818 nostro
666 781 847 818 Tiberina
867 780 1008 816 fluenta
1234 787 1264 810 35

71 844 261 893 Sanguine
281 843 424 889 adhuc,
441 842 640 892 campique
659 841 830 891 ingentes
850 839 999 877 ossibus
1019 837 1157 876 albent.

72 906 158 949 Quo
178 904 323 939 referor
342 903 478 940 toties?
496 915 579 952 quae
599 910 762 938 mentem
781 900 926 937 insania
945 899 1090 935 mutat?

71 963 130 1009 Si,
151 966 282 1000 Turno
303 964 507 1009 exstincto,
527 963 650 1000 socios
670 975 752 998 sum
769 961 914 998 adscire
931 969 1085 1009 paratus
1097 973 1107 1005 ;

71 1025 148 1060 Cur
166 1036 242 1060 non
257 1024 437 1060 incolumi
457 1024 584 1073 potius
602 1022 808 1060 certamina
828 1021 942 1058 tollo?

72 1082 175 1128 Quid
191 1083 459 1131 consanguinei
473 1082 624 1128 Rutuli,
641 1081 735 1131 quid
749 1088 874 1117 cetera
889 1079 989 1115 dicet
1234 1088 1264 1114 Λευ

72 1254 128 1278 tes.
144 1264 188 1269 —-
200 1247 254 1278 25.
271 1245 337 1278 Οὐκ
358 1244 529 1290 ἀσχήμονες
542 1247 576 1278 τὸ
591 1246 642 1292 γε’-

72 1304 120 1328 νος
132 1316 139 1330 ,
171 1301 332 1334 comparat
359 1296 496 1325 Servius.
528 1297 645 1325 Putant

73 1347 176 1369 autem
190 1347 317 1380 poetam
334 1340 368 1369 in
387 1341 491 1370 animo
514 1341 643 1371 habuis·

73 1397 105 1415 se
121 1397 181 1416 vss.
202 1387 284 1426 399,
309 1392 373 1422 400
393 1386 481 1418 Iliad.
502 1399 575 1418 ι.-
589 1398 642 1426 27.

75 1434 221 1461 Veterum
232 1443 402 1472 procorum
414 1444 424 1461 .·
439 1441 583 1474 respectu
595 1433 644 1463 ad-

72 1489 161 1508 venae
193 1481 299 1509 AEneae
329 1478 404 1509 dicti
431 1488 574 1516 veteres,
595 1481 644 1510 in·

73 1524 194 1566 digenae
209 1525 267 1555 illi.
286 1527 332 1555 De
349 1536 382 1555 re
397 1525 461 1555 vid.
477 1537 547 1567 sup.
560 1528 623 1556 VII
634 1549 642 1564 ,

75 1570 117 1607 54
131 1582 198 1611 sqq.
214 1588 261 1595 —-
279 1582 332 1611 29.
355 1572 501 1614 Cognato
517 1572 645 1614 sangui—

74 1627 132 1652 ne,
151 1618 226 1657 quia
239 1618 382 1655 Venilia,
405 1626 505 1648 mater
519 1620 639 1656 Turni,

74 1672 166 1692 soror
179 1670 244 1692 erat
263 1665 391 1694 Amatae.
412 1676 441 1694 V.
463 1667 547 1703 Vll,
568 1667 645 1697 366.

74 1725 121 1733 ν-
134 1709 186 1737 30.
206 1709 322 1752 ἷῑῐηοίιι
341 1710 450 1739 omnia
473 1711 560 1750 rupi,
576 1712 647 1741 reli-

74 1756 176 1796 gionis
203 1761 234 1783 et
262 1755 403 1791 foederis,
428 1758 534 1793 Serv.;
559 1758 647 1797 quod

73 1811 208 1841 sequeus
232 1812 340 1831 versus
367 1801 513 1832 declarat.
530 1820 575 1825 —-
593 1805 646 1833 31.

76 1846 271 1878 Promissam
297 1848 399 1888 erlpm'
416 1859 549 1889 genero.
567 1850 648 1879 Nam

76 1895 182 1924 AEneae
200 1905 257 1934 per
274 1893 394 1935 legatos
412 1896 597 1935 promiserat
613 1894 651 1924 fi-

76 1940 161 1971 liam.
177 1940 260 1970 Vide
282 1951 376 1981 supra
398 1943 468 1971 AEn.
486 1943 547 1970 vll
559 1963 568 1978 ,
585 1942 647 1980 267

77 1988 268 2026 sqq.—-35.
297 1989 401 2016 Italas
428 1994 521 2017 ornat
545 1997 551 2017 :
576 1989 649 2018 sim-

77 2032 178 2071 plicit.
193 2045 262 2074 spes
277 2041 409 2064 nostras.
424 2033 580 2063 Recalene
592 2045 650 2074 pro

78 2078 201 2115 calent,
224 2086 275 2110 au!
290 2080 447 2116 recalent,
470 2082 585 2110 iterum
601 2091 649 2110 ca-

77 2123 164 2161 lent,
183 2135 291 2167 magna
308 2126 394 2166 quod
412 2127 461 2156 bis
480 2128 556 2157 vicli
570 2138 649 2169 pug-

79 2179 129 2201 na.
158 2172 244 2202 Serv.
260 2174 355 2212 —37
373 2196 381 2212 ,
411 2174 472 2212 38,
503 2175 556 2214 39.
585 2175 650 2205 Cur

697 1249 789 1279 toties
816 1248 986 1277 consilium
1015 1255 1105 1277 muto
1116 1271 1123 1285 ‚
1149 1248 1266 1278 foedere

698 1305 771 1324 cum
785 1295 930 1332 Trojanis
955 1294 1051 1324 semel
1063 1295 1185 1324 sancito
1201 1295 1271 1335 (ni-

697 1342 722 1370 si
740 1340 859 1381 referor
882 1347 928 1370 est
955 1340 1098 1370 retrahor
1109 1363 1117 1377 ‚
1132 1351 1249 1371 avocor
1261 1364 1269 1377 ,

698 1398 714 1417 a
728 1387 861 1416 consilio
870 1387 965 1416 semel
975 1394 1067 1427 capto
1077 1386 1110 1427 )?
1121 1388 1169 1425 Si,
1182 1387 1269 1428 quod

697 1433 866 1463 videsmiln'
875 1433 1057 1463 faciendum
1065 1444 1129 1463 esse
1137 1434 1271 1464 exstinc-

699 1487 731 1510 to
748 1487 795 1517 te,
815 1480 854 1509 ad
870 1481 1051 1509 societatem
1071 1490 1143 1510 cum
1160 1481 1269 1519 Troja-

698 1527 747 1555 nis
763 1533 852 1556 antea
869 1527 980 1556 initam
994 1526 1194 1557 redeundum
1207 1534 1270 1565 est,

697 1583 754 1612 eur
778 1572 863 1602 idem
888 1583 955 1603 non
975 1573 1072 1611 facio,
1091 1580 1120 1603 te
1143 1574 1218 1603 vivo
1240 1582 1271 1604 et

696 1619 850 1649 incolumi
859 1620 873 1649 Ρ
886 1630 946 1659 pro
959 1619 1082 1660 vulgari
1095 1630 1102 1650 :
1117 1630 1213 1660 quam
1225 1620 1271 1650 in-

699 1676 810 1695 sanum
826 1673 889 1703 est,
904 1677 970 1695 non
985 1667 1088 1695 statim
1103 1673 1133 1696 te
1146 1667 1222 1696 vivo
1231 1667 1273 1696 sa-

701 1722 770 1741 cere
783 1735 791 1749 ,
807 1712 912 1752 quod,
928 1719 958 1741 te
981 1712 1108 1742 sublato
1119 1735 1127 1749 ‚
1146 1722 1273 1742 necesse

700 1759 760 1787 erit
792 1757 872 1786 mihi
898 1758 998 1787 facere
1011 1759 1016 1787 !
1031 1775 1078 1780 -—-
1093 1759 1146 1788 38.
1176 1759 1276 1787 Turm'

702 1803 862 1833 exstinctu
887 1803 1010 1833 Zulich.
1029 1814 1044 1833 a
1063 1814 1105 1833 m.
1126 1814 1175 1844 pr.
1197 1805 1273 1833 Tar-

703 1859 743 1878 ηο
757 1848 907 1878 exterrito
924 1859 948 1879 s.
964 1849 1068 1879 accire
1084 1851 1194 1880 Franc.
1213 1852 1275 1881 Ac—

703 1895 767 1925 cire
791 1895 842 1924 vel
868 1895 976 1924 aclcire
986 1918 995 1931 ,
1020 1896 1118 1937 vulgo
1141 1895 1273 1928 editum.

703 1943 748 1971 At
767 1952 807 1970 ex
823 1941 1008 1971 melioribus
1031 1943 1094 1972 suis
1113 1949 1145 1972 et
1162 1944 1275 1973 Pieria-

703 1988 752 2017 nis
771 1988 921 2017 Heinsius
934 1987 1021 2017 dedit
1035 1988 1178 2026 adscire,
1197 1988 1228 2019 h.
1246 2001 1274 2021 e.

704 2034 896 2071 adsciscere3
914 2035 971 2064 etsi
986 2034 1073 2065 aliud
1094 2035 1275 2076 exemplum

703 2081 791 2111 meis
810 2091 868 2110 nec
893 2080 965 2118 hic,
985 2091 1044 2112 nec
1069 2081 1107 2111 ad
1128 2082 1185 2113 lib.
1210 2084 1275 2120 XI,

705 2127 769 2158 308
782 2127 898 2158 attulit.
913 2128 1089 2169 Antiquam
1103 2135 1207 2159 tamen
1220 2139 1276 2160 vo-

705 2184 772 2204 cem
788 2175 854 2213 ejus
873 2174 984 2205 formae
997 2175 1111 2214 fuisse,
1130 2175 1222 2207 docet
1239 2173 1273 2205 τὶ
