1414 2435
97 67 159 107 198

593 63 789 95 AENEIDOS

92 124 366 171 Adventusque
383 119 528 166 virum,
549 119 798 170 fremitusque
818 121 980 159 ardescit
999 135 1199 172 equorum.

145 188 304 232 Jamque
322 182 422 218 intra
437 181 581 230 jactum
597 181 662 218 teli
680 193 903 231 progressus
922 191 1085 233 uterque

97 243 327 282 Substiterat
344 255 353 276 :
373 239 501 277 subito
517 250 724 290 erumpunt
743 241 928 286 clamore,
949 243 1220 294 frementisquc

97 303 359 341 Exhortantur
377 313 513 350 equos;
534 300 700 337 fundunt
719 301 830 338 simul
847 303 1017 352 undique
1036 305 1110 341 tela

1251 313 1299 337 διο

98 364 243 401 Crebra
261 361 359 399 nivis
380 362 476 407 ritu,
495 361 708 410 coelumque
729 361 925 399 obtexitur
942 363 1089 400 umbra.

99 488 145 511 tra
161 486 287 510 tenetur
305 479 410 516 hasta,
432 485 539 509 tamen
554 489 590 508 ea
604 489 676 519 pro-

99 526 261 562 tenditur,
285 527 466 566 prominet,
483 525 630 565 inprimis
650 525 677 554 si

99 574 219 613 cogites
229 572 311 601 iufra
326 571 462 600 mediam
476 571 541 600 fere
555 577 677 611 partem

102 630 171 649 eam
202 628 301 647 manu
330 618 441 647 teneri.
468 617 679 646 Praecendunc

102 666 195 695 tacite
218 664 380 703 irrepsisse
404 664 439 692 in
468 663 676 693 Burmannia-

102 722 176 742 nam
190 709 377 745 editionem,
395 719 463 738 non
481 709 615 739 consilio
631 720 679 738 re-

104 764 233 797 ceptum
246 755 382 785 videtur.
396 757 477 785 Nam
488 756 597 785 Heius.
612 765 680 784 non

107 803 250 839 admisit,
268 812 326 831 nec
339 801 420 830 illud
438 801 500 830 nisi
515 802 549 830 in
561 800 680 830 Medic.

106 861 123 880 a
134 860 177 879 m.
191 859 241 889 pr.
253 871 262 885 ,
274 855 342 877 tum
356 849 390 877 in
400 848 526 888 Menag.
539 857 601 877 sec.
613 848 682 877 Mo-

108 903 167 926 ret.
190 901 262 925 tert.
285 901 316 924 et
335 893 475 923 Leid.‹1c
493 893 614 923 Zulich.
635 904 682 923 re-

108 943 192 983 perit
205 941 369 981 scriptum.
381 940 503 970 Pierius
514 946 619 969 tamen
633 950 683 969 an-

109 990 196 1028 tiqua
209 987 360 1028 pleraque
379 986 570 1026 exemplaria
582 987 626 1015 ita
642 986 684 1016 le-

111 1045 183 1075 gere
207 1035 271 1064 ait:
291 1043 349 1063 nec
378 1039 424 1062 cst
443 1043 501 1061 cur
523 1032 603 1062 illud
627 1042 685 1072 per

110 1091 143 1111 se
167 1079 328 1120 improbet
353 1075 477 1119 aliquiS.
501 1079 582 1109 Nam
598 1089 684 1118 prae-

112 1126 243 1157 tendere
251 1148 260 1161 ,
275 1122 444 1167 προτεῖνειν
455 1151 462 1160 ,
473 1123 512 1153 ad
524 1124 608 1154 idem
620 1125 684 1154 fere

111 1172 258 1204 redeunt.
285 1171 465 1213 Proficiunt
493 1171 590 1201 Goth.
621 1181 683 1200 sec.

113 1218 256 1250 Tandem
270 1217 391 1247 librant
398 1215 633 1246 emendandum
643 1227 686 1246 es-

112 1276 144 1295 se
157 1265 347 1305 pronuntiat
363 1265 416 1294 Jo.
431 1261 594 1293 Schrader.
605 1264 686 1293 Nam

112 1310 260 1341 nondum
278 1311 448 1345 emittunt,
466 1308 608 1349 adeoque
630 1319 687 1338 nec

111 1357 254 1388 vibrant.
265 1373 312 1379 -—
326 1358 400 1387 Non
415 1355 517 1392 idem,
533 1362 569 1384 ut
587 1355 687 1385 Cerda

113 1404 202 1440 vult,
218 1403 274 1432 sed
301 1403 368 1432 aliae
389 1408 464 1431 sunt
492 1400 609 1436 hasne,
629 1401 688 1431 alia

113 1449 236 1491 spicula
257 1449 290 1479 h.
313 1448 443 1487 jacula:
467 1447 518 1477 his
543 1448 687 1484 eminus,

113 1497 176 1527 illis
201 1496 365 1532 cominus,
385 1504 490 1535 pugna
512 1492 560 1524 fit.
587 1495 689 1534 Igitur

113 1543 217 1572 hastas
240 1541 413 1576 reducunt,
438 1546 474 1569 ut
497 1550 570 1570 cum
589 1541 688 1580 impe-

116 1595 152 1618 tu
182 1588 376 1623 immittant,
403 1586 507 1624 jacula
536 1585 684 1620 vibrant,

117 1633 375 1670 romum—607.
398 1631 497 1673 Eefr.
519 1631 596 1661 alter
618 1633 687 1662 Me-

117 1691 188 1722 nag.
217 1681 383 1711 Neminem
416 1679 511 1708 video
539 1677 578 1707 ad
602 1677 689 1708 huuc

118 1737 245 1757 versum
261 1726 441 1756 offendisse.
452 1725 612 1755 Videntur
631 1726 688 1765 igi-

118 1780 170 1803 tur
199 1773 251 1802 alii
277 1771 509 1813 expeditiorem
535 1772 689 1801 rationem

116 1818 265 1850 habuisse
275 1829 370 1859 quam
378 1817 527 1859 equidem
537 1824 690 1858 exputare

118 1876 258 1906 possum.
292 1867 373 1897 Nam
390 1888 398 1902 ,
434 1864 512 1905 quid
538 1863 691 1906 firmitus

118 1923 268 1952 equorum
297 1910 435 1941 ardescit
461 1912 519 1948 sit,
556 1910 690 1941 obvium

119 1957 247 1998 quidem
274 1965 338 1995 est;
362 1957 416 1987 sed
440 1957 535 1988 velim
565 1957 691 1994 doceri,

120 2004 198 2044 quid
222 2007 261 2035 sit
288 2005 478 2035 :Adventus
504 2003 611 2033 virum
639 2015 691 2033 ar-

119 2050 227 2081 descit.
264 2054 369 2082 Potest
418 2051 613 2081 abstractum
647 2051 693 2080 vi-

117 2095 185 2126 deri
210 2099 348 2136 positum
382 2108 441 2137 pro
475 2104 642 2133 concreto,
658 2102 694 2127 ut

118 2144 158 2172 sit
171 2164 179 2175 ,
194 2153 252 2182 pro
271 2153 277 2172 :
300 2143 363 2172 viri
383 2143 590 2173 advenientes
603 2165 611 2179 ,
622 2153 693 2183 pro-

111 2188 187 2229 pius
200 2189 399 2226 accedentes,
414 2189 633 2220 exardescunt.
647 2190 691 2220 At

728 479 791 509 hoc
814 479 961 517 jejunum
983 486 1045 517 est,
1063 487 1094 510 et
1113 481 1179 511 loci
1199 481 1303 521 splen-

729 525 860 562 dorem,
881 527 937 565 qui
955 536 1098 555 summus
1122 534 1188 563 est,
1205 528 1305 557 offus-

731 577 790 600 cat.
805 573 918 600 Dicam
932 573 1030 611 igitur
1046 582 1053 602 :
1074 571 1240 612 utriusque
1254 584 1304 614 agn

730 617 825 647 minis
835 639 844 654 ,
855 627 920 656 quo
935 619 1068 658 propius
1085 618 1149 655 jam
1167 619 1306 648 invicem

732 670 845 693 turmae
861 663 1035 700 accedunt,
1052 666 1211 694 incessum
1232 675 1308 695 con-

733 711 910 739 citatiorem
926 721 990 740 esse
1006 711 1124 748 solere,
1140 710 1238 751 idque
1253 711 1307 741 de-

734 757 851 796 signari
882 767 939 796 per
966 756 1139 786 adventum
1166 757 1309 787 virorum

735 801 1182 833 ardescente-m.—Adve11tus
1200 803 1308 832 ‘vinem

735 847 886 883 ardescit,
903 847 936 878 h.
959 850 1110 888 strepitus
1135 860 1175 878 ex
1192 849 1310 879 adven-

737 901 771 924 tu
783 917 790 931 ,
809 905 864 923 seu
878 895 1027 935 strepitus
1049 894 1287 925 advenientium
1302 919 1308 928 ,

736 941 837 978 major
853 942 1015 981 majorque
1035 941 1073 971 ad
1090 952 1180 971 aures
1196 941 1311 971 accidit

737 993 768 1016 et
781 986 999 1024 increbrescit,
1014 998 1080 1027 quo
1090 988 1256 1028 propiores
1266 989 1313 1018 iu-

737 1033 839 1062 vicem
854 1033 916 1062 sibi
932 1039 1045 1062 turmae
1060 1032 1155 1062 fiunt.
1167 1035 1292 1063 Etenim
1304 1056 1312 1069 ,

739 1089 811 1119 quae
839 1086 1014 1119 augentur,
1038 1080 1184 1119 inprimis
1202 1087 1291 1110 motu
1305 1103 1313 1115 ‚

739 1125 946 1161 incalescere,
966 1124 1109 1165 adeoque
1125 1132 1155 1155 et
1169 1126 1314 1156 exardes-

740 1181 810 1201 cere
827 1170 923 1212 (alibi
942 1171 1093 1215 incendi,
1108 1182 1140 1201 v,
1157 1182 1185 1202 c.
1206 1172 1245 1202 ad
1262 1175 1288 1202 X
1303 1196 1311 1205 ,

742 1217 851 1258 895),
879 1217 1041 1248 dicuntur.
1062 1236 1108 1241 -
1127 1218 1206 1250 608.
1237 1221 1313 1250 Pro-

740 1274 864 1305 gressus
894 1264 1062 1304 utriusque
1091 1266 1252 1295 exercitus
1275 1276 1315 1294 co

739 1311 803 1348 jam
821 1309 920 1339 factus
938 1317 1020 1348 erat,
1034 1318 1071 1341 ut
1086 1312 1170 1341 intra
1184 1311 1238 1341 teli
1251 1312 1315 1349 jac-

744 1362 810 1385 tum
827 1363 959 1386 ventum
971 1364 1051 1387 esset
1064 1367 1072 1388 :
1090 1357 1221 1398 quaudo
1235 1365 1317 1388 utra-

741 1413 804 1442 que
817 1403 898 1432 acies
911 1402 1064 1434 substitit.
1075 1406 1113 1433 In
1126 1414 1213 1445 seqq.
1230 1414 1316 1434 com-

742 1449 866 1489 paratio
892 1450 1016 1479 institui
1033 1457 1139 1490 potest
1158 1461 1226 1480 nou
1246 1451 1316 1479 sine

743 1495 849 1524 fructu
861 1505 934 1524 cum
951 1495 1041 1525 Iliad.
1057 1493 1094 1531 ὃ,
1115 1496 1180 1531 446
1198 1506 1267 1536 sqq.
1286 1503 1316 1525 et

742 1551 773 1570 v.
789 1541 856 1570 610
870 1563 878 1576 ,
895 1540 958 1570 611
987 1541 1142 1571 videndus
1170 1541 1257 1572 Iliad.
1275 1554 1314 1584 μ,

746 1587 809 1616 156
824 1597 892 1626 sqq.
911 1588 974 1625 9:58
1003 1599 1071 1628 sqq.
1086 1606 1131 1611 —
1143 1588 1222 1628 609.
1238 1589 1315 1618 Sub-

741 1632 888 1662 sticeram
901 1633 967 1663 duo
984 1634 1098 1664 llamb.
1115 1641 1145 1664 et
1161 1634 1314 1665 Schesfer.

743 1679 864 1709 Zulich.
874 1679 958 1710 Leid.
969 1687 999 1709 et
1008 1682 1085 1710 Exc.
1096 1682 1218 1717 Burm.‚
1228 1681 1316 1722 qnod

743 1726 840 1766 magis
850 1727 944 1756 etiam
958 1726 1108 1757 obscurat
1121 1729 1315 1762 orationem:

743 1782 816 1801 nam
841 1783 907 1802 nou
929 1774 1052 1815 agmina
1065 1797 1072 1810 ,
1086 1773 1141 1803 sed
1156 1770 1316 1815 agminum

743 1829 927 1860 progressus
967 1820 1143 1850 substitisse
1187 1819 1316 1850 dicitur.

744 1867 908 1905 Rumpunt
941 1866 1038 1896 Goth.
1069 1872 1139 1896 tert.
1173 1867 1317 1896 Fure-mis

744 1911 866 1942 Zulich.
888 1912 1029 1944 Parrhas.
1047 1914 1115 1943 Par.
1141 1919 1172 1942 et
1193 1912 1252 1943 Ed.
1267 1924 1314 1954 pr.

744 1959 852 1988 Burin.
877 1958 1082 1999 furentisque
1110 1961 1202 1989 Rom.
1215 1982 1223 1994 ,
1247 1966 1315 1989 tum

744 2004 863 2035 Medic.
884 2015 932 2046 pr.
945 2027 953 2041 ,
968 2005 1078 2045 sicque
1094 2005 1191 2035 Goth.
1207 2013 1237 2035 et
1253 2017 1314 2036 sec.

747 2051 960 2091 Fun-ntesque
990 2057 1067 2081 vett.
1096 2051 1169 2082 edd.
1183 2075 1191 2089 ,
1217 2063 1317 2093 usque

747 2095 787 2126 ad
803 2096 953 2127 Aldiuam
972 2098 1094 2127 tertiam
1118 2108 1134 2127 a
1157 2100 1316 2141 Naugerio

745 2144 943 2183 castigatam:
962 2144 1036 2174 inde
1043 2144 1218 2185 frementes
1233 2152 1318 2175 recto

744 2188 884 2230 praeferri
913 2192 1020 2231 ccrpit.
1033 2208 1078 2215 —
1092 2191 1130 2221 61
1145 2202 1170 2222 t.
1197 2191 1317 2223 Coelmn
