1414 2435
140 91 202 143 P.
247 86 640 144 VIRGILII
688 81 1095 141 MARONIS

396 237 458 321 C
487 237 680 320 IRI
709 236 766 320 S
793 242 842 285 0>

249 424 375 490 AD
423 419 986 490 MESSALAM.

394 693 847 731 ARGUMENTUM.

74 811 119 840 M.
136 811 286 839 vimmo
308 810 466 839 BRSSALAE
488 809 677 849 inscriptum
699 814 745 837 est
768 808 1020 847 carmemeique
1036 807 1068 836 iu
1087 805 1219 836 exordio

27 864 99 893 satis
119 863 235 893 diserto
253 862 292 892 ad
306 873 337 893 v,
359 872 421 892 100
435 860 517 891 illud
531 860 626 891 offert
640 868 741 903 poeta.
757 861 892 892 Narrare
910 859 984 890 inde
1002 860 1115 901 incipit
1131 860 1221 890 fabu-

26 917 88 946 lam
114 916 152 946 de
175 917 297 958 ScyHa,
316 917 404 954 Nisi,
424 917 656 956 Megarensium
681 916 779 957 regis,
800 914 876 945 filia.
903 914 1047 945 Habebat
1070 915 1165 945 Nisus
1185 915 1221 944 in

27 971 144 999 vertice
160 971 278 1000 crinem
296 979 494 1010 purpureum
505 992 513 1007 ,
532 969 606 999 urbi
625 979 660 998 ac
678 980 777 1009 regno
795 968 918 998 fatalem
929 991 937 1005 ,
952 975 987 998 ut
1003 969 1072 1008 capi
1089 969 1220 1007 .Megara

28 1033 95 1053 non
116 1031 254 1064 possent,
271 1022 422 1063 quamdiu
438 1022 490 1051 ille
509 1021 678 1051 incolumis
697 1029 785 1052 esset.
801 1023 925 1058 Minos,
943 1023 1044 1052 Cretae
1060 1031 1135 1057 rex,
1153 1022 1221 1050 Me-

28 1086 100 1116 gara
116 1077 228 1105 urbem
241 1087 341 1116 quum
355 1074 530 1113 obsideret,
546 1075 650 1115 Scylla
661 1097 670 1112 ,
687 1085 785 1115 quum
799 1085 839 1104 ex
854 1085 947 1104 muro
961 1074 1042 1104 forte
1058 1085 1130 1104 eum
1146 1084 1220 1114 pro-

27 1130 177 1169 spexisset
188 1152 196 1166 ‚
212 1130 324 1159 insano
344 1129 410 1167 ejus
425 1138 530 1158 amore
543 1134 688 1168 correpta
704 1134 749 1157 est
763 1137 771 1159 ε
788 1137 852 1167 quo
868 1128 920 1157 illa
942 1128 1025 1157 victa
1038 1133 1138 1157 noctu
1153 1137 1221 1156 sur-

27 1183 127 1219 rexit,
151 1188 187 1211 ut
205 1183 324 1211 crinem
343 1181 433 1211 illum
451 1181 574 1211 fatalem
596 1181 676 1210 clam
695 1180 901 1218 rescinderet,
929 1192 994 1221 quo
1015 1180 1077 1210 sibi
1101 1180 1221 1210 Minois

28 1245 166 1265 amorem
189 1235 377 1265 conciliaret.
397 1236 574 1265 Exeuntem
590 1235 741 1265 cubiculo
756 1235 976 1264 animadvertit
993 1235 1123 1271 nutrix,
1145 1234 1219 1263 Car—

28 1299 78 1318 me
89 1311 98 1326 ‚
117 1290 193 1319 Jovi
205 1289 281 1318 olim
295 1295 393 1318 amata
403 1310 412 1325 ‚
428 1299 467 1318 ex
480 1299 545 1328 quo
558 1288 609 1319 illa
624 1289 828 1318 Britomartin
841 1294 1014 1328 pepererat.
1029 1289 1071 1317 Ea
1085 1287 1220 1315 alumnae

30 1343 160 1374 meliora
187 1343 325 1383 primum
349 1343 522 1383 persuasit,
547 1353 623 1372 mox
646 1349 751 1372 autem
775 1342 882 1372 multis
902 1343 1018 1372 frustra
1040 1341 1166 1371 tentatis
1186 1346 1222 1368 ut

31 1398 125 1427 Nisus
141 1398 287 1436 pactione
303 1396 423 1426 bellum
442 1403 646 1437 componeret
656 1419 665 1433 ,
684 1397 719 1425 in
731 1397 876 1426 nutriciae
889 1395 1074 1425 sententiam
1094 1403 1222 1424 conces-

31 1451 80 1480 sit.
104 1452 233 1480 Resecta
254 1451 350 1491 igitur
366 1451 443 1481 Niso
461 1460 549 1480 coma
570 1460 662 1479 aurea
683 1456 714 1479 et
733 1460 806 1479 cum
828 1449 907 1479 urbe
929 1449 1033 1479 Minoi
1050 1446 1173 1477 tradita.
1192 1447 1221 1474 Is

31 1514 106 1534 vero
121 1504 242 1534 facinus
258 1511 320 1534 tam
334 1511 425 1534 atrox
441 1511 471 1534 et
486 1505 619 1544 impium
634 1510 791 1533 aversatus
801 1526 809 1542 ,
826 1514 926 1544 quum
944 1505 979 1532 in
999 1503 1122 1533 Cretam
1141 1499 1222 1530 redi-

29 1566 78 1589 ret
89 1581 97 1597 ,
113 1559 250 1600 puellam
262 1582 270 1597 ,
289 1570 329 1589 ne
344 1559 471 1600 piaculo
488 1546 574 1589 tanlo
592 1558 719 1588 classem
736 1559 983 1595 contaminaret,
1000 1568 1041 1588 ne
1058 1557 1132 1587 navi
1150 1558 1221 1596 qui-

31 1611 103 1641 dem
118 1613 256 1652 recipere
276 1613 397 1650 voluit,
414 1612 467 1642 sed
486 1623 527 1642 ex
546 1613 634 1642 navis
655 1613 810 1642 exteriore
826 1611 922 1642 latere
943 1611 1099 1652 alligatam
1113 1619 1220 1640 secum

31 1663 134 1694 duxit.
148 1667 230 1694 Tum
244 1665 296 1694 illa
314 1666 412 1695 multa
425 1666 481 1695 diu
500 1672 669 1706 conquesta
682 1666 715 1695 in
732 1676 821 1695 avem
835 1666 933 1696 Cirim
944 1671 1063 1694 mutata
1078 1670 1124 1693 est
1139 1673 1145 1693 :
1162 1662 1218 1692 ad-

30 1717 115 1748 ditus
133 1725 237 1748 tamen
259 1729 335 1749 mox
351 1721 380 1748 ei
395 1726 482 1760 pater
499 1721 595 1750 Nisus
615 1721 649 1750 in
671 1720 848 1750 haliaeetum
870 1727 1026 1755 mutatus,
1044 1719 1100 1758 qui
1123 1717 1219 1746 Cirim

31 1780 118 1801 avem
132 1772 328 1802 interneciuo
341 1771 415 1802 odio
430 1772 638 1812 persequitur.

82 1955 172 1991 E’rs1
192 1968 270 2001 me,
291 1955 397 1991 vario
412 1956 594 2006 jactatum
613 1956 732 1993 laudis
751 1967 895 2001 amore,

78 2074 127 2117 (1)
154 2078 234 2108 Ciris
260 2089 404 2118 quaenam
434 2079 593 2109 veteribus
698 2090 767 2108 1—-
783 2090 813 2118 9.
838 2076 1007 2117 Jungenda
1028 2082 1102 2106 sunt
1124 2086 1132 2106 .·
1156 2077 1212 2106 Et-

31 2122 94 2150 avis
114 2121 196 2151 dicta
219 2123 334 2161 fuerit,
353 2124 496 2155 nondum
521 2127 593 2155 satis
647 2125 721 2155 512...
750 2135 812 2153 non
843 2131 950 2153 tamen
981 2122 1141 2152 absistam.
1173 2124 1212 2153 In

30 2167 177 2208 expedita
195 2178 242 2198 res
261 2175 315 2200 est.
647 2171 756 2212 primis
779 2169 920 2199 versibus
944 2179 993 2206 se,
1019 2168 1145 2208 abjectis
1169 2169 1206 2198 iis
