1414 2435
150 78 210 107 166

643 76 838 106 AENEIDOS

145 139 365 171 Innumeras
382 141 555 170 struxere
573 145 705 182 pyras,
723 141 761 169 et
776 144 940 182 corpora
959 134 1098 182 partim

144 196 265 231 Multa
283 193 408 229 virum
429 200 538 230 terrae
556 192 764 240 infodiunt,
784 200 990 243 avectaque
1007 194 1146 242 partim
1292 206 1341 228 ,οῦ

145 254 339 292 Finitimos
358 252 494 290 tollunt
513 252 553 288 in
571 265 699 302 agros,
719 251 884 302 urbique
903 253 1110 290 remittunt.

145 316 294 357 Cetera,
314 312 555 362 confusaeque
572 312 762 361 ingentem
781 311 893 349 caedis
913 325 1090 349 acervum

144 374 222 408 Nec
240 384 418 417 numero,
434 385 504 408 nec
523 371 688 417 honore,
709 381 876 408 cremant
883 387 893 418 ;
914 381 1004 408 tunc
1023 372 1192 423 undique
1210 374 1307 410 vasti

144 432 324 469 Certatim
343 432 488 469 crebris
507 431 707 468 conlucent
725 431 876 481 ignibus
895 433 987 482 agri.

143 492 269 528 Tertia
288 492 354 528 lux
374 492 535 541 gelidam
554 491 648 528 coelo
667 490 878 528 dimoverat
897 490 1070 528 umbram
1088 507 1096 528 :
1291 510 1338 525 ,ια

143 553 345 588 Moerentes
367 552 483 588 altum
503 551 684 598 cinerem,
705 559 742 587 et
761 551 918 588 confusa
935 551 1098 589 ruebant

144 612 239 647 Ossa
256 611 366 657 focis,
385 610 820 661 tepidoque-onerabant
839 623 975 660 aggere
994 620 1115 648 terrae.

195 673 278 707 Jam
298 684 390 707 vero
410 671 449 707 in
469 672 594 717 tectis,
613 671 822 721 praedivitis
840 671 936 708 urbe
956 672 1098 716 Latini,

143 730 359 778 Praecipuus
379 731 525 779 fragor,
547 740 584 767 et
603 731 706 781 longi
726 745 812 780 pars
831 732 996 768 maxima
1010 733 1145 769 luctus.

143 789 214 826 Hic
233 798 389 835 matres,
408 790 630 839 miseraeque
649 804 786 836 nurus,
808 791 870 827 hic
893 804 981 828 cara
1002 804 1176 828 sororum
1291 802 1337 825 2¹5

143 852 300 886 Pectora
317 859 559 895 moerentum,
579 851 767 900 puerique
787 851 1008 900 parentibus
1026 851 1129 896 orbi,

143 909 279 944 Dirum
298 917 542 945 exsecrantur
559 908 718 954 bellum,
738 910 932 960 Turnique
951 911 1186 960 hymenaeos;

142 971 271 1017 Ipsum
291 969 422 1014 armis,
438 969 638 1018 ipsumque
653 969 789 1019 jubent
805 969 1009 1008 decernere
1028 971 1150 1018 serro·,

143 1122 179 1144 ut
194 1114 226 1144 h.
243 1115 265 1144 l.
283 1124 313 1143 v,
331 1124 396 1143 210
408 1135 416 1150 ‚
430 1114 488 1143 ubi
503 1114 573 1153 rogi
585 1114 713 1143 restixe-

142 1166 212 1190 rant
224 1182 232 1196 ‚
246 1159 431 1200 legebantur
449 1160 580 1188 cineres.

190 1212 275 1241 204,
305 1206 381 1235 205.
406 1206 454 1234 De
475 1204 631 1234 industria
650 1204 712 1234 hoc

142 1261 330 1280 memorasse
350 1250 495 1286 videtur,
514 1251 665 1289 quoniam
678 1251 712 1279 in

143 1296 230 1325 Italia
245 1306 369 1336 semper
385 1296 517 1324 variavit
530 1295 710 1335 sepultura,

140 1341 236 1372 modo
258 1342 468 1378 crematione,
483 1341 579 1371 modo
602 1341 711 1370 huma-

140 1388 226 1417 tione
256 1389 291 1416 in
318 1397 412 1417 usum
440 1394 592 1427 recepta:
617 1397 711 1426 quam

140 1435 205 1473 ipsa
221 1433 375 1462 silvarum
399 1434 508 1472 copia,
533 1433 583 1462 vel
604 1433 712 1471 inopia

138 1479 270 1508 suadere
286 1478 407 1507 debuit.
426 1479 476 1507 Sic
496 1478 581 1518 apud
596 1480 711 1508 Roma-

139 1534 199 1553 nos
216 1533 224 1553 :
246 1525 290 1553 sic
307 1523 391 1563 apud
407 1525 567 1553 Etruscos.
587 1526 708 1552 Ave-cea

137 1569 270 1604 tollunt,
301 1576 431 1606 ornate,
456 1568 595 1599 avellunt
612 1578 619 1598 :
639 1569 706 1598 scil.

137 1615 279 1644 sublatos
301 1616 335 1644 in
359 1625 499 1645 cni-mm.
520 1614 610 1649 Urbi,
631 1616 708 1643 Lau-

137 1668 239 1691 rento.
250 1678 292 1684 --
309 1671 385 1698 207.
404 1660 529 1695 Ca’dis;
544 1670 707 1689 caesorum.

137 1724 184 1729 —
199 1707 274 1737 208.
296 1708 363 1737 lvec
383 1717 455 1736 cnm
476 1717 625 1741 'mmet-o,
642 1717 708 1736 non

137 1763 270 1783 numero
289 1754 388 1790 inito,
406 1763 464 1782 nec
479 1763 553 1782 cnm
572 1751 706 1787 honore,

137 1800 211 1838 quia
226 1798 395 1829 indiscrete
407 1821 414 1834 ‚
428 1809 487 1828 nec
500 1799 633 1840 singulis
648 1801 711 1829 sin-

136 1844 200 1885 guli
220 1846 303 1886 rogis
325 1852 508 1875 cremantur
523 1854 530 1875 ε
545 1845 632 1885 quod
651 1845 708 1875 lio-

136 1890 306 1921 non-ilicum
326 1891 445 1921 fuisset.
465 1909 510 1914 —--
529 1902 594 1921 210
611 1903 657 1931 sq.
676 1903 706 1922 v.

136 1937 232 1967 modo
258 1937 295 1967 ad
321 1948 350 1967 v.
380 1948 455 1968 aot.
484 1938 647 1974 Ruebant,
670 1937 708 1968 de

136 1983 297 2013 cineribus
327 1984 481 2013 eruebant
497 2006 505 2019 ,
535 1995 593 2024 pro
626 1984 707 2023 lege-

136 2027 221 2058 ltant.
244 2031 341 2059 Focus
356 2029 504 2059 audacter
517 2029 556 2059 de
570 2040 708 2071 pyra.—

138 2083 213 2103 212.
237 2075 355 2114 Tepido
375 2086 384 2104 :
405 2076 570 2112 translate,
595 2078 647 2106 cni
663 2083 707 2106 te-

137 2119 210 2160 pida
230 2131 297 2149 ossa
316 2121 542 2151 inscrebantur.

184 2167 259 2195 213.
291 2166 463 2206 Impeditus
486 2168 596 2198 locus:
622 2167 706 2198 unde

765 1113 881 1143 mendo
899 1113 1043 1143 laborare
1065 1123 1191 1143 versum
1212 1116 1335 1144 monuit

765 1158 946 1188 Markland.
965 1158 1003 1187 ad
1018 1161 1095 1189 Stat.
1111 1159 1186 1189 silv,
1202 1161 1231 1189 V
1246 1162 1334 1200 praef.

766 1205 805 1233 Et
826 1214 900 1233 sane
925 1203 959 1232 in
988 1203 1197 1234 tectis-urbe
1225 1205 1337 1235 Latini

765 1249 876 1278 scabra
900 1248 1028 1279 videtur
1049 1260 1114 1278 esse
1135 1251 1236 1279 oratio
1257 1260 1264 1281 ε
1283 1253 1335 1280 cui

766 1296 860 1324 variis
876 1295 977 1325 modis
990 1301 1113 1335 poterat
1131 1297 1267 1325 occurri.
1282 1297 1334 1336 Ip-

764 1351 796 1371 se
815 1342 988 1371 Burmann.
1008 1341 1124 1378 conjic.
1142 1340 1176 1370 in
1198 1341 1282 1370 tristi
1299 1352 1332 1381 p.

764 1386 815 1416 vel
832 1386 866 1415 in
885 1387 973 1416 tectis
993 1393 1026 1416 et
1048 1385 1161 1417 divitis.
1181 1388 1277 1417 Deest
1299 1388 1333 1417 in

764 1432 829 1462 Erf.
857 1439 890 1461 et
913 1432 1001 1462 tectis
1025 1433 1138 1462 Franc.
1164 1434 1269 1463 Potest
1293 1439 1334 1462 ta-

765 1488 839 1507 men
862 1477 952 1507 locus
974 1478 1135 1516 aliquanto
1151 1478 1257 1515 juvari
1271 1477 1332 1507 ‹lis-

762 1523 915 1552 tinctione
926 1545 934 1559 ‚
951 1530 981 1552 et
998 1523 1259 1562 interpretatione
1275 1534 1331 1563 op-

762 1569 960 1607 portuniore.
980 1569 1107 1599 Transit
1132 1568 1172 1598 ab
1190 1570 1271 1609 agris
1292 1569 1331 1598 ad

762 1614 884 1643 luctum
901 1615 935 1644 in
955 1614 1034 1644 urbe
1054 1623 1061 1644 :
1082 1613 1251 1644 dicendum
1266 1622 1332 1644 erat

761 1661 795 1689 in
814 1662 904 1690 tectis
919 1660 951 1690 h.
976 1659 1126 1690 domibus
1144 1660 1252 1698 urbis;
1270 1660 1332 1691 hoc

762 1707 807 1735 sic
821 1707 935 1736 extulit
953 1716 960 1736 :
979 1706 1010 1735 in
1029 1705 1136 1742 tectis,
1158 1717 1238 1746 prae.
1258 1707 1332 1736 urbe

765 1752 882 1783 Latini.
901 1770 947 1775 —-
963 1754 1001 1782 In
1025 1751 1132 1787 tectis,
1149 1763 1216 1793 per
1235 1763 1333 1794 appo·

762 1799 878 1834 situm,
895 1799 970 1828 urbe
991 1798 1122 1834 Latini,·
1140 1808 1200 1838 pro
1222 1799 1258 1828 in
1275 1805 1334 1828 tec-

764 1846 820 1880 tis,
851 1845 1001 1875 domibus
1026 1844 1116 1874 urbis
1140 1844 1253 1874 Latini.
1287 1861 1332 1867 —-

765 1892 829 1921 215
852 1902 920 1932 sqq.
936 1891 1141 1922 Enumeratio
1165 1891 1333 1920 miseratio-

764 1938 796 1967 ni
811 1944 903 1978 apta,
923 1944 953 1967 et
975 1935 1125 1967 omnibus
1147 1937 1248 1976 poetis
1271 1935 1331 1966 fre-

762 1989 921 2023 quentata.
937 1981 1089 2021 Exempla
1104 1981 1152 2011 vel
1166 1981 1266 2013 cerda
1280 1981 1331 2012 da-

762 2028 889 2058 bin—2
899 2039 909 2057 t
919 2029 948 2058 8.
958 2026 1196 2069 Armis—firm
1206 2027 1244 2058 ad
1253 2029 1331 2058 otio-

759 2084 824 2103 sam
854 2075 1030 2105 orationem
1059 2074 1154 2103 refert
1182 2081 1213 2104 et
1238 2082 1328 2105 acuto

759 2120 888 2158 conjicit
910 2120 1030 2150 animis
1051 2121 1119 2150 Jac.
1137 2121 1278 2161 Bryauu
1293 2128 1329 2151 ut

759 2176 840 2207 soepe
868 2166 986 2197 animis
1004 2165 1087 2207 apud
1107 2174 1271 2205 nostrum,
1294 2174 1330 2197 nt
