1414 2435
286 80 504 112 EXCL'RSUS
529 82 544 110 Ι
569 81 629 111 AD
654 82 818 113 LIBRUM
841 86 915 115 XII.
1129 88 1191 126 325

12 138 93 169 victi
112 149 191 180 agro
210 140 400 169 Laurentum
422 138 601 169 excedunto
610 151 624 176 ;
646 139 784 171 victores
802 153 893 182 oequo
900 141 974 183 jure
988 151 1059 173 cum
1075 144 1197 176 Latinis

11 202 155 231 ammom
179 193 308 224 Latinus
324 193 490 234 imperium
507 202 538 224 et
558 205 712 225 summum
726 195 778 236 jus
795 195 908 226 habeto
915 209 927 233 ;
942 197 1112 239 religiones
1125 210 1198 230 suas

14 249 42 278 T
41 248 146 288 rojani
155 247 278 278 Latinis
291 247 489 288 impertiunto
503 258 513 277 :
526 249 703 280 condendae
716 249 784 279 urbi
795 250 880 280 Iocus
896 251 1044 292 Trojanis
1057 253 1201 296 assigna·

13 310 70 334 tor.
87 304 157 334 Jam
171 302 237 332 haec
254 313 321 332 non
337 304 404 333 sine
423 304 511 333 omni
526 303 665 334 historiae
681 306 866 336 auctoritate
882 317 898 337 a
919 314 1012 347 poeta
1032 318 1096 338 esse
1108 307 1198 347 ficta,

14 366 52 386 ex
69 355 107 384 iis
124 354 329 396 intelligitur,
345 366 432 396 quae,
449 357 506 386 etsi
526 357 609 386 inter
628 357 765 388 diversas
782 365 955 389 ceterarum
973 370 1080 390 rerum
1094 372 1200 391 narra-

12 410 129 447 tiones,
148 408 186 439 de
199 420 275 450 pace
291 417 322 440 et
335 410 451 441 foedere
464 411 547 441 iuter
561 413 692 441 AEneam
708 418 738 441 et
751 413 897 443 Latinum
912 414 992 444 inito
1005 414 1116 444 tradita
1128 415 1203 456 leg-i-

13 472 95 495 mus.
112 464 205 505 Apud
218 465 409 506 Dionysium
428 467 458 504 Ι,
478 466 519 506 59
539 477 579 495 ex
595 467 757 496 communi
777 470 1093 507 commemoratione,
1109 480 1203 510 quam

13 517 60 547 ibi
76 519 224 558 exponit,
247 526 317 549 ante
332 530 536 561 congressum
550 521 715 560 utriusque
731 522 888 551 exercitus
903 522 1003 552 foedus
1024 523 1142 553 factum
1155 525 1204 554 in-

15 579 63 602 ter
78 574 206 603 AEneam
220 580 252 603 et
266 575 412 604 Latinum
429 576 464 604 in
481 574 536 604 has
558 575 641 616 leges
657 584 664 605 :
682 581 718 604 ut
732 576 862 614 Trojani
883 577 1062 617 acciperent
1082 583 1204 607 tantum

14 626 96 667 agri,
114 633 267 666 quantum
284 638 301 657 a
323 627 403 657 colle
422 627 495 669 (cui
517 629 684 658 Lavinium
700 628 905 670 impositum)
927 641 1057 671 quoquo
1079 640 1204 660 versum

15 679 163 710 euntibus
179 680 277 711 stadia
291 682 416 711 circiter
431 683 487 712 XL
502 687 640 722 pateret3
657 687 695 711 ut
711 692 811 722 porro
829 689 939 712 mutua
952 684 1036 713 inter
1050 684 1205 722 Trojanos

15 739 45 763 et
68 735 194 764 Latinos
209 741 241 764 et
262 736 423 776 praesentis
439 735 515 765 belli
538 735 686 765 adversus
708 735 846 766 Rutulos
869 743 900 766 et
913 743 1089 766 ceterorum
1103 737 1203 767 bello-

15 797 85 816 rum
112 795 191 817 esset
213 790 358 826 societas,
375 795 474 829 utque
489 798 673 818 communes
694 788 846 818 utilitates
867 790 994 829 utrique
1015 796 1046 820 et
1061 800 1157 820 11131111
1173 795 1206 819 et

16 842 148 872 consilio
164 843 375 873 communiter
390 849 663 884 persequerentur.
678 844 781 874 Prima
796 843 938 874 conditio
951 844 1013 874 hoc
1029 844 1101 874 loco
1114 846 1205 874 omis-

16 907 65 933 sa,
83 907 183 937 quum
203 897 267 936 jam
287 897 328 928 ad
346 897 473 928 alterius
494 897 681 927 narrationis
695 908 816 928 morem
830 898 952 928 deflexa
973 908 1044 939 sup.
1065 898 1122 929 lib.
1138 899 1203 935 XI,

18 950 80 988 317
103 961 170 991 sqq.
187 961 222 980 ea
235 958 314 981 esset
332 952 491 992 exposita3
503 951 558 981 sed
581 952 747 981 amicitiam
763 958 906 981 mutuam
921 951 1060 991 bellique
1076 952 1204 982 societa-

16 1008 80 1031 tem
96 1002 152 1044 (uc
167 1014 346 1034 communes
362 1004 465 1034 hostes
480 1005 662 1045 amicosque
682 1003 849 1041 haberent,
867 1005 989 1035 Auctor
1003 1004 1041 1033 de
1055 1007 1094 1035 O.
1111 1005 1150 1035 G.
1164 1007 1204 1035 R.

22 1056 84 1097 13)
110 1058 286 1087 accuratius
310 1066 402 1096 poeta
421 1066 614 1095 exsequutus
639 1065 685 1088 est
709 1058 884 1088 secundum
909 1069 960 1094 ea,
977 1068 1064 1097 qnae,
1090 1057 1205 1088 foedere

16 1109 116 1146 sacto,
133 1110 272 1139 evenisse
293 1115 418 1138 narrata
431 1114 517 1138 sunt.
533 1109 595 1137 Dat
609 1110 714 1138 AEueae
728 1109 857 1138 Latinus
871 1107 970 1138 filiam
987 1110 1148 1140 Laviniam
1172 1111 1206 1140 in

18 1163 255 1192 matrimonium
272 1171 279 1192 ε
299 1161 387 1202 quod
402 1161 582 1202 exemplum
597 1162 725 1202 sequuti
738 1162 806 1200 alii,
828 1161 918 1192 brevi
932 1163 967 1192 in
982 1173 1084 1192 unum
1101 1174 1204 1204 popu-

17 1215 84 1245 lum
99 1215 294 1252 coalescunt,
318 1215 448 1253 Trojani
471 1222 502 1245 et
522 1215 728 1257 Aborigines,
747 1215 929 1256 abeuntque
943 1217 979 1245 in
993 1226 1110 1246 nomen
1124 1218 1206 1246 Lati-

18 1279 146 1300 norum.
165 1270 249 1300 conf.
271 1270 406 1310 Dionys.
423 1271 456 1307 1,
476 1269 531 1299 60.
556 1272 678 1300 Partem
700 1269 811 1299 harum
836 1280 940 1299 rerum
964 1271 1047 1299 inter
1069 1271 1208 1300 sunonis

21 1334 130 1364 preces
143 1324 233 1355 Jovis
248 1330 331 1353 nutu
347 1330 427 1353 ratas
443 1322 537 1353 factas
552 1323 662 1353 retulit
682 1323 737 1354 lib.
754 1325 834 1361 XII,
851 1323 913 1353 821
935 1334 1002 1364 sqq.
1023 1325 1125 1364 Quum
1134 1324 1208 1365 jam

22 1377 185 1408 connubiis
194 1376 487 1418 pacemfilicibus,
507 1384 587 1413 esto,
610 1377 856 1417 Component....
872 1378 944 1407 Νειι
963 1377 1148 1420 Troasfieri
1156 1377 1208 1418 ju-

21 1433 112 1468 beas,
132 1439 190 1462 etc.
206 1432 354 1462 Ceterum
368 1432 420 1461 illa
430 1454 437 1468 ,
452 1441 524 1471 quae
537 1442 632 1471 supra
644 1431 679 1461 in
695 1431 779 1472 pacis
798 1431 1037 1462 conditionibus
1053 1431 1190 1462 vidimus
1201 1455 1209 1469 ,

22 1494 58 1517 ut
73 1487 201 1517 Latinus
217 1487 342 1527 imperii
359 1495 512 1516 summam
527 1486 693 1523 retineret,
710 1493 778 1516 tum
795 1486 858 1517 hoc
874 1496 882 1517 :
898 1493 934 1517 nt
948 1497 1140 1523 sermonem,
1156 1486 1210 1516 113-

20 1539 141 1577 bitum,
156 1550 273 1570 nomen
288 1539 328 1569 ab
345 1539 574 1580 Aboriginibus
589 1540 718 1578 Trojani
731 1539 938 1570 adsciscerent
948 1563 957 1578 ‚
971 1541 1109 1581 respexit
1120 1547 1212 1581 poeta

22 1594 57 1623 iu
81 1593 215 1624 Didonis
234 1593 310 1623 diris
332 1593 390 1623 lib.
414 1594 470 1631 IV,
491 1593 573 1631 618,
597 1604 695 1634 quum
715 1604 834 1634 pacem
861 1594 1005 1635 iniquam
1028 1601 1136 1631 vocat,
1161 1595 1213 1623 cui

25 1648 136 1677 AEneas
152 1658 183 1676 se
207 1647 420 1677 submissurus
445 1648 494 1678 sit.
512 1649 626 1678 Parum
648 1647 817 1678 verisimile
839 1655 902 1687 est,
918 1648 1007 1689 quod
1021 1649 1129 1678 Livius
1143 1648 1174 1684 1,
1193 1657 1210 1676 2

24 1699 118 1729 tradit
145 1701 292 1730 :Nomen
316 1702 500 1731 Latinorum
525 1703 652 1742 utrique
677 1703 763 1744 genti
786 1703 986 1743 impositum,
1011 1710 1046 1732 ut
1067 1701 1213 1731 adversus

26 1761 174 1784 terrorem
205 1753 282 1783 belli
308 1763 377 1783 cum
400 1754 521 1784 Rutulis
543 1756 668 1785 animos
692 1755 900 1798 Aboriginum
922 1755 983 1785 sibi
1005 1754 1212 1785 conciliaret:

29 1821 69 1839 ne
83 1809 136 1840 sub
151 1808 259 1838 eodem
274 1808 343 1848 jure
361 1808 461 1837 solum
469 1831 479 1845 ,
501 1809 558 1838 sed
571 1809 666 1839 etiam
680 1811 811 1839 nomine
826 1821 935 1840 omnes
948 1817 1062 1839 essene-

73 1863 181 1894 Altera
196 1868 242 1892 est
255 1862 432 1892 observatio
446 1861 584 1899 artificii,
600 1873 664 1903 quo
681 1870 773 1903 poeta
789 1873 805 1892 e
815 1863 910 1892 rebus
925 1870 956 1892 et
968 1862 1056 1891 factis
1074 1861 1215 1902 plurium

28 1929 183 1949 annorum
199 1924 270 1959 post
286 1919 391 1947 AEneae
407 1916 444 1946 ad
460 1917 580 1946 Italiam
602 1917 718 1947 aditum
737 1917 832 1956 elegit
849 1917 987 1957 potiora,
1004 1915 1166 1946 distribuit
1180 1926 1215 1946 ac

28 1973 184 2013 disposuit
204 1973 265 2009 sic,
287 1978 323 2001 ut
346 1973 380 2001 in
403 1981 523 2001 summa
547 1971 693 2001 carminis
715 1969 941 2011 comprehendi
961 1981 996 2000 ea
1016 1976 1153 2010 possent.
1169 1971 1217 2000 De

28 2026 144 2067 quibus
161 2033 197 2056 ut
212 2026 324 2056 melius
342 2033 479 2064 constet,
494 2026 695 2064 subjiciemus
712 2032 861 2065 tanquam
877 2024 935 2054 sub
953 2034 1054 2054 unum
1068 2024 1217 2054 obtutum

29 2080 130 2109 varias
145 2081 333 2121 scriptorum
350 2087 493 2110 veterum
511 2080 559 2110 his
573 2079 611 2110 de
627 2080 721 2109 rebus
734 2079 940 2108 narrationes.

75 2134 181 2168 Fuisse
193 2134 329 2173 primurn
339 2157 347 2171 ‚
363 2136 419 2174 qui
432 2135 563 2164 omnino
578 2134 737 2176 negarint,
751 2132 801 2162 vel
816 2132 1009 2170 dubitarint,
1025 2142 1065 2162 au
1077 2141 1217 2172 unquam

30 2191 140 2219 AEneas
156 2186 276 2216 Italiam
294 2187 421 2225 adierit;
440 2187 534 2226 alios,
553 2189 608 2228 qui
630 2187 741 2218 adiisse
764 2186 891 2228 quidem
902 2209 911 2224 ‚
928 2185 997 2224 sed,
1015 2186 1152 2217 Ascanio
1168 2196 1215 2215 re-
