1414 2435
585 123 707 154 LIBER
730 125 773 154 X.

84 183 160 219 Dat
175 181 255 219 sine
274 189 398 218 mente
416 192 569 227 sonum,
587 194 811 230 gressusque
830 181 971 231 effingit
988 180 1128 228 euntis;

1210 133 1269 160 127

1223 189 1273 218 640

84 247 210 282 Morte
229 243 334 282 obita
353 243 482 293 quales
498 245 597 283 fama
614 251 669 281 est
686 244 846 281 volitare
866 245 1021 294 figuras,

86 308 162 343 Aut
180 304 423 354 quae'sopitos
444 304 628 340 deludunt
647 305 792 340 somnia
807 317 948 342 sensus.

82 367 134 401 At
151 363 293 413 primas
309 362 394 399 laeta
413 372 498 399 ante
518 363 616 399 acies
636 363 797 399 exsultat
815 363 958 413 imago,

83 422 295 472 Inritatque
314 422 440 459 virum
456 422 556 468 telis,
579 429 616 458 et
634 434 728 458 voce
747 422 905 459 lacessit.

83 484 202 519 Instat
219 482 281 518 cui
297 484 446 519 Turnus
458 510 468 528 ,
485 481 780 530 stridentemque
799 481 944 518 eminus
961 481 1107 519 hastam

1226 491 1276 519 64⁵

84 541 263 591 Conjieit;
283 541 346 577 illa
364 541 453 577 dato
473 541 587 577 vertit
601 540 760 589 vestigia
782 550 902 591 tergo,

85 604 183 638 Tum
201 613 294 637 vero
315 603 459 638 AEnean
479 614 653 638 aversum
671 610 714 638 ut
731 601 865 638 cedere
884 604 1035 639 Turnus

86 659 272 705 Credidit,
289 668 402 709 atque
419 660 544 697 animo
564 673 669 709 spem
690 660 865 696 turbidus
884 659 1010 696 hausit
1027 660 1176 696 inanem
1192 673 1200 694 :

87 736 103 752 «
121 723 208 765 Quo
228 720 343 769 fugis,
361 721 501 757 AEnea?
521 720 704 757 thalamos
723 733 770 756 ne
790 719 921 756 desere
941 728 1071 768 pactos
1090 735 1098 755 :

88 783 169 817 Hac
186 779 340 816 dabitur
360 779 494 816 dextra
510 779 618 816 tellus
634 779 791 828 quaesita
808 791 878 828 per
893 778 1024 816 undas.
1046 794 1062 811 »

1230 787 1279 811 650

86 839 192 875 Talia
208 837 420 874 vociferans
439 838 628 887 sequitur,
649 838 896 886 strictumque
915 845 1088 874 coruscat

87 900 330 943 Macronem,
349 910 419 934 nec
438 897 537 934 ferre
556 897 660 934 videt
676 910 744 934 sua
762 897 900 947 gaudia
918 906 1062 934 ventos.

139 960 253 994 Forte
269 958 360 994 ratis
379 957 468 993 celsi
484 957 685 1007 conjuncta
702 956 894 1007 crepidine
915 957 996 994 saxi

88 1016 278 1067 Expositis
294 1016 418 1054 stabat
436 1016 564 1063 scalis,
581 1024 618 1053 et
637 1025 752 1066 ponte
771 1024 925 1065 parato,

90 1078 178 1122 Qua
196 1089 263 1113 rex
281 1076 441 1114 Clusinis
461 1076 640 1113 advectus
660 1075 813 1113 Osinius
828 1075 917 1112 oris.

1232 1082 1282 1106 655

90 1139 177 1174 Huc
195 1149 275 1174 sese
293 1136 443 1186 trepida
460 1138 588 1172 AEneae
607 1135 783 1184 fugientis
801 1135 925 1184 imago

92 1195 253 1246 Conjicit
268 1195 307 1231 in
324 1194 487 1232 latebras
508 1209 516 1230 :
533 1207 603 1231 nec
619 1196 770 1231 Turnus
789 1195 940 1243 segnior
957 1193 1088 1240 instat,

91 1258 379 1305 Exsuperatque
398 1267 540 1299 moras,
560 1261 598 1290 et
616 1254 741 1303 pontis
759 1253 919 1290 transilit
937 1254 1042 1291 altos.

91 1314 167 1352 Vix
183 1326 337 1365 proram
354 1312 557 1363 adtigerat3
576 1313 719 1362 rumpit
737 1312 912 1350 Saturnia
929 1313 1075 1359 funem,

93 1374 346 1423 Avolsamque
363 1373 463 1423 rapit
480 1373 652 1410 revoluta
670 1385 739 1422 per
755 1384 908 1421 aequora
924 1384 1070 1408 navem.

94 1524 136 1554 ba
147 1524 214 1566 ipse
227 1534 304 1555 mox
315 1523 560 1564 interpretatur:
575 1537 591 1550 κ
606 1523 666 1553 dac

95 1571 163 1600 sine
179 1569 284 1600 niente
298 1580 421 1601 sonum.
437 1584 452 1597 n
462 1587 507 1592 —
517 1569 595 1605 641.
617 1570 665 1599 Fi-

94 1626 193 1656 guras
201 1639 211 1652 ,
231 1612 359 1646 εἴδωλα.
370 1615 456 1646 Ante
471 1616 582 1646 oculos
592 1615 666 1645 fuis-

97 1671 130 1690 se
148 1663 274 1692 Lucret.
294 1662 328 1698 1,
356 1662 535 1691 133—136
559 1661 666 1691 obser-

99 1712 207 1736 vatum
220 1707 388 1747 Macrobio
405 1709 452 1736 VI
463 1729 472 1744 ,
494 1717 506 1736 1
519 1729 528 1744 ,
544 1718 576 1747 p.
599 1707 661 1745 577

99 1751 184 1792 Lips.
198 1769 245 1775 ·—·
258 1753 336 1788 642.
354 1751 482 1782 Ludunt
505 1752 666 1782 insomnia

100 1807 171 1837 pars
188 1797 282 1829 codd.
300 1798 412 1828 Heius.
430 1804 461 1827 et
475 1799 646 1827 Burmann.
657 1819 666 1835 ,

99 1844 209 1884 sicque
223 1843 321 1874 Goth.
335 1850 407 1873 tert.
421 1843 577 1873 Omiserat
586 1865 595 1879 ,
611 1853 667 1882 pu-

100 1895 135 1919 to
146 1911 155 1926 ‚
183 1890 297 1930 aliquis
320 1890 527 1930 praepositum
552 1888 643 1918 verbi
657 1897 664 1918 ε

101 1934 408 1971 deludium—648.
429 1933 598 1970 Turbidus,
621 1941 667 1963 tu-

101 1990 190 2010 mens
201 2003 210 2019 ‚
230 1982 328 2012 elatus
347 1981 525 2020 arrogantia
537 2002 545 2017 ‚
563 1980 669 2020 inquit

103 2027 192 2057 Serv.
211 2028 419 2058 Perturbatur
442 2027 563 2056 scilicet
580 2035 668 2055 mens

104 2072 315 2112 superbientis
339 2079 464 2103 tumore
475 2094 484 2111 ,
508 2073 553 2101 ira
564 2094 572 2109 ,
595 2082 650 2112 spe
660 2092 669 2107 ,

106 2123 204 2148 metu.
221 2136 269 2142 --
283 2119 362 2150 652.
378 2120 446 2150 Nec
468 2119 563 2148 sentit
581 2124 612 2147 et
626 2119 671 2147 in-

107 2161 235 2203 telligit,
246 2175 336 2194 suam
349 2165 590 2195 exsultationem
605 2174 671 2193 esse

100 2207 244 2241 inanem.
271 2210 436 2252 Loquendi
461 2212 541 2241 ratio
571 2211 672 2251 poetis

1236 1379 1286 1404 660

715 1533 783 1554 non
799 1523 991 1563 infrequens.
1010 1523 1078 1554 Nisi
1093 1523 1190 1553 mavis
1202 1533 1285 1563 gau-

717 1569 772 1599 dia
793 1579 858 1599 esse
880 1569 964 1598 dicta
987 1579 1047 1609 pro
1065 1569 1136 1609 ipso
1157 1569 1286 1598 simula-

719 1625 774 1645 cro
784 1637 792 1652 ‚
808 1615 896 1655 quod
909 1625 996 1644 nunc
1012 1624 1029 1643 a
1043 1625 1075 1644 se
1099 1613 1182 1645 ferro
1198 1615 1288 1644 attin-

718 1662 750 1702 gi
765 1671 856 1701 posse
875 1660 1042 1701 gaudebat.
1069 1700 1072 1703 Δ

765 1707 807 1736 65
813 1707 843 1737 3.
858 1707 966 1737 Stabat
978 1706 1058 1736 forte
1071 1706 1159 1735 navis
1173 1705 1216 1734 ita
1235 1705 1288 1734 ad-

719 1759 803 1781 mota
821 1752 909 1781 litori
929 1761 1061 1788 saxoso,
1085 1757 1122 1780 ut
1139 1760 1221 1790 pons
1235 1760 1289 1790 ap·

718 1797 847 1837 plicitus
863 1803 952 1826 esset.
975 1796 1108 1835 crepido
1129 1794 1221 1831 saxi,
1239 1805 1289 1824 or-

719 1849 791 1871 nate
804 1841 842 1870 de
860 1842 969 1878 litore,
986 1848 1143 1881 quatenus
1157 1841 1286 1870 eminet.

719 1889 810 1922 Rex,
837 1897 878 1916 ex
901 1897 989 1916 more
1014 1887 1128 1916 veteris
1149 1887 1209 1916 aevi
1227 1896 1288 1925 pro

719 1933 789 1962 viro
805 1943 846 1962 ex
859 1931 1059 1972 principibus
1071 1941 1079 1962 :
1089 1938 1143 1961 aut
1154 1931 1202 1961 fac
1215 1931 1291 1961 fuis-

720 1988 752 2007 se
768 1980 890 2008 Lartem
905 1978 1119 2014 Clusinorum,
1134 1977 1195 2007 sub
1207 1978 1290 2007 Mas-

720 2025 803 2055 sico:
823 2023 903 2054 duce
920 2024 1016 2054 totius
1033 2023 1176 2064 agminis.
1198 2022 1238 2053 cf.
1256 2033 1288 2053 v.

728 2070 802 2101 166.

770 2116 848 2146 660.
885 2116 1030 2156 AEquora
1056 2114 1215 2150 revoluta,
1251 2113 1289 2143 de

723 2162 879 2192 fluctuum
899 2171 1042 2201 recessu,
1058 2160 1186 2192 refluxu
1197 2183 1206 2199 ,
1227 2170 1242 2190 a
1257 2160 1293 2189 li-

725 2215 809 2246 tore,
823 2209 955 2249 accipio.
