1414 2435
77 84 89 101 ⁸
571 88 719 118 CULEX.

53 145 189 182 Octavi
207 145 435 190 venerande,
454 145 545 181 meis
566 144 742 181 adlabere
762 145 911 193 coeptis,
1213 156 1242 177 25

53 208 189 242 Sancte
209 217 303 254 puer
322 218 330 239 :
352 203 422 240 tibi
441 217 604 253 namque
624 203 724 240 canit
742 215 819 239 non
838 204 973 252 pagina
990 203 1150 250 bellum,

53 264 212 312 Phlegra
228 263 412 312 Giganteo
434 276 563 313 sparsa
580 272 635 300 est
652 275 728 312 quo
749 263 929 312 sanguine
950 263 1076 308 tellus;

53 327 132 361 Nec
151 325 380 361 Centaureos
400 323 580 373 Lapithas
598 324 776 372 conpellit
794 324 833 360 in
852 324 968 371 ensis;

53 382 140 419 Urit
158 382 423 420 Erichthonias
443 383 579 420 Oriens
597 396 674 420 non
690 383 839 433 ignibus
861 396 983 430 arces;

50 443 137 477 Non
156 441 346 490 perfossus
362 442 502 487 Athos,
523 455 594 479 nec
612 455 749 492 magno
767 443 918 479 vincula
935 445 1054 480 Ponto

51 502 72 536 J
75 507 173 545 acta,
191 512 276 536 meo
293 511 463 550 quaerent
478 502 557 551 jam
576 515 660 539 sera
678 502 870 538 volumine
891 502 1048 548 famam,

52 561 138 595 Non
156 558 421 610 Hellespontus
442 561 602 610 pedibus
622 562 791 611 pulsatus
811 574 1018 611 equorum,

53 619 199 655 Graecia
218 632 336 668 quum
357 621 482 657 timuit
501 621 686 659 venientis
704 621 872 670 undique
892 624 1022 658 Persas
1040 636 1047 657 ε

51 678 183 714 Mollia
202 678 267 716 sed
287 680 391 716 tenui
410 693 636 729 percurrere
655 681 822 718 carmina
840 694 974 726 versu,

52 737 206 775 Viribus
227 746 315 788 apta
331 740 427 785 suis,
448 740 591 778 Phoebo
611 741 726 787 duce,
746 741 877 777 ludere
897 740 1045 789 gaudet.

54 799 100 833 Et
120 806 177 843 tu,
198 806 324 834 sancte
344 810 457 846 puer,
478 799 724 844 venerabilis,
745 808 782 835 ct
801 798 872 835 tibi
890 807 1008 836 certet

53 855 185 893 Gloria
200 866 428 906 perpetuum
448 857 541 895 lucis
562 870 739 895 mansura
758 871 828 907 per
848 871 987 904 aevum3

53 918 99 952 Et
118 916 188 952 tibi
206 916 294 954 sede
312 916 375 966 pia
393 926 544 954 maneat
562 919 686 963 l'ocus,
704 925 742 953 et
760 916 830 953 tibi
850 929 978 966 sospes

52 975 191 1013 Debita
210 976 328 1012 felicis
347 985 581 1013 memoretur
600 978 679 1013 vita
699 990 768 1025 per
785 989 920 1022 annos,

53 1039 188 1080 Grata,
207 1035 318 1071 bonis
338 1035 466 1073 lucens
485 1050 492 1071 :
514 1034 579 1072 sed
596 1048 664 1072 nos
685 1036 733 1072 ad
749 1045 868 1084 coepta
890 1036 1066 1072 feramur.

105 1096 242 1142 Igneus
260 1093 440 1132 aethereas
455 1095 534 1143 jam
553 1095 616 1132 Sol
635 1104 852 1145 penetrarat
870 1095 909 1131 in
928 1096 1040 1142 arcis,

53 1151 297 1200 Candidaque
316 1161 450 1188 aurato
470 1150 666 1201 quatiebat
682 1152 824 1189 lumina
843 1166 975 1201 curru3

53 1209 232 1248 Crinibus
252 1219 290 1247 et
307 1211 425 1247 roseis
445 1210 620 1248 tenebras
638 1213 791 1247 Aurora
809 1212 973 1261 sugarat3

53 1270 225 1320 Propulit
242 1278 281 1306 ut
298 1270 454 1308 stabulis
474 1270 522 1307 ad
539 1270 680 1321 pabula
696 1271 781 1307 laeta
800 1272 959 1320 capellas

53 1334 203 1376 Pastor,
223 1339 260 1367 et
280 1330 418 1367 excelsi
436 1331 573 1368 montis
588 1331 681 1381 juga
699 1343 845 1367 summa
863 1331 1016 1380 petivit,

54 1391 199 1428 Lucida
217 1403 292 1439 qua
311 1390 459 1440 patulos
476 1391 654 1428 velabant
672 1391 841 1440 gramina
858 1391 980 1437 collis3

53 1454 137 1488 Jam
156 1450 259 1487 silvis
277 1449 495 1500 dumisque,
514 1463 619 1499 vagae
631 1452 709 1501 jam
726 1451 886 1488 vallibus
906 1451 1050 1488 abdunt

54 1511 241 1558 Corpora3
255 1509 410 1558 jamque
427 1509 688 1561 omnipelei‘es
709 1522 728 1546 e
748 1518 855 1559 parte
873 1518 1050 1560 vagantes

102 1643 155 1670 27.
182 1631 338 1673 Phlegra,
361 1633 469 1669 tellus,
497 1634 622 1674 apposi-

54 1685 100 1714 ta;
113 1688 172 1718 pro
186 1677 309 1717 vulgari
323 1688 331 1708 ε
346 1679 503 1719 Phlegraea
518 1680 622 1716 tellus,

54 1733 126 1763 quae
150 1724 243 1752 etiam
268 1723 403 1754 Pallene.
430 1726 480 1754 Sic
502 1724 622 1755 flumen

54 1770 253 1803 Metaurum,
267 1775 349 1798 terra
366 1769 477 1800 Gallia.
494 1770 534 1799 cf.
551 1772 622 1800 Sca-

53 1815 107 1856 lig.
122 1821 154 1843 et
165 1813 312 1851 Taubm.;
325 1815 360 1844 it.
374 1815 480 1845 Barth.
491 1814 622 1846 Advers.

54 1862 151 1896 XIX,
171 1861 222 1890 13.
239 1877 286 1882 —-
303 1860 356 1890 28.
375 1862 474 1890 Enses
492 1862 625 1891 Centau-

55 1916 123 1936 reos
138 1905 221 1935 dixit
237 1906 426 1947 improprie,
452 1917 551 1944 arma3
572 1906 624 1937 de-

55 1951 150 1982 bebat
163 1962 237 1982 saxa
257 1959 288 1982 et
302 1953 423 1993 stipites
439 1963 622 1983 memorare.

103 2008 146 2037 29
159 2008 206 2038 sq.
220 1999 348 2028 Novum
361 1998 437 2036 hoc,
451 1998 540 2039 quod
553 2010 625 2039 poe-

58 2048 88 2071 ta
116 2050 205 2073 extra
232 2043 353 2074 fabulas
381 2052 500 2075 veteres
531 2055 622 2085 argu-

56 2094 199 2118 mentum
213 2091 361 2120 carminis
376 2093 505 2131 quaerst,
530 2098 561 2121 et
584 2102 624 2120 ex

56 2132 194 2164 historiis
207 2136 303 2175 petit,
319 2136 352 2166 h.
366 2136 387 2166 l.
406 2137 479 2167 belli
496 2136 622 2167 Medici.

57 2179 198 2209 Primum
223 2181 259 2210 in
287 2184 453 2223 Propertio
484 2183 555 2213 talia
583 2194 622 2213 ex

674 1634 814 1664 historiis
823 1658 832 1672 ‚
841 1634 976 1665 heroum
986 1636 1050 1665 vita
1063 1635 1247 1674 serioribus,

676 1691 844 1711 occurrere
861 1682 1000 1711 memini.

687 1740 690 1742 ·
725 1727 870 1762 36-40,
889 1728 990 1756 Etiam
1006 1727 1175 1757 Octavium
1193 1728 1246 1757 ali-

676 1772 803 1811 quando
830 1772 1023 1801 celebratum
1040 1773 1081 1801 iri
1103 1775 1146 1802 ait
1164 1782 1171 1801 :
1193 1773 1247 1803 sed

676 1817 819 1846 versibus
850 1818 1009 1857 corruptis
1043 1824 1074 1847 et
1104 1819 1246 1860 interpo-

676 1862 757 1892 latis.

726 1916 764 1946 47
784 1918 851 1948 sqq.
870 1909 1025 1938 Luxuries
1044 1916 1247 1940 ornamento-

678 1964 751 1983 rum
774 1955 806 1983 in
827 1954 954 1994 capellis
974 1954 1139 1994 pascendis
1156 1955 1246 1985 facile

678 1999 817 2029 offendat
838 2001 930 2029 etiam
950 2001 1055 2030 minus
1074 2012 1245 2032 morosum.

677 2045 797 2075 Laudat
809 2045 1009 2076 Taubmann.
1028 2047 1137 2077 locum
1151 2058 1168 2078 e
1185 2047 1246 2078 Co-

677 2090 754 2121 lum.
774 2094 856 2129 VII,
880 2092 917 2128 6,
940 2092 1026 2122 unde
1048 2093 1114 2123 haec
1139 2095 1245 2124 omnia

677 2148 822 2177 expressa
851 2137 950 2167 videri
974 2139 1104 2179 possint.
1128 2139 1189 2170 Sed
1211 2141 1245 2168 in

675 2183 787 2213 similia
798 2194 901 2214 rerum
916 2184 1131 2225 phantasmata
1141 2186 1245 2224 quivis
