1414 2435
129 53 189 91 178

620 51 815 81 AENEIDOS

123 113 198 147 Det
216 109 427 146 libertatem
446 106 570 154 fandi,
589 107 776 158 flatusque
793 108 979 154 remittat,

119 170 237 219 Cujus
256 168 306 205 ob
327 167 536 218 auspicium
554 168 779 215 infaustum,
799 181 998 219 moresque
1019 169 1208 216 sinistros,

122 229 254 265 Dicam
275 227 470 277 equidem,
493 228 581 265 licet
601 241 705 265 arma
724 229 818 265 mihi
835 238 1072 278 mortemque
1091 229 1278 276 minctur3

123 289 281 325 Lumina
301 297 356 324 tot
373 289 550 327 cecidisse
571 289 728 335 ducum,
745 297 938 338 totamque
955 290 1127 327 videmus

122 349 340 386 Conse-disse
361 348 497 386 urbem
514 350 638 396 luctu3
657 349 746 386 dum
763 351 878 386 Troia
898 358 1017 387 tentat
1272 358 1320 382 35Π

121 412 268 454 Castra,
288 410 386 459 fugae
404 410 538 456 fidens,
561 419 597 446 et
617 410 752 446 coelum
770 410 918 446 territat
937 411 1061 447 armis.

121 472 248 506 Unum
268 470 381 507 etiam
401 470 510 507 donis
528 470 627 515 istis,
646 483 730 519 quae
748 470 911 519 plurima
929 470 1028 506 mitti

120 530 348 567 Dardanidis
369 531 519 580 dicique
533 530 663 581 jubes,
684 543 819 576 unum,
841 539 996 579 optume
1014 541 1163 579 regum,

121 591 302 641 Adjicia53
323 604 392 627 nec
413 599 450 627 te
469 591 581 628 ullius
600 591 780 627 violentia
799 590 942 636 vincat,
1094 585 1097 587 ⁵

121 651 224 697 Quin
241 659 366 686 natam
386 651 538 700 egregio
558 663 716 700 genero,
736 649 934 699 dignisque
954 648 1157 698 hymenaeis

1271 657 1321 681 355

120 713 195 747 Des
203 738 213 755 ‚
235 719 358 759 pater,
380 720 417 746 et
436 723 566 759 pacem
586 712 682 747 hanc
701 719 842 747 aeterno
862 711 1004 747 foedere
1016 710 1162 759 jungas.

122 769 236 814 Quod
256 769 287 805 si
306 778 430 805 tantus
450 769 565 806 habet
585 770 720 806 mentis
740 779 776 805 ct
795 777 949 818 pectora
969 778 1109 815 terror;

120 830 250 877 Ipsum
269 827 521 873 obtestemur,
539 828 764 877 veniamque
782 840 931 864 oremus
951 828 998 864 ab
1019 828 1112 877 ipso.

121 887 256 933 Cedat;
272 888 334 938 jus
354 888 552 937 proprium
571 888 652 937 regi
673 888 883 937 patriaeque
903 888 1079 924 remittat.

122 948 225 994 Quid
244 947 401 984 miseros
420 948 528 984 toties
548 947 585 983 in
604 956 734 997 aperta
754 948 922 998 pericula
941 948 1033 984 civis
1272 956 1320 979 350

122 1007 294 1057 Projicis,
311 1019 334 1043 o
354 1007 463 1044 Latio
483 1016 596 1057 caput
616 1008 752 1044 horum
772 1017 809 1044 ct
829 1020 959 1044 caussa
976 1007 1188 1044 malorum?

122 1147 230 1176 Heius.
245 1153 276 1176 et
291 1148 398 1177 Burm.
416 1157 489 1176 cum
505 1147 603 1177 Goth.
618 1153 689 1176 tert.

122 1193 229 1222 Altera
245 1192 341 1222 lectio
361 1199 436 1222 vett.
454 1192 525 1223 edd.
547 1192 690 1229 obsidet,

121 1245 153 1268 et
173 1239 287 1268 merito
312 1238 479 1278 praefertur
502 1249 509 1269 :
535 1238 622 1277 serat
646 1245 692 1267 est

120 1284 260 1323 postulet
270 1307 278 1321 ‚
294 1285 424 1324 ejusque
448 1286 669 1325 interpretatio
681 1306 690 1321 ‚

113 1338 227 1369 petat,
247 1337 283 1360 ut
298 1332 405 1360 Burin.
424 1341 553 1371 quoque
571 1337 686 1360 censet.

118 1378 345 1412 —Dlussant,
378 1384 590 1412 cunctantur,
622 1387 691 1406 non

119 1422 237 1453 audent
261 1423 377 1453 dicere.
396 1439 442 1446 ——
462 1424 539 1459 346.
557 1423 685 1458 Flaeus,

119 1467 265 1510 φύσημα,
280 1468 319 1498 de
338 1470 525 1508 arrogantia.
544 1468 595 1498 Ad
615 1479 688 1498 ean-

118 1514 206 1551 dem,
229 1522 260 1544 et
282 1515 478 1544 obstinatum
495 1515 597 1544 Turni
620 1515 687 1543 ani-

117 1570 204 1589 mum
220 1560 322 1590 refero
345 1570 447 1589 mores
465 1559 619 1589 sinistros.
640 1560 687 1588 Ob

117 1605 291 1645 auspicium
305 1618 316 1641 ,·
348 1606 484 1646 auspicia
513 1612 543 1635 et
573 1605 687 1634 ductus

117 1651 204 1682 belli.
215 1670 261 1675 -
273 1653 348 1682 350.
375 1651 400 1681 C
402 1651 562 1681 onsedisse
576 1652 661 1680 luctu
674 1674 682 1686 ‚

116 1699 150 1727 iu
162 1698 288 1728 luctum
298 1708 363 1727 esse
373 1697 545 1727 demersam
556 1721 564 1734 ‚
581 1705 616 1727 ut
632 1697 686 1727 be-

117 1754 157 1773 ne
175 1745 303 1774 Servius
315 1767 323 1780 ‚
349 1744 415 1773 scil.
445 1750 481 1773 ut
508 1741 684 1778 συνιζάνειν.

116 1793 192 1830 Sup.
211 1792 282 1821 AEn.
302 1792 354 1827 11,
373 1791 440 1825 (524
466 1790 628 1819 considere
653 1790 686 1819 in

117 1835 207 1875 ignes
224 1836 316 1866 Ilium
329 1849 341 1872 ,·
357 1838 432 1866 item
448 1839 518 1867 AEu.
537 1839 582 1866 lx
593 1859 601 1872 ‚
625 1837 685 1872 145

118 1882 237 1912 moenia
250 1883 354 1923 Troja·
363 1882 526 1912 considere
537 1882 568 1911 in
584 1883 685 1923 ignes.

116 1928 231 1958 Saltem
258 1929 421 1960 considere
449 1930 533 1958 luctu
564 1929 685 1959 dictum

117 1975 175 2004 vrit
192 1982 226 2004 ut
249 1976 384 2014 collabi,
400 1975 569 2005 concidere
580 1999 588 2013 ,
603 1977 686 2013 jace-

118 2030 149 2047 1'0
161 2043 169 2055 ‚
202 2022 374 2052 calamitate
385 2045 393 2057 ‚
430 2021 551 2052 doloro.
585 2023 685 2052 Nimis

119 2071 211 2094 tenu(-
228 2075 290 2098 cst.
306 2069 392 2107 quod
412 2068 463 2098 aiii
484 2068 596 2098 volunt
612 2077 619 2098 :
637 2075 683 2097 to-

117 2118 178 2140 tam
201 2113 313 2142 urbem
328 2115 436 2143 srderc
451 2115 623 2155 lugentem.
638 2130 684 2137 ——

118 2158 193 2188 351.
212 2159 427 2201 Fuga·fi‹lt·ns
439 2172 451 2196 ;
467 2161 595 2201 respicit
610 2171 682 2202 sup.

743 1147 800 1177 iib.
814 1148 845 1176 X
855 1169 863 1182 ‚
882 1146 947 1175 665
961 1156 1026 1185 seq.
1043 1146 1087 1174 Ec
1102 1145 1214 1174 coelum
1229 1145 1316 1174 terri-

745 1200 794 1222 tat
811 1192 908 1221 armis
920 1203 930 1225 ,·
951 1199 1100 1231 tanquam
1119 1191 1176 1230 qni
1198 1201 1316 1231 proro-

745 1245 805 1268 cat.
829 1240 956 1267 Servius
978 1237 1127 1267 observat
1144 1236 1206 1266 hoc
1224 1237 1318 1266 nimis

746 1283 906 1314 tumidum
920 1294 984 1313 esse
994 1305 1002 1320 ‚
1017 1293 1076 1313 nec
1088 1305 1096 1320 ‚
1112 1283 1174 1312 nisi
1188 1293 1204 1312 e
1217 1284 1321 1312 Dran-

745 1332 789 1360 cis
797 1340 930 1371 persona
945 1329 1077 1366 dictum,
1088 1329 1232 1370 gravitati
1243 1329 1316 1358 Vir-

744 1377 812 1417 gilii
827 1378 1009 1407 conveuirc.
1028 1375 1113 1406 conf.
1131 1374 1169 1404 ad
1182 1377 1225 1412 X,
1239 1374 1316 1410 548.

792 1423 869 1453 352.
891 1424 995 1452 Unum
1007 1421 1116 1451 etiam.
1127 1420 1239 1451 Etiam
1252 1420 1285 1451 h.
1294 1421 1315 1450 l.

742 1479 802 1509 pro
815 1467 920 1497 adhuc
937 1478 1002 1497 esse
1013 1490 1022 1503 ‚
1037 1468 1165 1497 Servius
1179 1466 1247 1496 vult
1261 1475 1269 1495 z
1283 1473 1317 1495 nt

742 1514 909 1544 Terentius
919 1514 1045 1553 passim.
1058 1511 1142 1548 Dici,
1154 1512 1315 1547 destinari,

741 1558 1025 1600 promitti.—-35s›.
1046 1559 1116 1587 Das
1132 1568 1180 1598 pr.
1197 1558 1314 1587 Moret.

739 1607 836 1635 Hanc
852 1605 938 1634 deest
956 1606 1038 1633 Yen.
1056 1603 1128 1632 huic
1148 1605 1260 1634 franc.
1279 1605 1314 1633 F.

728 1651 806 1693 firm
812 1662 853 1686 es,
865 1650 952 1691 quod
964 1650 1056 1691 longe
1067 1649 1190 1686 melius,
1198 1648 1316 1680 habent

741 1700 833 1728 Rom.
845 1705 874 1727 et
889 1698 939 1726 alii
953 1698 1032 1727 l'ier.
1045 1695 1163 1726 Medic.
1175 1707 1191 1726 a
1201 1706 1243 1726 m.
1252 1706 1314 1726 sec.

741 1754 813 1773 cuin
827 1744 896 1773 aliis
910 1743 1018 1772 multis
1030 1743 1137 1774 Heins.
1150 1749 1181 1773 et
1191 1742 1313 1777 Burm„

741 1791 815 1820 item
827 1789 925 1831 Goth.
945 1799 1007 1820 see.
1025 1788 1141 1830 Finges
1163 1783 1223 1818 sec.
1240 1790 1314 1818 Rot-

742 1837 827 1867 teud.
846 1847 862 1866 a
877 1847 920 1866 m.
936 1846 985 1876 pr.
1001 1836 1132 1873 -357.
1147 1833 1245 1874 Quod
1268 1835 1312 1864 si.

739 1884 913 1923 quominus
926 1881 987 1912 hoc
999 1882 1102 1918 facias,
1114 1880 1217 1911 Turni
1226 1886 1311 1909 metu

742 1930 867 1959 teneris.
881 1945 928 1951 —-
945 1929 1022 1968 359.
1042 1925 1201 1957 Invidiose
1216 1935 1223 1956 ε
1245 1926 1314 1967 regi

739 1977 852 2006 Latino
870 1972 1068 2015 patria-que,
1088 1972 1209 2013 populo
1231 1973 1312 2002 Lati-

738 2032 873 2057 nornm,
892 2019 1033 2050 remiuat
1051 2018 1102 2060 jus
1120 2018 1286 2059 proprium
1298 2041 1307 2053 ‚

737 2077 847 2102 suum,
875 2065 962 2106 qnod
991 2066 1119 2095 Latinus
1144 2065 1310 2105 Latinique

738 2114 771 2143 in
801 2113 917 2153 regiam
944 2111 1083 2152 puellam
1111 2111 1230 2141 habent
1241 2133 1249 2148 ‚
1274 2116 1310 2140 ut

738 2160 859 2201 possint
873 2169 941 2189 eam
959 2158 1162 2188 matrimonio
1175 2158 1308 2198 jungere
