1414 2435
129 67 193 98 256

630 71 829 102 AENEIDOS

123 122 277 162 Nudato
296 124 436 174 capite,
457 133 572 175 atque
591 139 679 165 suos
700 127 868 164 clamore
884 127 1049 165 vocabat
1068 143 1076 164 :

126 202 140 217 «
162 186 250 230 Quo
270 184 402 221 ruitis?
420 197 553 234 quaeve
572 187 645 224 ista
663 200 800 238 repens
820 186 1011 226 discordia
1029 189 1173 240 surgit?

127 248 160 283 O
179 244 355 282 cohibete
374 245 467 284 iras!
487 247 607 285 ictum
621 249 700 299 jam
718 248 859 296 foedus,
878 259 916 287 et
935 263 1066 289 omnes

125 307 340 356 Conpositae
357 307 457 357 leges
465 321 476 353 ;
497 308 592 347 mihi
605 309 668 360 jus
688 322 920 348 concurrere
940 312 1010 348 soli
1018 327 1029 359 ;

1285 320 1333 345 315

125 369 190 403 Me
209 366 338 413 sinite,
358 375 471 417 atque
489 370 636 406 auferte
656 378 799 417 metus;
816 383 887 420 ego
906 371 1050 409 foedera
1067 372 1156 410 faxo

126 425 252 463 Firma
268 439 402 475 lnanu5
422 430 595 466 Turnum
611 432 690 480 Jam
710 429 851 468 debent
867 430 949 467 haec
968 431 1063 468 mihi
1082 445 1199 470 sacra.
1221 449 1235 465 »ι

127 489 203 523 Has
223 485 323 523 inter
342 499 474 535 voces,
495 490 621 527 media
637 490 738 528 inter
759 491 848 528 talia
866 490 1006 539 verba,

127 548 243 593 Ecce,
263 547 346 584 viro
366 548 529 587 stridens
549 551 616 587 alis
638 550 793 601 adlapsa
810 551 947 601 sagitta
967 560 1041 598 est,

128 609 339 655 Incertum,
356 622 432 658 qua
448 611 556 659 pulsa
575 624 710 657 manu,
729 625 806 662 quo
826 611 981 649 turbine
999 611 1152 659 adacta;

1290 620 1338 643 320

130 669 224 714 Quis
246 677 389 706 tantam
402 671 553 709 Rutulis
574 672 744 720 laudem,
765 687 942 720 casusne,
967 673 1128 720 deusne,

131 728 323 765 Adtulerit
345 744 352 765 :
370 743 500 779 pressa
518 739 574 768 est
592 733 751 782 insignis
772 733 893 783 gloria
914 733 1023 779 facti3

131 790 210 825 Nec
231 801 311 825 sese
331 790 459 826 AEneae
474 791 632 839 jactavit
652 793 808 828 volnere
828 793 1042 841 quisquam.

183 851 355 893 Turnus,
376 858 419 886 ut
439 852 585 887 AEnean
600 852 797 888 cedentem
817 865 864 888 ex
885 852 1034 901 agmine
1051 852 1165 897 vidit,

134 906 402 959 Turbatosque
424 909 557 958 duces,
579 911 706 949 subita
725 925 792 963 spe
814 911 983 949 fervidus
1005 911 1131 958 ardet;

1295 921 1342 945 325

134 970 259 1006 Poscit
276 983 394 1020 equos
416 981 528 1021 atque
550 985 654 1009 arma
676 974 804 1019 simul,
829 973 1003 1022 saltuque
1020 971 1209 1023 superbus

136 1031 282 1069 Emicat
301 1032 340 1068 in
361 1045 535 1080 currum,
558 1041 595 1071 et
619 1033 790 1071 manibus
813 1034 969 1071 molitur
988 1033 1169 1071 habenas.

185 1183 264 1214 312.
283 1182 416 1213 ,Nudam
430 1183 546 1225 capite.
563 1184 602 1214 In
621 1194 711 1215 caus-

137 1230 178 1260 sis
207 1230 253 1260 rei
281 1236 470 1270 argutantur
493 1232 602 1270 Intpp.
630 1234 713 1262 Prae-

135 1280 196 1304 stat
219 1273 330 1305 saltem
346 1275 448 1305 Servii
474 1277 575 1307 ratio:
595 1276 715 1308 scilicet

136 1320 280 1362 deposita
294 1321 396 1363 galea,
413 1329 450 1352 ut
474 1330 580 1363 posset
601 1334 714 1365 agnos-

138 1369 178 1398 ci.
205 1369 327 1398 Verum
350 1375 397 1399 tot
420 1370 565 1411 exempla
593 1378 624 1400 et
647 1372 715 1412 ipsa

138 1425 186 1444 res
203 1414 339 1452 docent,
359 1416 476 1457 galeam
497 1428 563 1447 non
585 1418 715 1458 imposi-

140 1469 203 1491 tam
219 1462 336 1503 capiti,
354 1464 415 1492 nisi
434 1463 550 1494 ultimo
572 1464 663 1501 loco,
685 1471 716 1494 ct

140 1519 172 1538 re
186 1509 251 1546 jam
265 1508 306 1537 ad
321 1508 493 1539 discrimen
508 1510 663 1548 adducta;
682 1512 717 1540 in

141 1556 276 1596 negotiis
298 1556 371 1584 vitae
395 1557 643 1594 communibus,
667 1557 718 1586 in-

142 1600 253 1631 cedere
264 1611 300 1630 ac
311 1601 488 1631 discurrere
502 1609 638 1632 armatos
653 1602 719 1632 tho-

143 1657 215 1678 race
227 1670 235 1684 ,
251 1647 340 1677 nudo
355 1647 460 1677 adhuc
475 1650 596 1689 capite,
610 1656 641 1678 et
657 1658 720 1678 ma-

144 1705 192 1724 nu
215 1695 282 1724 sine
306 1694 413 1731 hasta,
438 1702 473 1724 ut
492 1695 562 1726 11.l.
588 1706 721 1725 muman

144 1740 309 1771 inermem.
334 1758 381 1764 —-
404 1742 489 1777 316,
518 1744 595 1781 3¹7·
616 1743 722 1774 Nolite

145 1789 255 1818 timere
270 1798 328 1828 pro
344 1799 394 1817 me
409 1797 416 1818 ε
434 1799 492 1829 ego
506 1789 644 1819 firmabo
655 1811 663 1827 ,
678 1800 723 1819 ra-

148 1841 214 1864 tum
239 1834 350 1864 faciam
377 1834 500 1873 foedus,
524 1847 630 1877 pugna
650 1847 724 1866 cum

144 1883 258 1911 Turno
277 1881 416 1911 ineunda
438 1893 478 1912 ex
502 1882 629 1913 foederis
646 1894 723 1913 cou-

146 1927 344 1964 ‹litiouibus‚
375 1939 465 1959 sacro
494 1929 555 1959 hoc
583 1931 723 1961 sancitis.

150 1992 193 1996 —-—
213 1977 288 2012 317.
318 1975 443 2005 Debent
466 1975 534 2006 Ιιαέ
551 1977 625 2018 jam
649 1976 728 2006 milu'

151 2032 241 2049 sacra
286 2021 386 2051 edidit
432 2024 646 2065 Cuuingllam.
692 2031 724 2054 et

151 2067 287 2098 llrunck.
302 2090 310 2103 ‚
326 2069 435 2109 sicque
455 2072 548 2101 Rom.
567 2078 598 2101 et
613 2072 725 2111 scripti

150 2113 259 2144 Heius.
275 2115 416 2146 Parrhas.
434 2123 465 2145 ct
479 2116 580 2147 Goth.
594 2128 656 2148 sec.
667 2140 676 2155 ‚
693 2124 725 2147 et

151 2160 217 2189 siue
239 2158 306 2189 [ια-ο
330 2163 408 2202 neg.
437 2164 639 2204 Turnumque
657 2163 725 2194 haec

153 2205 268 2236 debent
286 2205 360 2249 jam
382 2207 461 2238 mihi
478 2220 570 2240 sacra
596 2212 723 2252 Menng.

766 1196 817 1227 pr.
832 1207 840 1222 ,
855 1191 886 1215 at
900 1185 978 1215 alter
996 1185 1138 1215 Turnum
1152 1181 1267 1214 debent
1279 1182 1349 1214 Izaec

767 1231 883 1262 ultima
898 1242 1003 1261 sacra.

818 1278 882 1308 318
911 1289 980 1319 sqq.
1001 1276 1054 1308 Ad
1076 1278 1233 1318 pactionis
1262 1277 1348 1307 inter

770 1324 913 1356 Achivos
947 1332 979 1354 et
1010 1326 1183 1363 Trojanos¹
1209 1322 1347 1354 turbatae

769 1382 891 1402 morem
907 1371 974 1401 haec
987 1381 1053 1401 esse
1066 1370 1252 1401 adumbrata
1263 1392 1272 1408 ‚
1284 1370 1349 1408 jam

771 1420 931 1449 monitum
949 1425 1015 1456 est;
1032 1417 1086 1448 sed
1102 1418 1254 1459 pleraque
1270 1415 1348 1446 doc-

772 1472 802 1495 te
818 1465 1005 1495 variata.—-
1022 1466 1099 1504 319·
1116 1463 1189 1494 Alis
1207 1463 1348 1503 adlapsa

770 1510 972 1552 jungendum
983 1533 992 1548 ‚
1009 1511 1041 1541 h.
1062 1510 1234 1540 advolavit.
1247 1511 1351 1539 Docet

774 1557 852 1587 alter
878 1556 968 1587 locus
992 1567 1064 1597 sup.
1092 1555 1148 1586 lib.
1177 1556 1246 1591 lx,
1264 1555 1350 1593 578:

774 1603 837 1633 alis
864 1603 995 1643 allapsa
1023 1602 1143 1643 sagitta
1159 1625 1168 1638 ,
1202 1602 1247 1630 Ec
1272 1601 1352 1631 Ioevo

776 1649 879 1688 infixa
895 1658 944 1679 est
957 1649 1055 1679 lateri
1068 1659 1194 1679 manus.
1209 1665 1257 1670 —
1273 1649 1352 1679 320.

777 1687 875 1726 Falsa
887 1707 898 1725 :
916 1696 973 1726 inf.
1000 1696 1066 1725 856
1087 1695 1245 1736 impulsa,
1272 1705 1350 1735 pro,

777 1743 905 1773 emissa:
917 1743 1028 1783 sagitta
1045 1742 1223 1783 impellitur
1235 1751 1336 1772 nervo
1345 1764 1355 1778 ‚

778 1799 898 1825 cornu,
913 1800 1018 1820 manu.
1036 1791 1107 1830 Quo
1121 1788 1262 1824 turbine,
1279 1787 1355 1818 doc-

779 1843 809 1866 te
820 1859 828 1874 ‚
853 1847 913 1877 pro
941 1843 1033 1867 motu
1045 1859 1053 1873 ,
1069 1836 1124 1866 sed
1145 1835 1335 1867 vehemente
1346 1858 1354 1873 ,

779 1894 905 1925 magno.
941 1900 988 1906 —
1021 1884 1098 1914 322.
1124 1884 1257 1918 Pressa,
1281 1892 1355 1923 sup-

779 1941 884 1971 pressa
895 1952 903 1967 ,
924 1936 960 1959 ut
974 1930 1112 1961 Servius.
1129 1945 1176 1951 —
1192 1928 1269 1958 323.
1288 1928 1355 1959 Ob-

779 1977 866 2018 lique
900 1976 960 2006 hoc
990 1977 1061 2017 ipso
1094 1973 1267 2015 amplificat
1302 1977 1356 2005 AE-

779 2033 848 2053 neae
864 2022 990 2053 laudem
1005 2032 1040 2052 ac
1053 2022 1215 2051 virtutem.
1225 2023 1355 2059 —324.

778 2071 874 2102 Nunc
901 2068 1066 2099 recedente
1098 2070 1195 2098 AEnea
1224 2071 1357 2099 Turnus

779 2125 953 2146 conscenso
967 2125 1066 2146 curru
1076 2114 1270 2157 redintegrat
1280 2125 1357 2158 pug-

778 2172 872 2199 nam,
889 2162 997 2193 multis
1019 2163 1146 2192 virtutis
1171 2162 1264 2193 editis
1284 2172 1357 2203 spe-

780 2209 964 2241 ciminibus.
993 2227 1039 2233 —-
1071 2210 1146 2240 326.
1182 2208 1356 2252 Superbus,
