1414 2435
587 76 709 107 LIBER
733 76 774 106 X.

83 127 336 177 Linquentem
356 137 492 173 terras,
513 135 550 164 et
569 128 695 164 sidera
713 140 807 164 voce
827 139 1059 178 sequentem.

84 187 220 233 Filius,
238 187 391 236 aequalis
411 187 612 223 comitatus
631 188 748 224 classe
769 197 939 226 catervas
951 217 960 234 ‚

85 250 281 297 Ingentem
299 248 413 284 remis
433 250 665 285 Centaurum
684 257 885 297 promovet
906 264 913 285 :
934 249 996 286 ille
1243 262 1289 293 13⁷3

84 310 203 344 Instat
223 321 349 357 aquae,
370 321 579 358 saxumque
599 308 710 345 undis
730 309 882 346 inmane
899 311 1065 347 minatur

84 366 259 413 Arduus,
280 377 317 404 et
334 368 445 417 longa
465 368 583 405 sulcat
604 369 723 405 maria
743 369 817 405 alta
837 369 976 406 carina.

137 427 204 463 Ille
225 427 337 464 etiam
358 428 491 477 patriis
512 441 645 477 agmen
665 430 738 466 ciet
758 432 887 467 Ocnus
908 430 955 467 ab
976 430 1074 476 oris,

83 487 262 524 Fatidicae
280 490 434 525 Mantus
451 497 487 524 et
506 489 619 525 Tusci
638 489 736 525 filius
758 490 898 535 amnis,

85 546 159 591 Qui
180 560 328 592 muros,
350 547 556 596 matrisque
577 548 682 584 dedit
700 548 787 594 tibi,
809 551 986 594 Mantua,
1004 561 1162 597 nomen3
1234 569 1282 583 201·

82 609 259 651 Mantua,
280 606 385 643 dives
405 607 502 653 avis;
521 607 587 644 sed
605 621 681 644 non
697 620 814 656 genus
835 607 1011 645 omnihus
1030 622 1158 645 unum.

84 669 185 704 Gens
204 667 258 703 illi
279 667 436 717 triplex,
456 667 590 717 populi
607 667 678 704 sub
698 676 808 717 gente
828 668 1022 717 quaterni3

85 805 170 835 conf.
198 807 322 835 Honor.
346 815 407 842 171
433 806 658 844 ,Mutatumque

82 860 190 880 senem
198 850 321 891 plumis
330 863 343 887 ,·
359 858 391 880 et
402 851 581 881 Nemesian.
597 852 657 891 Cy-

83 907 154 938 neg.
173 899 212 935 37
234 897 373 936 Cycnum
383 897 596 937 plumamque
612 907 657 926 se-

84 943 194 974 nilem.
219 944 292 974 Alia
315 943 422 973 fabula
440 943 526 983 apud
544 945 652 973 Etrus-

83 1000 136 1020 cos
149 990 209 1020 suit
229 990 268 1019 de
285 992 428 1020 Tarcone
439 1013 447 1026 ‚
463 996 499 1019 ut
514 1000 530 1019 e
550 989 651 1020 strab.

82 1037 125 1072 V,
149 1047 220 1077 pag.
243 1036 308 1066 336
334 1037 364 1066 A
387 1036 534 1076 colligas,
559 1046 655 1075 quem

82 1089 214 1122 propter
235 1082 438 1122 prudentiam
455 1092 470 1111 a
487 1083 594 1122 pueris
608 1083 655 1111 in-

83 1128 122 1157 de
140 1138 256 1157 canum
272 1126 423 1169 (πελιὸν)
437 1128 534 1157 fuisse
549 1137 655 1156 narra-

83 1174 161 1204 bant
175 1184 182 1204 :
197 1173 283 1203 addit
301 1173 443 1204 Eustath.
459 1173 495 1202 ad
516 1173 605 1203 Iliad.
623 1184 655 1213 p.

89 1221 149 1258 167
165 1221 309 1261 Cycnum
336 1220 655 1259 Trojnnum.-—-«194.

85 1267 242 1307 AEquales
262 1273 405 1295 catervas
425 1277 436 1295 .·
459 1265 491 1295 h.
520 1272 657 1295 turmam

85 1313 254 1353 aequalium
267 1323 274 1350 ;
285 1313 346 1341 nisi
356 1313 461 1352 potius
475 1319 531 1347 est,
545 1311 657 1350 aequali

85 1369 221 1389 numero
242 1368 249 1389 :
274 1359 350 1388 alios
377 1364 534 1387 trecentos
562 1367 602 1386 ex
625 1367 654 1386 v.

89 1406 221 1435 182.-—-
235 1406 354 1445 195-—
368 1414 442 1443 197.
457 1405 567 1443 Quum
583 1403 657 1432 navi

85 1458 212 1481 vectum
229 1451 334 1480 dicere
355 1450 448 1480 vellet
461 1472 468 1486 ‚
485 1459 555 1489 quae
577 1449 657 1480 Cen-

85 1505 210 1528 taurum
232 1508 292 1538 pro
314 1506 477 1537 parasemo
498 1495 653 1531 habebat,

83 1544 222 1574 suaviter
241 1544 364 1584 insigne
387 1543 477 1572 navis
502 1541 541 1570 ad
563 1552 657 1571 orna-

84 1597 153 1619 tum
167 1591 319 1620 orationis
333 1589 491 1619 convertit
503 1597 509 1617 :
524 1588 657 1618 Centau-

84 1646 138 1665 rus
156 1637 199 1665 ita
222 1642 287 1664 erat
308 1636 453 1675 sculptus
465 1657 473 1671 ,
491 1640 527 1663 ut
545 1643 657 1663 saxum

83 1681 232 1711 evulsum
246 1688 327 1710 terra
342 1680 521 1721 projiceret.

135 1727 197 1767 198
223 1737 290 1766 sqq.
314 1726 456 1756 Tandem
481 1724 659 1754 Mantuani

84 1774 241 1804 accedunt
262 1773 422 1807 Etruscis,
442 1771 560 1811 quippe
583 1781 656 1800 auc-

84 1820 209 1850 toribus
225 1819 389 1848 civitatum
399 1819 464 1847 XII
478 1815 656 1855 transpada-

84 1877 198 1896 narum
209 1889 218 1903 ,
233 1867 331 1905 inque
354 1864 403 1893 his
426 1864 577 1893 Mantuae.
593 1864 654 1891 Oc-

83 1923 145 1942 nus
157 1912 235 1949 dux,
248 1913 379 1941 Mantus
393 1908 551 1950 Nymphae
561 1908 655 1947 (nam

84 1958 124 1988 de
142 1960 254 1989 Manto
275 1957 403 1988 Tiresiae
425 1954 490 1984 filia
506 1955 656 1994 cogitasse

84 2015 151 2035 non
181 2003 331 2044 videtur)
356 2009 387 2032 et
410 2002 534 2032 Tiberis
563 1999 654 2029 fluvii

83 2049 188 2088 filius,
219 2050 363 2080 diversus
398 2048 437 2078 ab
471 2058 509 2078 eo
541 2049 632 2078 Ocno
643 2068 651 2084 ‚

83 2107 178 2137 quem
203 2103 306 2137 poetae
329 2096 364 2125 in
387 2094 496 2124 inferis
521 2093 654 2123 colloca-

83 2149 175 2179 runt,
195 2141 339 2173 condidit
353 2148 384 2171 et
399 2152 414 2170 a
431 2147 528 2170 matre
547 2138 654 2179 appel-

82 2188 159 2218 lavit
167 2190 344 2220 Mantuam.
356 2206 403 2212 —-
414 2197 488 2227 199.
503 2187 654 2230 Manto->js

710 815 759 845 pr.
774 807 902 846 Menag.
920 812 951 835 et
963 807 1045 836 Exc.
1055 807 1205 837 Burman.
1219 830 1226 844 ‚
1245 816 1280 837 ut

711 851 877 890 Panthoys
896 853 930 881 in
955 852 1120 882 nonnullis
1145 852 1202 883 lib.
1230 855 1280 890 11,

712 898 789 938 319.
819 898 885 928 Alii
923 899 1072 934 Mantus,
1110 899 1278 934 Mundzos,

709 943 842 975 Mantis.
857 945 902 974 At
917 951 962 974 est
978 947 1096 975 Μαντὼ
1107 967 1115 981 ,
1128 947 1280 980 Μαντοῦς.

707 1002 842 1022 ·--2OI.
869 990 962 1020 Dives
985 991 1072 1033 agris
1093 1001 1142 1031 pr.
1165 991 1281 1020 Hamb.

709 1043 741 1066 et
756 1037 879 1067 Zulich.
903 1047 962 1077 pro
986 1048 1051 1067 var.
1071 1037 1166 1074 lect.;
1186 1048 1283 1077 expe-

710 1083 806 1113 ditior
820 1084 931 1124 utique
947 1083 1042 1113 lectio
1061 1093 1068 1113 :
1083 1082 1137 1113 sed
1153 1090 1284 1123 propter

709 1128 770 1158 hoc
782 1130 888 1169 ipsum
903 1130 1008 1159 minus
1022 1140 1106 1159 vera.
1123 1128 1284 1158 Videntur

711 1185 840 1214 quoque
862 1176 1025 1214 sequentia
1037 1198 1046 1212 ,
1061 1182 1098 1205 ut
1116 1174 1198 1204 bene
1215 1185 1282 1204 mo·-

710 1227 766 1249 net
798 1221 906 1250 Burm.
920 1242 928 1257 ,
959 1223 1094 1260 priscam
1127 1222 1283 1259 majorum

710 1266 885 1306 potentiam
919 1265 1090 1296 adstruere.
1117 1284 1164 1289 -—
1193 1277 1255 1296 201
1275 1289 1283 1303 ,

713 1322 777 1341 202
791 1334 799 1347 ‚
818 1313 895 1341 203.
916 1313 990 1342 Non
1009 1310 1159 1351 expedire
1174 1311 1282 1341 locum

709 1358 743 1387 in
769 1365 899 1398 promtu
923 1364 970 1387 est
993 1357 1166 1387 secundum
1188 1359 1284 1387 inter-

709 1405 919 1443 pretationem
929 1404 1029 1433 Servii
1043 1410 1074 1432 et
1087 1403 1196 1434 Cerdae
1207 1426 1214 1440 ‚
1230 1410 1283 1432 aut

711 1450 867 1480 Gronovii
879 1472 886 1486 ‚
903 1456 957 1479 aut
976 1450 1103 1480 Catroei,
1126 1449 1283 1489 Equidem

709 1497 754 1525 sic
795 1497 917 1536 accipio
942 1505 949 1526 :
984 1497 1118 1525 Mantua
1129 1517 1138 1532 ,
1167 1502 1281 1535 potens

710 1542 786 1571 olim
819 1543 920 1582 copiis
948 1541 1025 1571 urbs
1037 1564 1045 1578 ‚
1077 1552 1149 1581 quae
1178 1548 1281 1570 tamen

709 1598 776 1618 non
793 1588 933 1626 ejusdem
958 1594 1048 1617 erant
1067 1588 1189 1628 generis
1201 1610 1209 1623 ,
1227 1586 1282 1616 sed

710 1644 750 1663 ex
767 1635 856 1664 trinis
871 1634 1017 1675 gentibus
1027 1644 1062 1662 ac
1075 1634 1203 1674 populis
1217 1634 1281 1663 xll

710 1680 898 1710 constabant
909 1703 917 1717 ‚
955 1690 1093 1720 quorum
1134 1680 1281 1719 quaterni

708 1726 769 1755 sub
798 1737 862 1755 una
893 1732 986 1766 gente
1017 1731 1108 1754 erant
1136 1734 1279 1764 compre-

708 1771 796 1800 hensi
806 1770 942 1811 ,‘quibus
955 1771 1007 1800 illa
1021 1776 1115 1810 caput
1128 1776 1193 1799 erat
1206 1778 1214 1799 ε
1230 1779 1281 1799 co-

707 1818 768 1857 piae
793 1824 897 1846 autem
927 1816 988 1845 illae
1016 1822 1104 1845 erant
1129 1816 1278 1846 Etruscae.

707 1862 880 1892 Videamus
901 1861 1023 1903 singula
1044 1871 1051 1891 :
1080 1861 1165 1891 dives
1191 1860 1276 1897 avis,

708 1918 774 1938 non
792 1908 978 1948 simpliciter
993 1914 1056 1944 est,
1075 1917 1146 1947 quae
1162 1906 1279 1936 multos

709 1964 783 1984 avos
796 1953 891 1984 habet
901 1976 910 1991 ‚
927 1953 982 1983 sed
997 1964 1068 1993 quae
1090 1963 1165 1982 avos
1179 1952 1278 1982 claros

708 1999 840 2036 habuit,
868 1999 1004 2040 ideoque
1026 1998 1196 2040 aliquando
1221 2009 1278 2038 po-

707 2052 775 2075 tens
788 2046 857 2076 fuit.
868 2045 1046 2076 Sollennior
1056 2051 1085 2074 et
1096 2045 1220 2085 planior
1233 2052 1279 2074 est

706 2092 805 2122 forma
830 2091 983 2132 loquendi
1004 2091 1043 2121 de
1069 2090 1202 2132 siugulis
1219 2089 1277 2119 ho-

707 2139 847 2168 minibus
864 2147 871 2168 :
897 2139 1013 2168 Statius
1040 2136 1140 2168 Theb.
1159 2139 1173 2167 I
1185 2159 1193 2173 ‚
1210 2138 1272 2175 392

707 2184 861 2215 Adrastus
890 2183 981 2215 Dives
998 2183 1065 2214 avis
1092 2190 1124 2213 cc
1145 2190 1276 2223 utroque

1076 2242 1119 2281 8,
