1414 2435
603 71 727 101 Lmen
752 72 793 101 x.
1256 70 1298 109 95

101 133 262 167 Tantum
281 130 433 175 effatus;
453 136 490 165 et
509 129 653 165 interea
672 128 846 164 revoluta
866 126 1002 165 ruebat

102 194 255 228 Matura
270 191 347 241 jam
365 190 448 226 luce
467 189 566 234 dies,
586 199 813 239 noctemque
833 189 992 238 fugarat.

154 252 345 302 Principio
365 250 477 288 sociis
498 250 630 295 edicit,
651 251 757 300 signa
775 257 999 299 sequantur,

104 315 228 360 Atque
246 311 389 348 animos
408 319 538 360 aptent
556 311 689 357 armis,
706 323 918 360 pugnaeque
935 319 1069 360 parent
1087 322 1137 346 se.

102 374 261 420 Jamque
276 372 316 407 in
335 380 541 421 conspectu
558 374 725 408 Teucros
743 371 859 407 habet
878 380 915 407 et
934 383 1002 407 sua
1021 378 1161 416 castra,

1251 379 1299 403 2Go

103 433 212 467 Stans
232 431 330 467 celsa
349 432 388 468 in
408 431 548 480 puppi,
569 431 744 480 clypeum
763 444 879 480 quum
901 430 1036 467 deinde
1056 430 1206 468 sinistra

101 491 246 527 Extulit
264 490 470 527 ardentem.
489 491 700 527 Clamorem
721 490 768 526 ad
787 491 912 527 sidera
929 490 1066 527 tollunt

102 550 330 586 Dardanidae
350 563 370 586 e
389 551 507 587 muris
524 565 531 586 z
550 563 634 599 spes
655 550 783 586 addita
802 550 957 587 suscitat
976 550 1062 586 iras.

100 611 190 647 Tela
210 623 324 646 manu
340 610 485 659 jaciunt
493 625 503 657 3
523 610 652 659 quales
671 609 742 647 sub
758 609 926 646 nubibus
947 610 1037 646 atris

102 672 330 721 Strymoniae
350 671 441 708 dant
459 671 565 720 signa
585 683 714 720 grues,
737 679 850 720 atque
870 670 1013 706 aethera
1031 678 1180 707 tranant
1252 679 1299 703 ⁷65

100 813 209 833 sensus
228 804 287 840 sit,
305 813 399 843 quem
419 802 472 832 alii
486 802 602 832 volunt
616 812 624 833 z
640 810 672 832 tu

95 859 240 889 proesens
269 849 309 878 sis
332 857 362 879 ec
380 847 525 889 propicia
540 848 599 878 hoc
617 859 674 878 au-

101 895 214 936 gurio,
244 895 364 937 Cybele
386 895 516 925 deberet
539 896 671 936 propin-

103 952 200 981 quare
230 943 296 983 ipsa
325 952 398 972 cum
433 943 577 982 augurio.
607 943 674 973 Nec

101 988 249 1018 Barthius
279 988 362 1018 bene
396 988 481 1029 apud
518 989 673 1018 Burman-

103 1044 183 1063 num
202 1034 392 1074 praesentlor
412 1042 444 1065 et
464 1034 597 1074 propior
617 1045 675 1063 αιι-

101 1079 195 1121 gurio
208 1080 304 1112 adsis.
322 1081 423 1112 Cerda
440 1082 484 1110 ait
502 1091 567 1110 esse
582 1091 589 1111 ε
603 1091 677 1121 pro·

103 1126 220 1166 pitium
241 1127 335 1157 facias
360 1128 528 1169 augurium
541 1134 555 1157 ε’
567 1127 621 1156 sed
641 1127 676 1157 id

103 1173 137 1201 in
156 1172 256 1203 altero
273 1174 463 1212 subjicitur3
481 1173 568 1202 adsis
579 1173 671 1213 pede,

104 1218 177 1247 diva
189 1241 197 1254 ‚
217 1220 365 1251 secundo.
379 1221 506 1251 Servius
517 1226 588 1249 ante
605 1220 676 1250 Cer-

104 1263 174 1293 dam
188 1264 273 1295 idem
290 1267 527 1306 interpretatur.

151 1311 237 1349 256,
263 1312 341 1350 257.
366 1313 510 1344 Ornate:
534 1311 676 1341 revoluta

103 1357 213 1387 ruebac
235 1369 294 1399 pro
322 1357 565 1395 revolvebatur,
594 1358 674 1387 redi-

102 1404 156 1434 bat
172 1414 180 1434 .·
197 1404 308 1434 ruebat
317 1415 377 1445 pro
390 1403 539 1434 veniebat
549 1427 558 1441 ‚
574 1410 610 1433 ut
624 1415 673 1434 su-

101 1460 157 1490 pra
185 1451 235 1487 11,
258 1452 322 1481 250
348 1450 410 1480 ruit
434 1451 565 1480 Oceano
594 1461 672 1480 nox.

102 1498 234 1526 filatum
253 1497 322 1527 luce
339 1507 349 1526 :
369 1496 477 1527 adulto
496 1496 547 1526 die
563 1496 674 1536 (aliter

102 1553 137 1572 ac
154 1543 211 1573 Ge.
230 1545 262 1581 Ι,
279 1544 322 1573 66
340 1542 459 1572 adultis
473 1543 603 1578 solibus,
622 1553 676 1572 aes-

103 1595 164 1618 tate
176 1597 347 1629 proveeta3
364 1597 395 1619 et
403 1591 520 1619 iterum
531 1590 619 1619 aliter
626 1590 676 1619 Ti-

103 1635 183 1664 bull.
199 1637 256 1673 IV,
273 1638 299 1672 I,
317 1636 379 1666 205
406 1643 535 1666 matura
550 1635 617 1665 dies
635 1635 674 1665 de

102 1687 203 1710 morte
216 1680 438 1722 praematura).

151 1727 228 1756 258.
257 1729 348 1757 Parat
369 1737 458 1757 nunc
486 1729 600 1757 AEneas
627 1739 674 1758 es-

103 1773 282 1803 censionem
302 1774 414 1803 facere.
431 1775 583 1803 Occurrit
596 1775 677 1804 Tur-

102 1829 174 1849 nus.
191 1820 242 1849 Fit
257 1830 365 1860 pugna
378 1821 410 1849 in
424 1819 534 1855 litore,
549 1819 588 1848 ad
604 1829 677 1859 pro-

102 1865 260 1896 hibendos
281 1867 438 1904 Trojanos
458 1876 498 1895 ne
520 1866 674 1895 escensio-

102 1922 176 1941 nem
191 1911 308 1942 faciant
326 1922 333 1943 :
350 1912 438 1952 quod
454 1921 577 1942 novum
593 1922 673 1953 pug-

103 1967 152 1987 nae
175 1963 276 1999 genus
297 1966 391 2000 poeta
408 1958 570 1999 ingeniose
588 1968 673 1987 com-

103 2011 229 2034 mentus
245 2012 302 2035 est.
326 2005 447 2042 Edicit,
464 2011 502 2034 ut
526 2004 564 2033 ad
587 2005 674 2045 signa

105 2052 297 2081 conveniant
320 2053 469 2091 Trojani3
487 2058 525 2081 ut
547 2051 675 2080 animos

104 2103 217 2136 aptent
241 2097 355 2134 armis,
379 2108 518 2139 pugnam
546 2108 674 2138 exspec-

103 2148 188 2180 tent,
205 2144 294 2184 eique
308 2155 340 2174 se
355 2146 528 2186 accingant.
539 2161 583 2166 ——
595 2144 672 2174 261.

107 2187 219 2229 Clypei
230 2190 405 2221 aVulcano
419 2190 581 2221 fabrefacti
597 2200 673 2220 usus

726 811 813 830 nune
823 811 838 831 a
847 808 941 842 poeta
950 811 1018 831 non
1027 801 1108 831 male
1117 802 1151 830 in
1160 801 1300 832 medium

726 847 907 877 adducitur.
912 847 1010 888 Apud
1016 849 1191 877 Homerum
1199 848 1302 888 splen-

728 893 836 924 didior
855 894 946 923 locus
965 902 1029 931 est,
1047 904 1146 934 quum
1163 894 1301 924 Achilles

728 940 793 970 sola
815 941 879 971 oris
903 941 1062 978 majestate
1085 942 1226 970 Teucros
1244 947 1302 970 ter-

729 987 857 1023 refacit,
876 987 966 1018 Iliad.
992 998 1029 1024 σ,
1049 987 1112 1016 203
1126 1009 1135 1023 ,
1163 987 1239 1017 215.
1263 989 1301 1016 In

730 1044 838 1063 versus
859 1034 925 1069 264
942 1041 972 1063 et
988 1044 1055 1074 sqq.
1075 1033 1114 1062 ad
1132 1033 1301 1063 clamorem

729 1087 871 1120 spectare
913 1081 1181 1120 comparationem
1214 1074 1302 1109 ¹recte

729 1133 838 1156 monet
851 1128 988 1157 Servius.
1000 1128 1079 1157 Nam
1090 1126 1301 1164 Trojanorum

728 1172 965 1202 multitudinem
978 1183 1035 1212 per
1044 1183 1159 1213 gruum
1176 1172 1303 1202 turbam

728 1226 823 1259 poeta
845 1219 1008 1260 designare
1036 1229 1103 1248 non
1127 1225 1250 1258 potest,
1267 1226 1304 1248 ut

728 1276 798 1305 sup.
812 1267 858 1294 VI
870 1288 878 1302 ‚
900 1267 917 1295 3
927 1275 965 1294 io
981 1276 1028 1305 sq.
1040 1287 1049 1301 ,
1065 1275 1166 1304 quum
1185 1265 1304 1305 singuli

728 1312 762 1340 in
784 1313 884 1341 muris
901 1318 1003 1348 stent,
1028 1321 1095 1340 non
1116 1312 1238 1351 agmine
1254 1312 1303 1340 in-

728 1357 840 1387 cedant
853 1357 865 1397 (
877 1357 960 1387 conf.
977 1359 1094 1386 Lucan.
1110 1358 1152 1393 V,
1175 1367 1189 1394 7
1200 1367 1212 1386 1
1224 1367 1236 1386 1
1254 1368 1300 1397 sq.

727 1404 912 1434 Stat.Theb.
923 1405 987 1434 XII
999 1426 1006 1440 ‚
1024 1404 1061 1433 51
1071 1402 1088 1432 5
1099 1413 1166 1443 sqq.
1180 1403 1303 1444 );mul-

728 1457 761 1480 to
774 1452 880 1480 minus
896 1451 1019 1490 copiam
1033 1449 1180 1480 telorum.
1199 1450 1302 1479 Ducta

729 1498 922 1537 comparatio
939 1495 977 1525 de
997 1497 1136 1526 Homero
1150 1495 1240 1526 Iliad.
1261 1507 1301 1539 γ,

731 1544 748 1572 3
764 1553 849 1582 sqq.;
864 1543 1051 1582 ambiguum
1064 1541 1166 1571 videri
1185 1548 1299 1582 potest,
1337 1560 1342 1563 -

730 1589 769 1619 de
794 1589 923 1619 abitune
948 1598 1063 1629 gruum
1091 1588 1130 1617 ad
1152 1589 1302 1618 australes

729 1635 834 1676 plagas
845 1658 853 1672 ‚
885 1646 925 1665 an
957 1635 996 1664 de
1022 1634 1127 1664 reditu
1155 1635 1302 1675 cogitarit

728 1689 831 1722 poeta.
851 1682 905 1712 Ad
930 1681 1069 1712 reditum
1090 1687 1229 1720 spectare
1251 1682 1299 1710 vi-

729 1728 822 1757 detur
843 1727 979 1769 fiagiunt
1006 1734 1106 1756 notos.
1131 1727 1176 1755 At
1204 1726 1301 1755 nubes

729 1781 810 1803 atrce
824 1775 922 1815 magis
938 1774 1135 1804 conveniunt
1149 1771 1299 1802 discessui

731 1819 792 1849 sub
821 1820 967 1849 hiemem.
994 1818 1173 1848 Videbatur
1202 1819 1300 1859 igitur

727 1865 945 1905 probabilius,
969 1866 1043 1905 quia
1064 1863 1195 1893 nubibus
1219 1864 1298 1894 atris

728 1913 875 1952 apposuit
889 1934 898 1948 ‚
940 1918 1068 1951 poetam
1122 1910 1162 1940 de
1207 1910 1296 1941 abitu

727 1968 843 1999 gruum
864 1958 897 1987 in
925 1957 1090 1987 calidiores
1109 1957 1230 1998 plagas,
1248 1957 1297 1986 in-

729 2010 858 2043 gruente
873 2003 994 2041 hieme,
1010 2005 1157 2045 cogitare.
1178 2003 1243 2034 vid.
1257 2003 1297 2034 ad

727 2053 798 2080 AEn.
816 2051 862 2079 VI
873 2073 882 2087 ,
901 2051 917 2080 3
928 2061 978 2081 ιο.
994 2052 1060 2082 Nec
1077 2049 1167 2079 aliter
1182 2051 1298 2080 Home-

726 2107 781 2126 rus
802 2096 824 2126 l.
851 2107 878 2127 c.
892 2098 966 2128 Non
989 2106 1066 2126 vero
1098 2095 1136 2125 ad
1161 2095 1296 2126 imbrem

727 2144 896 2172 instantem
927 2143 1088 2173 evolantes
1115 2153 1208 2184 grues
1237 2143 1295 2173 Ge.

729 2191 759 2224 Ι,
779 2190 864 2227 374,
882 2189 946 2228 375
960 2189 1025 2219 huc
1044 2188 1204 2220 trabo.—
1219 2190 1296 2219 265.
