1414 2435
90 73 151 103 192

586 63 778 95 AENEIDOS

84 119 258 157 Planities
278 120 405 169 ignota
423 119 539 169 jacet,
559 120 707 169 tutique
726 128 918 170 receptus,

86 182 161 218 Seu
181 180 314 217 dextra
331 180 500 229 laevaque
519 179 612 216 velis
629 192 830 218 occurrere
847 194 999 231 pugnae3

85 240 172 277 Sive
191 240 330 277 instare
345 239 465 289 jugis,
485 247 522 276 et
541 239 700 289 grandia
715 240 871 277 volvere
889 254 990 278 saxa.

85 302 169 336 Huc
183 299 334 350 juvenis
351 309 442 337 nota
460 300 581 337 fertur
599 300 753 349 regione
769 301 938 347 viarum,
1231 311 1279 334 530

85 359 340 409 Adripuitque
353 359 498 405 locum,
518 367 556 396 et
572 359 676 397 silvis
693 359 831 397 insedit
849 359 1000 410 iniquis.

136 419 313 456 Velocem
329 419 475 456 interea
491 419 637 470 superis
656 419 696 455 in
713 418 865 456 sedibus
885 420 998 470 Opim
1009 448 1019 465 ‚

86 481 211 516 Unam
228 493 276 516 ex
291 479 504 530 virginibus
524 480 634 518 sociis
655 492 838 529 sacraque
857 489 1024 526 caterva,

87 539 352 590 Conpellabat‚
370 548 408 577 et
425 541 493 578 has
512 539 629 577 tristis
647 540 807 577 Latonia
824 553 936 577 voces
1095 568 1097 571 -

88 601 165 635 Ore
185 599 300 636 dabat
318 615 325 636 :
349 617 364 633 «
383 600 566 637 Graditur
584 599 727 638 bellum
746 600 794 637 ad
811 600 964 637 crudele
981 600 1153 645 Camilla,
1235 608 1282 633 53⁵

89 662 123 696 Ο
141 660 268 708 virgo,
290 668 326 697 et
345 660 484 698 nostris
502 661 759 711 nequidquam
780 661 945 711 cingitur
965 661 1096 707 armis,

90 721 185 756 Cara
203 719 297 756 mihi
316 729 401 756 ante
421 720 512 757 alias
531 736 539 757 ε
560 733 684 769 neque
700 721 800 757 enim
817 732 938 759 novus
957 721 1026 758 iste
1044 721 1174 758 Dianae

90 780 202 816 Venit
222 792 347 826 amor,
365 779 566 828 subitaque
584 780 751 817 animum
767 780 966 818 dulcedine
986 782 1115 818 movit.

92 941 172 969 nus,
197 942 253 962 seu
279 930 316 960 ad
339 931 614 971 procurrendum,
634 943 665 962 v.

97 979 178 1016 5²83
192 989 248 1009 seu
268 977 306 1008 ad
325 978 575 1018 propulsandum
598 978 667 1009 hos-

96 1032 159 1054 tem
170 1047 178 1062 ‚
202 1026 229 1055 si
253 1035 402 1065 superare
419 1025 534 1055 collem
551 1025 664 1064 vellet,

98 1072 174 1111 529.
199 1072 279 1102 Nam
304 1070 422 1099 instare
437 1071 544 1112 jugis,
565 1071 605 1100 de
619 1072 666 1109 ju-

96 1128 136 1158 go
154 1116 289 1157 desuper
304 1126 416 1157 urgere
430 1116 554 1147 hostem
573 1117 664 1147 ador-

98 1171 175 1193 tum.
192 1180 237 1185 -
259 1164 336 1200 527.
363 1164 481 1203 Ignota
502 1164 668 1201 Trojanis3

96 1215 228 1250 propter
245 1209 306 1239 hoe
321 1210 425 1249 ipsum
443 1209 528 1239 silvoe
548 1209 669 1250 iniquoe

98 1262 173 1285 sunt
184 1279 192 1293 ‚
208 1256 329 1286 infestae
345 1265 385 1284 ex
403 1255 536 1285 insidiis.
553 1256 670 1286 Similis

99 1308 203 1331 autem
213 1300 398 1331 insidiarum
411 1301 669 1331 collocanclarum

100 1347 271 1388 descriptio
293 1347 504 1388 comparanda
526 1358 576 1388 ap.
602 1350 669 1378 Sta-

101 1396 180 1424 tium
199 1393 299 1424 Theb.
327 1395 379 1431 11,
401 1394 466 1433 469
485 1404 553 1434 sqq.

150 1440 168 1470 5
173 1442 226 1470 32.
250 1442 348 1471 Recte
362 1441 489 1470 Servius
505 1439 671 1470 transitum

102 1494 252 1527 tanquam
291 1486 464 1526 abruptum
476 1508 485 1522 ‚
515 1493 547 1515 et
580 1487 674 1516 nimis

70 1530 77 1537 ’
102 1534 212 1562 tritum
228 1531 440 1572 reprehendit.
464 1530 556 1572 Opim
570 1539 675 1562 autem

103 1578 134 1609 h.
148 1578 170 1608 l.
185 1578 367 1619 Nympham
390 1577 489 1607 edidit
511 1579 545 1607 in
564 1579 675 1608 Dianae

104 1625 265 1655 consortio
284 1635 293 1661 ;
327 1635 427 1664 quum
467 1623 540 1654 alias
576 1625 675 1664 ipsius

104 1671 218 1701 Dianae
239 1681 358 1701 nomen
385 1671 502 1701 fuerit:
527 1670 613 1711 quod
635 1681 675 1699 ex

106 1717 300 1747 Callimacho
329 1727 457 1758 quoque
489 1723 613 1747 constat
641 1717 675 1746 iu

104 1764 198 1793 Dian.
221 1770 286 1800 204
305 1769 337 1793 et
359 1769 424 1799 240
437 1786 445 1800 ‚
461 1762 518 1793 ubi
533 1773 563 1793 v.
578 1765 676 1803 Span-

105 1810 187 1840 hem.
215 1811 336 1840 Mirum
361 1809 395 1839 id
418 1811 521 1840 visum
544 1810 672 1846 Servio,

107 1866 202 1896 quem
218 1856 255 1886 ad
269 1856 300 1887 h.
317 1857 338 1887 l.
356 1856 429 1886 vide
440 1879 449 1893 ‚
464 1863 494 1886 et
509 1855 676 1886 Macrobio

107 1904 150 1940 V,
178 1913 238 1940 22,
263 1905 319 1943 qui
343 1902 382 1933 de
410 1903 506 1933 nimia
532 1901 676 1932 doctrina

109 1949 170 1980 hoc
188 1950 358 1991 Virgilium
382 1950 490 1980 fecisse
511 1949 677 1990 supicaba-

111 2003 171 2025 tur.
194 1997 360 2037 Perperam
382 1997 492 2037 utique
517 2005 525 2025 ε
550 2006 623 2026 uam
647 2001 678 2025 et

110 2041 194 2082 apud
225 2043 361 2073 eundem
390 2041 618 2074 Callimachum
645 2042 679 2071 in

111 2088 180 2118 Del.
203 2099 266 2127 292
292 2091 370 2130 Opis
391 2096 436 2118 est
457 2090 540 2119 iuter
561 2087 681 2129 puellas

112 2134 343 2174 Hyperboreas,
354 2146 424 2175 quae
440 2136 564 2175 frugum
579 2135 683 2175 primi-

114 2181 169 2210 iias
185 2180 261 2210 olim
281 2181 394 2211 Delum
415 2187 638 2222 apportarunt,
653 2187 684 2210 et

721 942 794 961 cum
811 932 910 962 Diana
927 931 971 961 ibi
986 937 1169 961 manserunt
1180 941 1188 967 ;
1198 929 1237 960 cf.
1250 932 1288 959 A-

719 978 840 1019 pollod.
852 980 877 1015 I,
888 985 917 1015 4,
931 980 1061 1014 4.Recte
1073 977 1149 1007 adeo
1160 988 1175 1006 a
1186 978 1289 1007 Maro-

719 1035 760 1054 ne
771 1024 922 1065 Nympha
937 1025 1016 1064 Opis
1034 1030 1205 1053 memorata
1223 1029 1269 1051 est
1280 1045 1287 1056 ,

719 1077 750 1100 et
766 1070 876 1100 eodem
892 1071 973 1101 forte
988 1076 1135 1110 respectu
1147 1069 1204 1099 inf.
1224 1068 1289 1098 858

721 1117 867 1147 Threissa
882 1116 1070 1157 appellatur.
1081 1117 1178 1146 Juvat
1188 1121 1291 1145 autem

720 1163 801 1192 illud
824 1170 935 1193 notare
948 1185 956 1200 ,
981 1164 1113 1192 Dianam
1134 1162 1167 1192 h.
1180 1162 1203 1191 l.
1220 1171 1290 1191 cum

721 1208 880 1249 Nymphis
900 1209 983 1244 suis,
1007 1209 1124 1250 quibus
1142 1208 1230 1238 silvae
1245 1217 1292 1237 so-

720 1255 788 1285 lent
818 1265 877 1296 pro
910 1255 1036 1285 sedibus
1067 1255 1234 1296 assignari,
1258 1255 1292 1283 in

722 1301 862 1342 Olympo
879 1301 986 1331 sedere
997 1325 1004 1339 ,
1025 1301 1111 1331 unde
1125 1311 1186 1330 vss.
1205 1300 1268 1339 595
1281 1322 1289 1334 ‚

727 1347 791 1386 596
809 1349 888 1388 Opis
905 1347 1033 1378 devolat
1050 1349 1085 1377 in
1109 1354 1233 1377 terram.
1248 1363 1294 1368 —-

728 1394 804 1428 534.
825 1393 917 1423 Tristi
929 1395 1036 1424 Heius.
1048 1404 1065 1423 e
1080 1396 1172 1424 Rom.
1184 1399 1214 1423 et
1228 1392 1296 1422 aliis

726 1440 808 1469 Pier.
831 1439 970 1480 (quibus
986 1439 1065 1469 adde
1087 1439 1185 1469 Goth.
1199 1449 1248 1479 pr.
1265 1444 1296 1468 et

727 1485 832 1526 sec.)‚
848 1496 908 1526 pro
931 1485 1059 1526 vulgato
1077 1494 1084 1514 :
1101 1485 1220 1519 tristes,
1244 1484 1295 1513 vel

728 1530 858 1566 tristeis,
889 1537 926 1560 ut
950 1532 983 1560 in
1012 1529 1104 1560 Aldd.
1131 1537 1161 1559 et
1187 1531 1226 1560 al.
1253 1531 1295 1559 At

727 1576 823 1607 tristis
844 1576 962 1607 Medic.
977 1583 1007 1605 et
1023 1575 1167 1606 Macrob.
1186 1577 1233 1612 V,
1252 1586 1292 1606 22

727 1633 799 1652 cum
826 1624 954 1653 Donato
969 1645 978 1659 ,
1013 1622 1102 1662 quod
1133 1628 1163 1651 et
1190 1622 1295 1662 ipsum

728 1670 876 1700 Heinsius
899 1669 1073 1710 praetulisse
1094 1667 1238 1704 videtur,
1266 1675 1298 1698 et

729 1726 816 1746 nunc
851 1725 1035 1745 revocamus
1067 1725 1140 1745 cum
1175 1715 1297 1744 Brunc-

728 1761 848 1792 ki0.—
858 1762 875 1792 5
881 1763 933 1792 36.
950 1760 1072 1792 Nosm's
1094 1760 1191 1790 armis
1201 1766 1219 1796 ,'
1231 1761 1297 1800 qui-

729 1808 788 1838 bus
823 1808 952 1839 Camilla
979 1809 1012 1838 in
1042 1817 1162 1837 morem
1188 1806 1298 1836 Dianae

730 1861 761 1885 et
773 1854 994 1896 Nympharum
1009 1855 1127 1890 mitum
1142 1851 1225 1883 conf.
1241 1853 1296 1882 inf.

731 1902 809 1937 844.

776 1950 857 1989 Qum
868 1949 1013 1988 sequitur
1029 1947 1166 1976 narratio
1184 1944 1222 1974 (le
1240 1945 1297 1975 Ca-

730 1994 816 2024 milla
839 2001 869 2024 et
892 2000 980 2034 patre
1002 1992 1151 2024 Metabo.
1179 1993 1297 2022 Priver-

731 2046 842 2071 natum
861 2046 997 2080 tyranno
1008 2061 1016 2072 ,
1033 2049 1072 2068 ex
1091 2039 1229 2078 antiquis
1243 2039 1299 2067 lta-

733 2087 836 2117 lorum
853 2085 984 2121 sabulis,
1001 2095 1055 2114 seu
1071 2084 1236 2114 annalibus
1249 2094 1299 2124 pe-

735 2134 808 2170 tita,
829 2138 859 2161 et
882 2132 1004 2172 egregie
1027 2130 1065 2160 ad
1084 2132 1204 2172 epicam
1229 2141 1302 2172 poe-

735 2180 785 2209 sin
807 2177 1056 2213 nccommodata‚
1083 2188 1181 2219 quum
1205 2187 1240 2207 ea
1267 2175 1300 2206 τὸ
