1414 2435
46 45 107 74 138

545 44 739 75 AENEIDOS

46 103 99 138 Ut
117 100 229 146 vidit,
252 103 396 138 Lausus
404 115 415 146 3
436 100 677 150 lacrimaeque
694 113 763 150 per
781 112 848 137 ora
865 100 1016 138 volutae.
1195 116 1242 140 τεν·

48 162 119 198 Hic
139 161 270 198 mortis
291 160 395 197 durae
416 173 562 206 casum,
587 170 728 210 tuaque
745 169 901 210 optuma
920 162 1034 207 facta,

50 221 91 257 Si
108 234 182 270 qua
204 221 314 256 tidem
333 228 439 257 tanto
458 229 515 257 est
532 221 641 270 operi
659 221 782 257 latura
800 230 985 268 vetustas,

49 282 135 316 Non
156 279 349 329 equidem,
367 293 437 316 nec
456 288 511 326 te,
526 279 677 329 juvenis
696 280 957 326 memorande,
977 279 1108 317 silebo.

104 340 171 376 Ille
188 338 324 388 pedem
342 340 508 376 referens
520 367 529 385 ‚
547 348 584 376 et
601 339 765 385 inutilis,
784 340 900 389 inque
918 341 1052 390 ligatus

52 398 235 444 Cedebat‚
255 399 465 449 clypeoque
486 398 683 435 inimicum
699 397 833 435 hastile
852 399 1038 436 trahebat.
1202 407 1249 439 79⁵

54 459 234 508 Prorupit
249 459 419 509 juvenis,
438 471 595 508 seseque
612 458 805 495 inmiscuit
822 459 954 505 armis;

55 522 215 568 Jamque
234 517 469 568 adsurgentis
487 518 621 555 dextra
638 517 862 567 plagamque
883 517 1036 553 ferentis

56 579 183 614 AEneae
202 577 319 615 subiit
336 589 570 623 mucronem,
593 577 792 626 ipsumque
811 576 993 612 morando
1083 567 1085 569 ¹

61 636 249 673 Sustinuit
269 651 278 672 ε
298 636 391 673 socii
410 648 548 684 magno
567 635 732 671 elamore
750 643 980 684 sequuntur,

60 697 163 731 Dum
183 695 332 744 genitor
345 695 424 730 nati
443 707 575 744 parma
591 701 785 744 protectus
806 693 947 739 abiret3

1210 703 1258 726 8οο

61 755 227 804 Telaque
246 754 471 804 conjiciunt,
488 753 792 803 proturbantque
812 753 957 791 eminus
976 753 1123 791 hostem

63 813 272 851 Missilibus
293 828 300 849 :
321 813 414 850 furit
431 814 584 860 AEneas,
603 820 799 862 tectusque
818 821 917 850 tenet
935 826 986 850 se.

64 953 140 983 thie.
155 952 238 983 vide.
253 954 323 983 Hoc
339 959 424 983 certe
438 952 636 994 probabilius

63 998 199 1036 dixeris,
229 1009 322 1040 quam
347 999 434 1039 quod
457 1006 578 1029 narrata
597 999 637 1029 de

62 1046 211 1086 Scipione
230 1045 382 1075 Africano
398 1056 472 1075 eum
486 1047 638 1086 respexis—

65 1102 97 1121 se
113 1093 212 1121 aiunt.
231 1093 270 1121 In
284 1091 346 1121 hoc
358 1102 434 1122 vero
450 1098 551 1132 poetae
567 1103 638 1121 acu-

64 1148 139 1167 men
155 1137 316 1168 observari
338 1138 451 1173 velim,
469 1138 557 1178 quod
575 1145 637 1168 tan-

66 1191 130 1213 tam
153 1185 301 1224 pietatem
322 1183 435 1213 tribuit
451 1183 519 1213 filio
535 1183 638 1214 homi-

66 1231 116 1259 nis
125 1231 200 1260 saevi
210 1237 240 1259 et
254 1231 379 1268 injusti,
394 1229 543 1270 quodque
553 1230 640 1260 hunc

65 1277 171 1316 ipsum
187 1283 322 1316 patrem,
335 1275 498 1305 hominem
508 1277 642 1316 impium

70 1328 102 1351 et
129 1322 276 1352 odiosum
287 1345 294 1357 ,
321 1328 442 1351 naturae
471 1321 587 1352 affectu
612 1329 644 1352 et

69 1377 174 1398 amore
187 1369 219 1397 in
233 1367 337 1396 filium
352 1367 572 1397 mollissimum
587 1378 640 1397 ex-

68 1414 197 1444 hibuit:
215 1420 252 1443 ut
269 1414 354 1443 enim
373 1414 407 1442 in
431 1415 556 1454 tragicis
569 1436 577 1451 ‚
597 1415 640 1443 ita

68 1471 156 1489 nunc
172 1461 205 1489 in
226 1461 314 1500 opica
334 1459 390 1488 hac
405 1469 538 1499 persona
549 1482 557 1496 ,
575 1466 642 1489 tan-

69 1513 103 1536 to
129 1507 225 1546 magis
248 1515 413 1535 movemur
431 1506 555 1545 pietatis
578 1505 640 1535 hoc

69 1552 184 1582 affectu
207 1553 241 1580 in
269 1551 414 1586 homine,
437 1552 493 1590 qui
520 1551 640 1580 nullam

69 1599 138 1627 talis
153 1597 354 1627 humanitatis
375 1607 484 1625 sensus
499 1607 586 1636 spem
601 1596 639 1626 de

69 1655 101 1673 se
111 1644 236 1673 fecerat.
248 1660 294 1666 —
311 1653 353 1682 79
363 1653 388 1673 1.
403 1641 533 1682 Optima
541 1641 638 1683 fizcta

69 1697 165 1719 erunt
192 1689 309 1719 fortia:
338 1689 445 1728 sicque
469 1688 543 1717 libri
567 1699 640 1719 con-

67 1743 196 1766 stanter.
222 1737 266 1765 At
288 1734 371 1775 apud
399 1735 544 1765 Servium
568 1735 640 1766 alii:

67 1791 203 1823 tuaque,
240 1781 357 1821 optime
368 1804 376 1817 ‚
398 1780 496 1821 sacta
513 1792 525 1815 ;
553 1781 641 1821 quod

67 1830 191 1868 plaeere
205 1835 323 1868 potest,
335 1828 393 1857 Ge.
406 1826 550 1857 Fabricio
563 1837 642 1867 quo-

67 1886 129 1914 que
155 1882 185 1904 et
209 1873 431 1915 Cuningbamo
453 1872 637 1910 judicibus:

67 1924 172 1961 sicque
196 1921 293 1950 Goth.
319 1931 399 1958 sem,
416 1920 474 1949 etsi
495 1931 512 1949 e
530 1929 638 1950 recen-

67 1969 208 2003 tissimis,
225 1974 255 1996 et
266 1990 274 2003 ,
290 1966 377 2007 quod
388 1966 528 2004 mireris,
544 1967 639 1997 Heiu-

65 2015 112 2041 sio
137 2024 203 2043 uon
227 2013 445 2050 observatum,
464 2022 481 2041 a
508 2024 550 2043 m.
572 2023 635 2043 sec.

68 2059 242 2090 Medico-1⁵.
269 2061 350 2089 Fata
373 2071 421 2101 pr.
447 2060 539 2090 Voss.
561 2069 635 2089 cum

64 2104 173 2134 eodem
189 2106 304 2138 muli..
328 2117 386 2135 nec
406 2105 467 2137 hoc
487 2107 584 2142 ma1e;
599 2113 634 2135 ut

60 2152 135 2181 ali-15
153 2151 210 2180 fata
225 2158 252 2180 vt
274 2162 379 2182 mauu·
401 2153 507 2193 jungit
524 2158 627 2193 poeta.

689 951 960 984 —Observandus
967 953 1057 982 locus
1064 951 1157 982 etiam
1166 962 1262 993 prop-

691 1006 796 1036 tere-a,
822 999 909 1039 quod
931 1006 1027 1039 poeta
1044 999 1153 1038 epicus
1174 1008 1263 1028 suam

689 1046 756 1086 ipse
769 1055 938 1086 personam
951 1044 1059 1085 prodit
1074 1051 1104 1074 et
1118 1045 1261 1084 interpo-

689 1093 738 1121 nit
751 1103 760 1129 ;
773 1102 832 1121 nec
851 1091 1001 1121 indecore
1012 1113 1020 1127 ‚
1036 1097 1090 1120 aut
1104 1089 1259 1127 absurde;

690 1137 826 1167 advertit
847 1139 931 1167 enim
949 1138 1090 1166 animum
1113 1136 1259 1173 lectoris,

691 1183 767 1214 dum
783 1184 849 1225 ipse
863 1190 955 1224 poeta
971 1183 1171 1212 miseratione
1187 1193 1262 1213 con-

693 1236 812 1260 tactum
834 1240 866 1259 se
889 1228 1202 1271 significan—792.
1229 1228 1265 1258 Si

694 1287 759 1317 qua
787 1283 932 1305 vetustas
958 1286 969 1305 :
991 1286 1052 1316 pro
1081 1276 1264 1315 posteritate

696 1322 778 1352 dicta
804 1332 868 1352 esse
891 1321 1005 1358 debet3
1031 1322 1120 1351 aliter
1147 1320 1175 1350 si
1199 1331 1264 1362 qua

693 1379 760 1398 non
778 1367 921 1409 expediri
937 1374 1042 1409 potest
1058 1377 1065 1398 :
1086 1368 1117 1398 Si
1136 1377 1200 1408 qna
1216 1377 1265 1397 se-

694 1415 761 1444 rior
787 1422 859 1444 aetas
891 1413 987 1444 fldem
1011 1413 1142 1443 habebit
1171 1420 1265 1443 tantae

695 1461 787 1490 Lausi
802 1461 913 1501 pietati
930 1467 962 1490 et
983 1460 1094 1489 virtuti
1111 1468 1119 1488 :
1139 1469 1216 1498 opus
1229 1465 1266 1488 ut

695 1505 784 1548 ἔργον
804 1516 863 1545 pro
886 1506 1036 1535 facinore.
1056 1504 1164 1535 Simile
1185 1503 1266 1534 illud

695 1552 857 1581 Ciceronis
873 1561 932 1592 pro
956 1550 1079 1580 Milone
1099 1551 1140 1580 35
1158 1549 1198 1579 de
1215 1560 1266 1580 me

695 1597 786 1627 nulla
802 1607 944 1637 unquam
961 1596 1152 1626 obmutescet
1162 1603 1268 1626 vetus-

694 1650 754 1673 tas.
764 1661 810 1666 -—
823 1649 899 1682 794.
909 1642 1034 1672 Inutilis
1044 1665 1053 1677 ,
1071 1642 1201 1672 vulnere
1211 1641 1265 1673 de-

694 1689 852 1726 bilitatus;
869 1696 904 1718 ut
930 1692 1017 1720 Serv.
1040 1687 1184 1729 illigatus
1207 1689 1266 1719 sci-

693 1735 768 1765 licet
793 1736 907 1772 hastae,
930 1745 1002 1776 quae
1023 1734 1138 1776 clypeo
1164 1741 1265 1766 trans-

694 1779 761 1811 fixo
777 1782 811 1811 in
827 1783 946 1822 inguen
968 1786 1157 1822 penetrarat.
1175 1781 1265 1811 Simi-

693 1827 731 1857 lis
751 1828 840 1858 locus
862 1828 901 1858 de
921 1826 1103 1868 Sarpedone
1122 1825 1211 1857 Iliad.
1230 1836 1242 1856 ε
1255 1849 1264 1863 ,

693 1875 778 1910 664,
794 1875 872 1905 665.
890 1875 933 1904 At
948 1876 1058 1904 AEneas
1071 1883 1118 1903 vs.
1140 1881 1201 1912 797
1215 1883 1263 1902 as-

691 1920 790 1962 surgit
801 1921 931 1954 dextra,
947 1920 1098 1961 insurgit,
1114 1917 1150 1947 ad
1165 1920 1262 1949 ictum

690 1977 764 1996 ense
778 1965 995 2002 inferendum,
1012 1975 1109 1994 manu
1124 1964 1242 1996 elevata
1254 1988 1262 2002 ,

690 2022 725 2042 ac
744 2011 884 2042 reducta.

736 2058 814 2089 802.
852 2059 961 2088 Tecens
991 2064 1079 2088 tenet
1109 2067 1165 2093 se:
1197 2057 1257 2088 sub

689 2105 802 2146 clypeo
813 2126 822 2141 ‚
839 2105 894 2145 qui
916 2103 1043 2134 missilia
1062 2103 1180 2144 excipit
1193 2113 1200 2134 :
1214 2105 1259 2134 sic

685 2162 753 2192 sup.
772 2153 818 2189 X,
843 2157 906 2188 4¹²
926 2161 1020 2191 seque
1041 2150 1074 2180 iu
1094 2161 1153 2180 sua
1170 2150 1258 2180 colli-
