1414 2435
84 66 128 97 90
584 52 778 83 AENEmos

91 117 179 162 Ipsa
199 119 312 160 caput
334 108 484 159 populis
503 120 511 142 :
528 108 653 145 Tusco
672 109 718 145 de
738 108 919 158 sanguine
939 108 1051 145 vires.

95 173 193 210 Hinc
214 182 366 219 quoque
387 168 614 218 quingentos
631 169 670 205 in
688 182 728 206 se
746 168 958 206 Mezentius
978 176 1119 214 armat,

97 235 202 278 Quos
223 239 328 280 patre
348 231 514 274 Benaco,
531 229 678 266 velatus
696 228 881 266 arundine
900 229 1033 278 glauca

1245 234 1294 258 2⁹5

97 290 261 328 Mincius
273 317 282 334 ‚
303 288 439 325 infesta
459 286 623 324 ducebat
638 287 678 324 in
697 300 852 337 aequora
869 287 973 337 pinu.

149 354 185 387 It
205 348 330 400 gravis
349 348 541 395 Aulestes,
559 357 793 398 centenaque
812 347 950 385 arbore
967 347 1103 385 fluctus

97 509 207 538 Iovem
226 506 266 536 de
285 505 443 547 sangnine
458 505 587 536 ducens.
609 507 670 537 Su-

98 564 155 594 pra
186 553 243 583 lib.
267 554 330 582 VII
341 575 349 589 ‚
375 552 416 582 56
449 553 573 582 Turnus
607 550 672 581 avis

100 599 266 639 atavisque
286 604 403 638 potens
425 597 534 627 eadem
556 598 588 627 vi
609 607 671 637 qua

101 644 185 675 dives
195 656 208 680 ,-
223 651 253 674 et
268 644 363 674 Silius
386 645 466 674 XVI
476 665 485 679 ,
501 644 566 682 593
590 645 671 672 Bur-

99 701 152 720 rus
167 689 233 719 avis
244 689 494 729 pollensjVHI,
512 689 576 718 382
592 690 672 719 Scae-

100 736 174 766 vola
185 758 193 773 ,
211 735 275 765 avis
283 735 412 775 pollens
426 745 484 764 nec
499 734 617 764 dextra
630 733 673 763 in-

102 781 217 823 dignus
240 791 380 811 avorum.
406 781 555 810 Attamen
576 786 608 809 et
627 780 673 810 Si-

101 828 164 858 lius
176 827 215 858 de
229 827 350 867 populo
366 836 373 856 :
389 827 463 857 Osci
486 836 564 867 quos
588 825 673 854 dives

103 885 215 914 opum,
233 883 311 913 quos
329 872 413 902 dives
429 882 559 902 avorum
578 873 607 900 E
626 878 673 900 to-

102 928 134 949 to
157 919 255 948 dabat
279 919 326 948 ad
347 918 464 948 bellum
489 917 673 958 Campania

104 973 207 996 tractu
225 966 326 1001 VIII,
346 965 423 995 523.
441 966 497 995 Est
512 974 587 1004 ergo
604 963 636 994 h.
651 963 672 993 l.

104 1013 258 1047 Mantua,
275 1017 312 1040 ut
333 1010 414 1040 bene
436 1012 563 1041 Servius
579 1009 676 1050 expli-

103 1065 153 1088 cat
168 1080 176 1093 ‚
191 1056 365 1097 majoribus
373 1064 578 1097 praepotens;
593 1056 626 1086 h.
646 1066 674 1085 e.

102 1103 223 1133 habens
254 1103 387 1140 majores
407 1109 569 1142 potentes;
597 1101 674 1141 quid

103 1156 207 1179 autem
236 1148 298 1177 hoc
322 1147 409 1178 aliud
425 1158 538 1187 quam,
562 1153 675 1186 potens

102 1195 180 1225 olim
192 1217 200 1230 ‚
217 1194 373 1232 majorum
386 1193 494 1222 aetate?
510 1191 598 1232 quod
612 1202 676 1221 mo-

105 1240 249 1270 nendum
276 1245 342 1269 erat
378 1239 524 1279 inprimis
535 1260 543 1274 ‚
574 1248 675 1278 quum

101 1296 190 1315 nunc
219 1285 270 1314 illa
302 1291 465 1324 tantopere
495 1294 512 1313 a
538 1285 674 1324 pristino

102 1331 270 1372 splendore
287 1330 480 1360 descivisset.
503 1329 675 1360 Constabat

100 1384 207 1407 tamen
224 1387 335 1418 agmen
351 1387 366 1405 e
380 1375 512 1406 diversis
523 1375 673 1416 populis:

100 1423 159 1452 sed
176 1433 238 1453 non
258 1433 358 1464 genus
385 1422 528 1452 omnibus
547 1432 645 1451 unum
661 1432 673 1450 .·

101 1469 247 1498 omnibns
265 1479 332 1498 non
354 1467 393 1497 ad
418 1479 491 1497 avos
506 1474 573 1497 erat
596 1467 674 1497 refe-

101 1514 254 1551 rendum,
286 1513 375 1554 quod
407 1514 505 1554 vulgo
531 1513 651 1542 faciunt
662 1535 671 1548 ,

101 1560 157 1590 sed
176 1560 215 1590 ad
237 1570 356 1601 agmen
367 1582 375 1594 ,
393 1559 482 1599 quod
493 1561 602 1589 Ocnus
617 1557 671 1588 ad-

102 1606 189 1636 ducit
222 1606 331 1646 patriis
365 1605 405 1634 ab
435 1606 509 1634 oris.
543 1605 647 1645 Pergit
663 1614 670 1634 :

100 1661 238 1692 namque
258 1653 388 1682 Mantua
405 1652 502 1680 trinas
515 1657 622 1691 gentes
641 1657 672 1679 et

100 1697 266 1727 duodenos
277 1697 414 1738 populos
423 1696 575 1726 habebat:
587 1696 674 1725 Gens

100 1742 151 1773 illi
173 1743 292 1783 triplex
315 1749 375 1773 ete.
408 1742 495 1772 Gens
514 1749 672 1781 tamquam

99 1790 193 1819 latius
215 1789 276 1819 sub
295 1799 327 1818 sc
351 1789 494 1818 continet
512 1788 648 1828 populos
665 1798 672 1818 :

100 1834 188 1875 quod
216 1842 328 1865 notum
354 1841 418 1871 est,
446 1833 598 1874 quodque
618 1835 672 1864 Jo.

101 1883 152 1911 Fr.
164 1882 308 1910 Gronov.
321 1880 360 1910 ad
370 1881 479 1915 Liv.V‚
493 1881 534 1916 34
551 1879 671 1910 docuit.

103 1927 216 1967 Populi
229 1928 326 1967 igitur
344 1933 433 1955 erant
448 1928 512 1956 ΧΠ
526 1927 559 1956 in
576 1927 672 1955 trinas

103 1979 210 2012 gentes
239 1972 343 2002 dirisi.
363 1973 496 2003 Mantua
522 1982 597 2001 vero
619 1971 673 2001 ho-

104 2028 173 2047 rtun
187 2019 251 2048 ΧΠ
267 2018 475 2057 populorum,
491 2018 547 2057 qni
568 2018 673 2047 Etrus-

103 2065 132 2092 ci
149 2070 257 2099 crant,
281 2071 374 2103 caput
394 2070 470 2094 crat.
491 2062 599 2099 Vires,
623 2073 674 2093 co·

107 2109 178 2151 piae.

153 2160 228 2192 ων..
249 2154 326 2185 Hinc
342 2155 372 2184 ln
392 2166 421 2185 sc
436 2163 542 2186 armat
553 2155 674 2196 elegan-

723 512 771 536 ter
798 500 842 535 de*
860 505 960 544 copiis
985 503 1133 535 adversus
1163 505 1294 535 Mezen-

723 552 805 582 tium
830 550 943 581 ductis.
963 567 1010 574 —-
1023 551 1089 591 205
1103 573 1112 587 ‚
1132 550 1209 580 206.
1233 551 1295 580 Na-

725 598 772 627 vis
783 619 791 634 ,
805 607 868 636 qua
886 596 1013 626 vehitur
1028 598 1156 632 Ocnus,
1172 605 1295 636 parase-

724 653 815 673 mum
833 653 889 672 seu
906 643 1029 684 insigne
1046 642 1142 672 habet
1154 643 1190 671 in
1202 651 1297 682 prora

725 689 886 719 Mincium
901 688 1039 718 fluvium
1050 689 1094 719 :is
1108 698 1204 728 supra
1218 697 1296 727 quo-

727 745 789 774 que
804 735 862 764 Ge.
877 735 926 763 111
936 756 944 771 ,
963 734 1002 764 15
1023 742 1135 764 tenera
1144 733 1299 774 praecexic

727 779 888 809 arundine
902 779 999 819 ripas.
1024 782 1122 809 Patre
1142 782 1273 809 Benaco
1285 791 1298 815 ;

727 825 817 856 ducit
827 826 911 855 enim
921 832 1027 855 ortum
1036 826 1178 856 Mincius
1189 824 1200 865 (
1211 826 1304 855 Men-

728 871 787 912 το)
811 882 852 902 ex
874 873 999 902 Benaco
1026 872 1099 901 lacu
1120 870 1133 911 (
1153 872 1242 911 Lago
1268 871 1303 900 di

729 917 880 957 Garda)‚
899 924 953 946 aut
973 919 1081 958 potius
1099 927 1139 946 ex
1161 915 1300 957 Alpibus

728 971 816 994 ortus
832 963 971 993 medium
985 974 1058 993 eum
1072 963 1193 993 transit.
1205 963 1298 993 Conf.

729 1020 799 1050 sup.
816 1009 856 1039 ad
872 1010 930 1039 Ge.
945 1011 976 1039 11
987 1032 996 1046 ‚
1016 1010 1078 1048 159
1090 1031 1099 1045 ‚
1119 1009 1193 1038 160.
1214 1009 1300 1039 Cete-

729 1066 822 1092 rum,
839 1055 928 1095 quod
945 1056 1008 1093 jam
1029 1066 1100 1095 sup.
1117 1054 1157 1083 ad
1181 1055 1300 1084 156—

734 1102 796 1130 158
813 1109 894 1131 extr.
911 1101 1096 1137 innuebam,
1111 1101 1142 1130 in
1158 1101 1298 1131 animum

729 1146 945 1177 revocandum
966 1157 1033 1176 non
1058 1153 1123 1182 est,
1151 1147 1299 1176 Mantua-

728 1203 799 1228 nos,
815 1193 951 1222 nimium
966 1203 983 1221 a
998 1192 1108 1222 Tiberi
1121 1198 1152 1221 et
1165 1202 1219 1222 ora
1234 1203 1298 1222 ma-

729 1239 772 1268 ris
787 1239 911 1269 Etrusci
925 1244 1063 1268 remotos
1073 1260 1082 1274 ‚
1099 1248 1167 1268 non
1181 1240 1300 1278 potuis-

727 1295 760 1314 se
784 1285 850 1314 suis
878 1284 1014 1314 navibus
1042 1286 1172 1314 AEnearu
1202 1286 1300 1314 comi·

728 1331 807 1366 tari,
824 1340 928 1370 neque
944 1340 1019 1371 ergo
1033 1340 1146 1360 navem
1164 1331 1300 1372 insignia

727 1377 829 1417 gentis
855 1383 887 1406 et
906 1376 996 1406 urbis
1017 1375 1146 1407 habere.
1177 1378 1299 1407 Verum

727 1423 868 1462 in'poeta
879 1444 887 1458 ‚
905 1421 983 1452 dum
999 1421 1120 1452 detinet
1134 1433 1191 1453 nus
1207 1429 1298 1463 grato

726 1478 834 1497 rerum
860 1474 1009 1508 tanquam
1031 1467 1201 1507 adspectu,
1227 1478 1300 1498 avo-

727 1513 848 1543 candus
869 1519 915 1543 est
935 1514 1058 1542 animus
1076 1512 1115 1542 ad
1132 1513 1210 1549 alia,
1227 1524 1298 1554 qurc

726 1565 815 1588 extra
830 1564 953 1588 narrata
966 1565 1041 1588 sunt
1051 1581 1059 1594 ‚
1075 1569 1133 1588 uec
1148 1561 1209 1589 nisi
1221 1559 1297 1589 sub·

727 1604 822 1634 tiliter
837 1605 1013 1644 inquirenti
1031 1613 1218 1636 occurrunt.
1235 1608 1299 1636 sm-

727 1650 882 1680 tuendum
900 1658 945 1679 est
956 1673 964 1685 ,
979 1650 1108 1680 classem
1122 1651 1182 1681 sub
1193 1653 1299 1682 AEueae

725 1695 898 1725 adveutum
924 1696 964 1725 ad
992 1697 1068 1726 litus
1099 1697 1299 1728 Caeretanum

723 1743 788 1780 jam
806 1749 943 1782 paratam
960 1743 1100 1777 stetisse,
1119 1745 1212 1773 sociis
1238 1753 1297 1775 uu-

728 1787 825 1828 dique
842 1789 948 1818 accitis
959 1811 967 1825 ,
982 1790 1077 1818 etiam
1091 1799 1133 1818 ex
1150 1787 1301 1819 interiore

729 1833 819 1864 Italia
832 1857 840 1870 ,
859 1831 1056 1865 instructam.

776 1890 854 1918 207.
881 1882 1031 1920 Sequitur
1053 1879 1199 1911 Aulestes
1221 1890 1297 1921 gm-

727 1925 788 1961 νίς,
813 1932 891 1966 puto
917 1933 1049 1966 propter
1072 1935 1186 1955 navem
1217 1926 1300 1956 mole

725 1981 782 2000 sua
806 1981 952 2012 gravem,
975 1973 1009 2001 iu
1037 1972 1109 2002 navi
1144 1971 1170 2002 C
1196 1982 1299 2002 renio-

726 2026 798 2046 rum
813 2027 823 2045 :
838 2018 907 2051 νηῦς
928 2015 1130 2060 ἑκατόζυγος
1155 2017 1245 2048 Iliad.
1260 2028 1277 2047 υ
1289 2041 1297 2053 ,

727 2068 810 2100 2473
827 2061 888 2092 hoc
903 2063 1019 2093 extulit
1033 2061 1219 2104 magnifice:
1237 2066 1300 2093 An-

725 2107 818 2138 lesces
829 2107 1006 2150 adsurgens
1020 2109 1180 2152 verberat>
1184 2111 1282 2149 fluctu
1290 2121 1300 2138 c

724 2162 860 2185 centena
883 2155 1014 2190 arbore,
1040 2157 1182 2187 centenis
1204 2157 1302 2189 remis
