1414 2435
550 57 673 87 LIBER
696 56 756 87 XI.

53 115 223 161 Pulsant,
245 124 283 152 et
301 114 412 164 pictis
430 113 622 151 bellantur
640 117 852 151 Amazones
871 115 1002 161 armis3

1190 57 1253 86 203

1204 122 1255 146 660

31 176 38 183 '
56 178 133 212 Seu
151 175 295 212 circum
314 175 566 225 Hippolyten,
587 185 653 211 seu
673 187 791 224 quum
809 188 847 211 se
866 174 1006 211 Martia
1026 186 1143 211 curru

55 235 291 272 Penthesilea
308 235 443 280 refert,
462 247 676 284 magnoque
694 235 862 272 ululante
884 235 1048 272 tumultu

56 295 233 333 Feminea
253 296 443 332 exsultant
465 296 603 332 lunatis
622 296 769 345 agmina
787 295 909 345 peltis.

57 357 182 400 Quem
198 355 274 392 telo
293 356 458 405 primum
469 385 478 403 ,
497 369 610 405 quem
627 365 861 405 postremum
872 383 881 401 ,
903 368 1035 404 aspera
1052 355 1182 404 virgo,

57 415 219 465 Dejicis?
239 425 304 453 aut
323 423 417 466 quot
437 416 545 453 humi
564 416 767 453 morientia
786 428 950 466 corpora
970 415 1120 452 fundis?

58 610 178 634 taverat
193 604 349 634 nonnulla
364 604 399 633 in
419 603 452 633 h.
478 603 500 633 l.
518 602 634 633 Wake-

59 650 135 680 field
147 673 155 688 ‚
171 650 248 681 Silv.
267 652 336 681 crit.
353 650 416 680 vol.
434 651 483 680 III
494 673 502 687 ,
518 661 550 690 p.
569 656 613 690 94
625 673 633 688 ,

59 708 132 738 quae
153 704 258 727 tamen
281 707 361 726 mox
381 697 447 737 ipse
472 697 635 727 damnasse

60 743 198 773 videtur.
206 760 252 765 —
264 742 417 772 Threiciae
428 744 613 772 Amazones
624 754 635 772 .-

60 799 120 830 pro
154 788 330 829 Scythicis,
357 789 408 818 vel
435 789 636 819 Sarmathicis

62 835 162 871 dixit,
182 841 219 864 ut
234 834 413 864 Thr-cissam
433 835 637 875 Harpalycen

62 892 131 922 sup.
142 881 199 911 lib.
211 882 226 910 I
240 903 248 917 ,
259 881 275 910 3
284 881 323 910 16
333 903 341 916 ,
359 880 536 919 Strymonis
546 882 639 910 Ama-

63 938 125 958 zon
142 930 288 968 Propert.
312 929 368 964 lv,
393 934 429 964 4,
445 927 488 967 69
501 949 509 964 ,
527 927 617 967 quod
628 948 637 963 ‚

63 981 214 1014 tanquam
238 980 351 1014 poeta,
373 974 446 1012 jure
474 984 532 1003 suo
552 974 638 1004 fecit.

64 1020 233 1052 Sarmatica
249 1027 354 1050 autem
371 1021 461 1061 origo
479 1020 543 1049 fere
558 1030 640 1049 eom-

64 1067 156 1096 muni
177 1073 322 1096 veterum
346 1077 505 1096 consensu
523 1067 562 1095 iis
584 1067 640 1095 tri-

65 1113 176 1143 buitur
187 1135 195 1149 ,
229 1113 288 1142 etsi
317 1113 458 1152 vulgaris
490 1112 595 1142 fabula
622 1122 640 1141 a

66 1158 215 1189 Tanaidis
234 1159 323 1188 ostiis
343 1158 381 1187 ad
397 1159 491 1188 Ponti
508 1157 590 1188 fines
609 1165 641 1188 et

66 1204 340 1235 Thermodontem
359 1204 392 1234 ss.
412 1215 462 1234 eas
486 1204 639 1235 traduxit.

67 1251 141 1282 Vid.
158 1251 221 1281 loe.
239 1251 328 1281 class.
342 1252 461 1281 Justin.
478 1253 527 1288 ΙΙ,
546 1258 577 1287 4.
598 1251 639 1282 cf.

67 1297 222 1338 Apollon.
242 1299 273 1327 II
288 1320 297 1334 ,
317 1298 499 1338 370—966
523 1309 591 1338 sqq.
611 1304 642 1327 et

68 1344 167 1374 schol.
177 1362 225 1367 —-
237 1345 342 1384 Quum
363 1344 510 1386 flumina
547 1343 642 1374 Ther-

69 1391 228 1421 modontis
246 1391 381 1420 Pulsant
392 1402 403 1420 :
419 1402 478 1432 pro
493 1391 569 1431 ripis
582 1390 643 1420 flu-

69 1447 143 1466 men
165 1436 289 1467 dictum
312 1438 463 1477 opinatur
486 1437 587 1472 Cerda
614 1443 646 1466 ct

70 1483 142 1521 alii,
158 1491 195 1513 ut
212 1495 243 1513 v.
259 1495 286 1514 c.
306 1484 423 1525 Georg.
439 1486 469 1514 II
481 1507 489 1521 ,
512 1495 523 1513 1
536 1495 549 1513 1
560 1506 569 1520 ,
592 1494 643 1520 12,

70 1529 138 1559 ah'ae
156 1530 285 1560 arbores
303 1541 435 1570 campos
455 1529 645 1572 etflumina

71 1576 136 1606 late
164 1576 264 1606 Curva
289 1583 406 1607 tenent.
431 1576 514 1607 Mihi
540 1583 645 1606 tamen

72 1632 172 1662 quum
187 1623 254 1663 ipsa
270 1633 320 1652 res
329 1623 500 1663 persuadet
510 1646 518 1660 ,
538 1625 588 1663 agi
607 1622 645 1652 de

72 1668 204 1697 flumine
217 1669 314 1708 glacie
330 1668 473 1699 obducto
484 1693 493 1707 ,
508 1676 577 1699 tum
594 1680 647 1699 ve-

73 1724 110 1743 ro
123 1715 217 1743 etiam
231 1713 402 1744 Claudiani
420 1716 572 1752 imitatio,
591 1716 648 1755 qui

74 1770 140 1790 non
169 1760 259 1790 aliter
281 1760 476 1790 intellexisse
496 1760 643 1791 videtur:

75 1806 251 1836 adscribam
280 1813 384 1836 totum
420 1807 530 1836 locum
558 1809 647 1837 Pros.

76 1860 156 1894 rapt.
175 1855 219 1890 ΙΙ,
234 1854 276 1883 62
288 1870 335 1876 ——
348 1853 411 1883 66:
429 1852 541 1893 Qualis
551 1854 650 1882 Ama-

77 1899 228 1930 zonidum
243 1899 340 1940 peltis
357 1900 500 1929 exsultat
514 1899 650 1928 aduncis

77 1945 141 1986 (ex
155 1953 267 1977 nostro
282 1957 326 1977 vs.
343 1946 427 1985 663)
443 1945 581 1976 Pulchra
598 1956 648 1974 co-

78 1991 170 2029 hors;
193 1993 316 2034 quoties
347 1995 469 2023 Arcton
490 1993 651 2032 populata

79 2038 200 2080 virago
230 2039 403 2080 Hippolyte
435 2038 542 2068 niveas
565 2038 652 2068 ducit

76 2092 149 2124 post
152 2085 272 2125 proelia
285 2093 407 2116 turmas
421 2085 503 2127 (hoc
515 2086 653 2115 illustrat

81 2141 142 2161 vss.
175 2131 239 2162 661
253 2154 262 2169 ‚
290 2133 356 2163 662
385 2143 393 2164 2
417 2143 470 2163 seu
496 2143 593 2174 quum
620 2143 653 2162 se

82 2177 206 2208 Martia
219 2189 310 2209 curru
325 2178 531 2210 Penthesilea
545 2178 652 2220 refert,

1209 423 1267 447 663⁷

686 602 769 633 redit
790 614 831 633 ex
855 614 980 644 pugna,
1002 610 1033 633 et
1055 602 1184 643 quidem
1200 603 1265 632 vic-

689 651 772 688 trix3
797 650 873 679 hinc
896 649 1075 685 exsultant,
1097 656 1127 679 et
1146 660 1265 690 magno

689 697 866 737 tumultu),
900 697 960 725 Seu
984 695 1094 739 flavos
1125 703 1264 725 stravere

692 743 808 778 Getas,
828 754 881 771 seu
890 741 980 782 sorte
999 741 1153 783 rigentem
1174 741 1266 771 Ther-

692 788 897 817 modontiaca
952 788 1090 818 Tanaim
1134 787 1266 829 fregere

691 834 794 863 securi
826 835 837 875 (
853 835 984 875 glaciem
995 857 1002 871 ‚
1031 845 1103 874 quae
1133 835 1266 864 Tanaim

692 880 853 911 obducere
872 883 1027 921 inciperet
1048 887 1079 910 et
1098 881 1266 918 trajectum

692 927 814 956 ratibus
857 926 1057 967 impediret).
1092 926 1268 956 Transtulit

690 972 744 1002 hic
761 973 955 1003 Claudianus
969 973 1007 1002 ad
1021 973 1144 1003 Tanain
1155 995 1163 1009 ‚
1179 972 1267 1013 quod

692 1021 786 1049 Maro
801 1019 840 1049 de
856 1019 1094 1050 Thermodonte
1113 1029 1268 1049 memora-

692 1073 791 1096 verat.
803 1068 903 1096 Porro
919 1066 1013 1097 Silius
1031 1068 1063 1095 11
1074 1088 1083 1103 ,
1103 1066 1143 1103 73
1159 1075 1166 1095 :
1185 1067 1268 1105 Quae

693 1112 739 1141 les
753 1111 906 1142 Threiciae
920 1112 1095 1152 Rhodopen
1108 1115 1269 1152 Pangaea-

694 1170 755 1198 que
774 1159 909 1188 lustrant
923 1159 1058 1189 Saxost's
1071 1169 1204 1188 nemora
1219 1158 1267 1188 al-

695 1212 728 1234 ta
737 1205 844 1246 jugis,
865 1217 1021 1246 cursuque
1038 1204 1189 1246 fatigant
1207 1206 1268 1234 He-

694 1251 799 1287 brum,
816 1252 884 1282 scil.
899 1252 998 1293 glacie
1014 1252 1210 1288 obductum,
1225 1251 1271 1280 in-

696 1305 797 1337 nupta
818 1309 943 1328 manus.
961 1300 1021 1328 Hic
1034 1300 1212 1328 Amazones
1231 1297 1270 1326 ad

697 1344 863 1374 Thraciam
897 1352 928 1374 et
960 1345 1027 1385 ipse
1058 1343 1203 1373 deduxit.
1222 1360 1271 1367 --

699 1390 780 1421 660.
804 1391 978 1420 Bellantur
1001 1401 1060 1431 pro
1082 1390 1218 1426 bellant,
1233 1397 1271 1420 ut

698 1437 756 1466 alia
770 1448 800 1467 v.
816 1439 904 1468 Serv,
921 1438 972 1468 Sic
989 1437 1127 1466 nutritor
1139 1446 1198 1476 pro
1213 1447 1271 1466 nu-

699 1484 775 1513 trito
791 1484 848 1514 Ge.
870 1485 920 1521 II,
943 1485 1020 1520 425.
1042 1483 1139 1514 Pictis
1154 1482 1271 1520 armis,

699 1540 776 1560 auro
787 1537 980 1571 argentoque
990 1530 1146 1560 distinctis
1154 1552 1163 1566 ,
1175 1530 1275 1558 maxi-

698 1587 748 1605 me
764 1577 860 1616 pelta.
875 1577 914 1607 cf.
932 1588 1003 1618 sup.
1021 1577 1060 1607 ad
1077 1577 1175 1612 VIII,
1194 1576 1271 1606 588.

698 1640 745 1646 —-
755 1623 834 1653 662.
847 1625 887 1653 Se
900 1623 1012 1664 refert,
1022 1623 1104 1653 redit
1117 1622 1129 1663 (
1141 1633 1171 1652 v,
1186 1622 1273 1663 paul-

699 1670 731 1699 lo
746 1676 819 1699 ante
835 1671 869 1699 in
885 1670 991 1700 verbis
1008 1669 1175 1700 Claudiani
1185 1691 1194 1705 ,
1209 1669 1274 1697 vic-

700 1717 764 1745 trix
779 1726 819 1745 ex
835 1727 943 1756 pugna
954 1716 985 1757 );
1000 1727 1068 1746 uon
1089 1721 1126 1746 ut
1145 1715 1273 1744 Servius

701 1772 761 1802 pro
772 1784 780 1798 ‚
811 1773 844 1791 se
872 1762 950 1798 fert,
979 1762 1086 1791 infert.
1123 1759 1273 1790 Tumultu

702 1808 867 1843 ululante,
899 1809 1048 1844 invertit,
1073 1817 1174 1847 quum
1197 1807 1274 1846 ipsae

702 1853 829 1882 ululent
854 1864 926 1882 cum
950 1853 1112 1890 tumultu3
1133 1862 1193 1892 pro
1223 1859 1274 1882 tu-

702 1899 807 1928 multu
823 1899 1024 1930 ululantium.
1046 1898 1169 1929 Martia
1190 1900 1273 1928 Pen-

704 1944 838 1974 thesilea
853 1947 992 1986 proprie.
1013 1947 1034 1976 J
1038 1947 1133 1976 ustin.
1151 1945 1272 1975 Histor.

704 1991 760 2021 lib.
776 1993 826 2029 ΙΙ,
844 1997 862 2027 4
875 2015 884 2029 ,
908 1993 946 2022 13
966 1992 1038 2022 duae
1054 1993 1274 2033 reginae—ne

703 2038 892 2068 successibus
922 2038 1047 2069 deesset
1083 2037 1271 2073 auctoritas,

701 2085 832 2126 genitas
846 2096 878 2114 se
898 2087 1004 2115 Illarte
1015 2084 1251 2126 praedicabant.

754 2132 820 2167 664
832 2154 841 2168 ‚
857 2132 936 2162 665.
954 2133 1103 2162 Variatus
1124 2131 1277 2162 orationis

707 2178 796 2209 color
811 2179 942 2209 Homeri
963 2178 1111 2220 exemplo
1135 2177 1224 2209 Iliad.
1243 2186 1255 2205 ε
1268 2197 1276 2212 ,
