<?xml version="1.0" encoding="UTF-8"?>
<!DOCTYPE html PUBLIC "-//W3C//DTD XHTML 1.0 Transitional//EN"
    "http://www.w3.org/TR/xhtml1/DTD/xhtml1-transitional.dtd">
<html xmlns="http://www.w3.org/1999/xhtml" xml:lang="en" lang="en">
 <head>
  <title>
</title>
<meta http-equiv="Content-Type" content="text/html;charset=utf-8" />
  <meta name='ocr-system' content='tesseract 3.04.00' />
  <meta name='ocr-capabilities' content='ocr_page ocr_carea ocr_par ocr_line ocrx_word'/>
</head>
<body>
  <div class='ocr_page' id='page_1' title='image "./operahey04virguoft_0143.png"; bbox 0 0 1414 2435; ppageno 0'>
   <div class='ocr_carea' id='block_1_1' title="bbox 586 72 775 103">
    <p class='ocr_par' dir='ltr' id='par_1_1' title="bbox 586 72 775 103">
     <span class='ocr_line' id='line_1_1' title="bbox 586 72 775 103; baseline 0.005 -1"><span class='ocrx_word' id='word_1_1' title='bbox 586 72 709 103; x_wconf 79' lang='lat' dir='ltr'>LIBER</span> <span class='ocrx_word' id='word_1_2' title='bbox 733 74 775 103; x_wconf 84' lang='lat' dir='ltr'>X.</span> 
     </span>
    </p>
   </div>
   <div class='ocr_carea' id='block_1_2' title="bbox 1213 81 1272 109">
    <p class='ocr_par' dir='ltr' id='par_1_2' title="bbox 1213 81 1272 109">
     <span class='ocr_line' id='line_1_2' title="bbox 1213 81 1272 109; baseline 0 -1"><span class='ocrx_word' id='word_1_3' title='bbox 1213 81 1272 109; x_wconf 76' lang='lat'>133</span> 
     </span>
    </p>
   </div>
   <div class='ocr_carea' id='block_1_3' title="bbox 82 129 1277 779">
    <p class='ocr_par' dir='ltr' id='par_1_3' title="bbox 82 129 1026 240">
     <span class='ocr_line' id='line_1_3' title="bbox 83 129 1026 181; baseline 0.003 -14"><span class='ocrx_word' id='word_1_4' title='bbox 83 133 170 168; x_wconf 88' lang='lat' dir='ltr'>Non</span> <span class='ocrx_word' id='word_1_5' title='bbox 189 130 255 167; x_wconf 80' lang='lat' dir='ltr'>ulti</span> <span class='ocrx_word' id='word_1_6' title='bbox 272 139 328 168; x_wconf 88' lang='lat' dir='ltr'>est</span> <span class='ocrx_word' id='word_1_7' title='bbox 347 129 492 168; x_wconf 88' lang='lat' dir='ltr'>animus</span> <span class='ocrx_word' id='word_1_8' title='bbox 512 130 643 167; x_wconf 89' lang='lat' dir='ltr'>stricto</span> <span class='ocrx_word' id='word_1_9' title='bbox 663 142 890 168; x_wconf 85' lang='lat' dir='ltr'>concurrere</span> <span class='ocrx_word' id='word_1_10' title='bbox 908 133 1026 181; x_wconf 81' lang='lat' dir='ltr'>ferro3</span> 
     </span>
     <span class='ocr_line' id='line_1_4' title="bbox 82 190 1013 240; baseline 0.002 -12"><span class='ocrx_word' id='word_1_11' title='bbox 82 190 291 228; x_wconf 85' lang='lat' dir='ltr'>Missilibus</span> <span class='ocrx_word' id='word_1_12' title='bbox 307 191 436 240; x_wconf 88' lang='lat' dir='ltr'>longe,</span> <span class='ocrx_word' id='word_1_13' title='bbox 456 199 494 227; x_wconf 89' lang='lat' dir='ltr'>et</span> <span class='ocrx_word' id='word_1_14' title='bbox 510 199 618 227; x_wconf 83' lang='lat' dir='ltr'>vasto</span> <span class='ocrx_word' id='word_1_15' title='bbox 639 190 801 227; x_wconf 81' lang='lat' dir='ltr'>clamore</span> <span class='ocrx_word' id='word_1_16' title='bbox 818 191 1013 230; x_wconf 84' lang='lat' dir='ltr'>lacessunt.</span> 
     </span>
    </p>

    <p class='ocr_par' dir='ltr' id='par_1_4' title="bbox 82 249 1277 779">
     <span class='ocr_line' id='line_1_5' title="bbox 136 249 1044 299; baseline 0.002 -12"><span class='ocrx_word' id='word_1_17' title='bbox 136 253 300 287; x_wconf 82' lang='lat' dir='ltr'>Venerat</span> <span class='ocrx_word' id='word_1_18' title='bbox 319 249 482 299; x_wconf 85' lang='lat' dir='ltr'><strong>antiquis</strong></span> <span class='ocrx_word' id='word_1_19' title='bbox 501 249 660 299; x_wconf 86' lang='lat' dir='ltr'>Corythi</span> <span class='ocrx_word' id='word_1_20' title='bbox 677 249 724 286; x_wconf 89' lang='lat' dir='ltr'>de</span> <span class='ocrx_word' id='word_1_21' title='bbox 743 250 880 288; x_wconf 88' lang='lat' dir='ltr'><strong>finibus</strong></span> <span class='ocrx_word' id='word_1_22' title='bbox 899 254 1044 299; x_wconf 89' lang='lat' dir='ltr'>Acron,</span> 
     </span>
     <span class='ocr_line' id='line_1_6' title="bbox 85 310 1275 361; baseline 0 -13"><span class='ocrx_word' id='word_1_23' title='bbox 85 310 223 348; x_wconf 85' lang='lat' dir='ltr'>Graius</span> <span class='ocrx_word' id='word_1_24' title='bbox 241 311 376 356; x_wconf 89' lang='lat' dir='ltr'>homo,</span> <span class='ocrx_word' id='word_1_25' title='bbox 395 310 554 347; x_wconf 88' lang='lat' dir='ltr'>infectos</span> <span class='ocrx_word' id='word_1_26' title='bbox 571 310 744 358; x_wconf 90' lang='lat' dir='ltr'>linquens</span> <span class='ocrx_word' id='word_1_27' title='bbox 761 311 945 360; x_wconf 84' lang='lat' dir='ltr'>profugus</span> <span class='ocrx_word' id='word_1_28' title='bbox 962 312 1187 361; x_wconf 88' lang='lat' dir='ltr'>hymenaeos.</span> <span class='ocrx_word' id='word_1_29' title='bbox 1227 334 1275 358; x_wconf 66' lang='lat'>520</span> 
     </span>
     <span class='ocr_line' id='line_1_7' title="bbox 83 368 1079 419; baseline 0.002 -13"><span class='ocrx_word' id='word_1_30' title='bbox 83 371 194 406; x_wconf 89' lang='lat' dir='ltr'>Hunc</span> <span class='ocrx_word' id='word_1_31' title='bbox 211 369 280 406; x_wconf 87' lang='lat' dir='ltr'>ubi</span> <span class='ocrx_word' id='word_1_32' title='bbox 297 370 515 406; x_wconf 89' lang='lat' dir='ltr'>miscentem</span> <span class='ocrx_word' id='word_1_33' title='bbox 532 369 643 418; x_wconf 84' lang='lat' dir='ltr'>longe</span> <span class='ocrx_word' id='word_1_34' title='bbox 661 368 786 405; x_wconf 87' lang='lat' dir='ltr'>media</span> <span class='ocrx_word' id='word_1_35' title='bbox 803 371 950 418; x_wconf 84' lang='lat' dir='ltr'>agmina</span> <span class='ocrx_word' id='word_1_36' title='bbox 966 372 1079 419; x_wconf 86' lang='lat' dir='ltr'>vidit,</span> 
     </span>
     <span class='ocr_line' id='line_1_8' title="bbox 84 429 1014 480; baseline 0.001 -13"><span class='ocrx_word' id='word_1_37' title='bbox 84 433 323 480; x_wconf 89' lang='lat' dir='ltr'>Purpureum</span> <span class='ocrx_word' id='word_1_38' title='bbox 340 429 492 480; x_wconf 73' lang='lat' dir='ltr'>pennis,</span> <span class='ocrx_word' id='word_1_39' title='bbox 513 437 549 465; x_wconf 93' lang='lat' dir='ltr'>et</span> <span class='ocrx_word' id='word_1_40' title='bbox 564 437 684 479; x_wconf 86' lang='lat' dir='ltr'>pactae</span> <span class='ocrx_word' id='word_1_41' title='bbox 701 429 870 478; x_wconf 85' lang='lat' dir='ltr'>conjugis</span> <span class='ocrx_word' id='word_1_42' title='bbox 886 438 989 467; x_wconf 88' lang='lat' dir='ltr'>ostro</span> <span class='ocrx_word' id='word_1_43' title='bbox 1007 446 1014 468; x_wconf 94' lang='lat'><strong>:</strong></span> 
     </span>
     <span class='ocr_line' id='line_1_9' title="bbox 82 489 1041 540; baseline 0.001 -12"><span class='ocrx_word' id='word_1_44' title='bbox 82 494 258 540; x_wconf 89' lang='lat' dir='ltr'>Inpastus</span> <span class='ocrx_word' id='word_1_45' title='bbox 278 489 426 528; x_wconf 88' lang='lat' dir='ltr'>stabula</span> <span class='ocrx_word' id='word_1_46' title='bbox 447 490 520 526; x_wconf 87' lang='lat' dir='ltr'>alta</span> <span class='ocrx_word' id='word_1_47' title='bbox 535 490 595 526; x_wconf 93' lang='lat' dir='ltr'>leo</span> <span class='ocrx_word' id='word_1_48' title='bbox 616 503 685 526; x_wconf 88' lang='lat' dir='ltr'>ceu</span> <span class='ocrx_word' id='word_1_49' title='bbox 705 503 803 539; x_wconf 89' lang='lat' dir='ltr'>saepe</span> <span class='ocrx_word' id='word_1_50' title='bbox 821 503 1041 540; x_wconf 83' lang='lat' dir='ltr'>peragrans,</span> 
     </span>
     <span class='ocr_line' id='line_1_10' title="bbox 86 549 1018 600; baseline -0.001 -11"><span class='ocrx_word' id='word_1_51' title='bbox 86 552 230 589; x_wconf 86' lang='lat' dir='ltr'>Suadet</span> <span class='ocrx_word' id='word_1_52' title='bbox 249 551 349 588; x_wconf 90' lang='lat' dir='ltr'>enim</span> <span class='ocrx_word' id='word_1_53' title='bbox 367 563 506 588; x_wconf 83' lang='lat' dir='ltr'>vesana</span> <span class='ocrx_word' id='word_1_54' title='bbox 525 550 659 594; x_wconf 87' lang='lat' dir='ltr'>fames,</span> <span class='ocrx_word' id='word_1_55' title='bbox 681 549 712 586; x_wconf 88' lang='lat' dir='ltr'>si</span> <span class='ocrx_word' id='word_1_56' title='bbox 730 550 828 586; x_wconf 87' lang='lat' dir='ltr'>forte</span> <span class='ocrx_word' id='word_1_57' title='bbox 847 550 1018 600; x_wconf 84' lang='lat' dir='ltr'>fugacem</span> 
     </span>
     <span class='ocr_line' id='line_1_11' title="bbox 83 609 1277 661; baseline 0 -13"><span class='ocrx_word' id='word_1_58' title='bbox 83 611 291 661; x_wconf 78' lang='lat' dir='ltr'>Conspexit</span> <span class='ocrx_word' id='word_1_59' title='bbox 311 623 503 661; x_wconf 83' lang='lat' dir='ltr'>capream,</span> <span class='ocrx_word' id='word_1_60' title='bbox 521 618 586 646; x_wconf 83' lang='lat' dir='ltr'>aut</span> <span class='ocrx_word' id='word_1_61' title='bbox 602 617 816 658; x_wconf 76' lang='lat' dir='ltr'>surgentem</span> <span class='ocrx_word' id='word_1_62' title='bbox 831 609 870 645; x_wconf 92' lang='lat' dir='ltr'>in</span> <span class='ocrx_word' id='word_1_63' title='bbox 886 622 1029 647; x_wconf 85' lang='lat' dir='ltr'>cornua</span> <span class='ocrx_word' id='word_1_64' title='bbox 1043 625 1214 661; x_wconf 86' lang='lat' dir='ltr'>cervum,</span> <span class='ocrx_word' id='word_1_65' title='bbox 1230 626 1277 656; x_wconf 79' lang='lat'>725</span> 
     </span>
     <span class='ocr_line' id='line_1_12' title="bbox 84 668 1166 717; baseline 0.001 -10"><span class='ocrx_word' id='word_1_66' title='bbox 84 670 251 716; x_wconf 83' lang='lat' dir='ltr'>Gaudet,</span> <span class='ocrx_word' id='word_1_67' title='bbox 271 670 379 707; x_wconf 86' lang='lat' dir='ltr'>hians</span> <span class='ocrx_word' id='word_1_68' title='bbox 398 670 566 714; x_wconf 87' lang='lat' dir='ltr'>inmane,</span> <span class='ocrx_word' id='word_1_69' title='bbox 586 680 788 717; x_wconf 86' lang='lat' dir='ltr'>comasque</span> <span class='ocrx_word' id='word_1_70' title='bbox 807 668 972 714; x_wconf 86' lang='lat' dir='ltr'>adrexit,</span> <span class='ocrx_word' id='word_1_71' title='bbox 993 678 1030 705; x_wconf 88' lang='lat' dir='ltr'>et</span> <span class='ocrx_word' id='word_1_72' title='bbox 1048 670 1166 708; x_wconf 86' lang='lat' dir='ltr'>haeret</span> 
     </span>
     <span class='ocr_line' id='line_1_13' title="bbox 83 725 1098 779; baseline 0.001 -15"><span class='ocrx_word' id='word_1_73' title='bbox 83 728 302 766; x_wconf 81' lang='lat' dir='ltr'>Visceribus</span> <span class='ocrx_word' id='word_1_74' title='bbox 321 741 437 779; x_wconf 87' lang='lat' dir='ltr'>super</span> <span class='ocrx_word' id='word_1_75' title='bbox 454 725 678 764; x_wconf 84' lang='lat' dir='ltr'>incumbens</span> <span class='ocrx_word' id='word_1_76' title='bbox 685 741 696 772; x_wconf 84' lang='lat'>3</span> <span class='ocrx_word' id='word_1_77' title='bbox 714 726 806 762; x_wconf 84' lang='lat' dir='ltr'>lavit</span> <span class='ocrx_word' id='word_1_78' title='bbox 823 725 984 775; x_wconf 86' lang='lat' dir='ltr'>inproba</span> <span class='ocrx_word' id='word_1_79' title='bbox 1001 735 1098 765; x_wconf 81' lang='lat' dir='ltr'>teter</span> 
     </span>
    </p>
   </div>
   <div class='ocr_carea' id='block_1_4' title="bbox 84 790 318 826">
    <p class='ocr_par' dir='ltr' id='par_1_5' title="bbox 84 790 318 826">
     <span class='ocr_line' id='line_1_14' title="bbox 84 790 318 826; baseline -0.009 0"><span class='ocrx_word' id='word_1_80' title='bbox 84 790 162 826; x_wconf 89' lang='lat' dir='ltr'>Ora</span> <span class='ocrx_word' id='word_1_81' title='bbox 179 800 294 825; x_wconf 85' lang='lat' dir='ltr'>cruor</span> <span class='ocrx_word' id='word_1_82' title='bbox 309 803 318 824; x_wconf 81' lang='lat' dir='ltr'><em>z</em></span> 
     </span>
    </p>
   </div>
   <div class='ocr_carea' id='block_1_5' title="bbox 86 936 659 1345">
    <p class='ocr_par' dir='ltr' id='par_1_6' title="bbox 86 936 658 1020">
     <span class='ocr_line' id='line_1_15' title="bbox 86 936 658 979; baseline -0.003 -11"><span class='ocrx_word' id='word_1_83' title='bbox 86 949 146 979; x_wconf 91' lang='lat' dir='ltr'>pro</span> <span class='ocrx_word' id='word_1_84' title='bbox 169 937 314 979; x_wconf 72' lang='lat' dir='ltr'>vulgari,</span> <span class='ocrx_word' id='word_1_85' title='bbox 337 948 402 968; x_wconf 85' lang='lat' dir='ltr'>esse</span> <span class='ocrx_word' id='word_1_86' title='bbox 423 936 508 968; x_wconf 88' lang='lat' dir='ltr'>odio.</span> <span class='ocrx_word' id='word_1_87' title='bbox 531 937 572 968; x_wconf 84' lang='lat' dir='ltr'>cf.</span> <span class='ocrx_word' id='word_1_88' title='bbox 588 938 658 968; x_wconf 87' lang='lat' dir='ltr'>Ma-</span> 
     </span>
     <span class='ocr_line' id='line_1_16' title="bbox 87 978 542 1020; baseline -0.002 -6"><span class='ocrx_word' id='word_1_89' title='bbox 87 984 176 1015; x_wconf 84' lang='lat' dir='ltr'>crob.</span> <span class='ocrx_word' id='word_1_90' title='bbox 189 985 237 1014; x_wconf 82' lang='lat' dir='ltr'>VI</span> <span class='ocrx_word' id='word_1_91' title='bbox 246 1007 256 1020; x_wconf 92' lang='lat'>,</span> <span class='ocrx_word' id='word_1_92' title='bbox 274 984 307 1014; x_wconf 91' lang='lat'>6.</span> <span class='ocrx_word' id='word_1_93' title='bbox 532 978 542 983; x_wconf 49' lang='grc'><em>’</em></span> 
     </span>
    </p>

    <p class='ocr_par' dir='ltr' id='par_1_7' title="bbox 86 1029 659 1345">
     <span class='ocr_line' id='line_1_17' title="bbox 136 1029 657 1073; baseline -0.002 -12"><span class='ocrx_word' id='word_1_94' title='bbox 136 1041 152 1068; x_wconf 89' lang='lat'><strong>7</strong></span> <span class='ocrx_word' id='word_1_95' title='bbox 162 1041 213 1070; x_wconf 90' lang='lat'>¹9·</span> <span class='ocrx_word' id='word_1_96' title='bbox 242 1029 372 1070; x_wconf 75' lang='lat' dir='ltr'>Corythi</span> <span class='ocrx_word' id='word_1_97' title='bbox 381 1029 479 1073; x_wconf 69' lang='lat' dir='ltr'>fine-5.</span> <span class='ocrx_word' id='word_1_98' title='bbox 506 1030 657 1060; x_wconf 90' lang='lat' dir='ltr'>Cortona.</span> 
     </span>
     <span class='ocr_line' id='line_1_18' title="bbox 88 1074 658 1106; baseline -0.004 0"><span class='ocrx_word' id='word_1_99' title='bbox 88 1076 204 1106; x_wconf 80' lang='lat' dir='ltr'>Graius</span> <span class='ocrx_word' id='word_1_100' title='bbox 218 1075 323 1106; x_wconf 76' lang='lat' dir='ltr'>homo.</span> <span class='ocrx_word' id='word_1_101' title='bbox 334 1077 372 1105; x_wconf 93' lang='lat' dir='ltr'>In</span> <span class='ocrx_word' id='word_1_102' title='bbox 384 1076 446 1105; x_wconf 87' lang='lat' dir='ltr'>hoc</span> <span class='ocrx_word' id='word_1_103' title='bbox 459 1082 514 1105; x_wconf 87' lang='lat' dir='ltr'>aut</span> <span class='ocrx_word' id='word_1_104' title='bbox 527 1074 658 1104; x_wconf 81' lang='lat' dir='ltr'>eandem</span> 
     </span>
     <span class='ocr_line' id='line_1_19' title="bbox 86 1121 658 1162; baseline 0 -12"><span class='ocrx_word' id='word_1_105' title='bbox 86 1121 262 1152; x_wconf 79' lang='lat' dir='ltr'>fabulosam</span> <span class='ocrx_word' id='word_1_106' title='bbox 288 1132 304 1151; x_wconf 90' lang='lat' dir='ltr'>a</span> <span class='ocrx_word' id='word_1_107' title='bbox 336 1121 480 1162; x_wconf 78' lang='lat' dir='ltr'>Corytho</span> <span class='ocrx_word' id='word_1_108' title='bbox 510 1121 658 1151; x_wconf 88' lang='lat' dir='ltr'>Cortonae</span> 
     </span>
     <span class='ocr_line' id='line_1_20' title="bbox 87 1166 657 1208; baseline -0.002 -11"><span class='ocrx_word' id='word_1_109' title='bbox 87 1168 244 1208; x_wconf 79' lang='lat' dir='ltr'>originem</span> <span class='ocrx_word' id='word_1_110' title='bbox 261 1167 402 1207; x_wconf 81' lang='lat' dir='ltr'>respexit</span> <span class='ocrx_word' id='word_1_111' title='bbox 414 1174 524 1207; x_wconf 88' lang='lat' dir='ltr'>poeta,</span> <span class='ocrx_word' id='word_1_112' title='bbox 541 1173 595 1196; x_wconf 87' lang='lat' dir='ltr'>aut</span> <span class='ocrx_word' id='word_1_113' title='bbox 608 1166 657 1204; x_wconf 88' lang='lat' dir='ltr'>id,</span> 
     </span>
     <span class='ocr_line' id='line_1_21' title="bbox 87 1212 659 1254; baseline -0.003 -10"><span class='ocrx_word' id='word_1_114' title='bbox 87 1213 175 1253; x_wconf 84' lang='lat' dir='ltr'>quod</span> <span class='ocrx_word' id='word_1_115' title='bbox 188 1224 204 1243; x_wconf 82' lang='lat' dir='ltr'>a</span> <span class='ocrx_word' id='word_1_116' title='bbox 219 1213 377 1254; x_wconf 76' lang='lat' dir='ltr'>Dionysio</span> <span class='ocrx_word' id='word_1_117' title='bbox 389 1212 483 1242; x_wconf 89' lang='lat' dir='ltr'>nobis</span> <span class='ocrx_word' id='word_1_118' title='bbox 497 1219 659 1242; x_wconf 87' lang='lat' dir='ltr'>servatum</span> 
     </span>
     <span class='ocr_line' id='line_1_22' title="bbox 88 1258 659 1298; baseline -0.002 -9"><span class='ocrx_word' id='word_1_119' title='bbox 88 1267 151 1298; x_wconf 89' lang='lat' dir='ltr'>est,</span> <span class='ocrx_word' id='word_1_120' title='bbox 171 1261 361 1296; x_wconf 87' lang='lat' dir='ltr'>Cortonam,</span> <span class='ocrx_word' id='word_1_121' title='bbox 382 1258 580 1289; x_wconf 78' lang='lat' dir='ltr'>Umbrorum</span> <span class='ocrx_word' id='word_1_122' title='bbox 604 1269 659 1288; x_wconf 90' lang='lat' dir='ltr'>ur-</span> 
     </span>
     <span class='ocr_line' id='line_1_23' title="bbox 87 1304 659 1345; baseline -0.005 -9"><span class='ocrx_word' id='word_1_123' title='bbox 87 1305 177 1344; x_wconf 86' lang='lat' dir='ltr'>bem,</span> <span class='ocrx_word' id='word_1_124' title='bbox 192 1312 314 1345; x_wconf 88' lang='lat' dir='ltr'>captam</span> <span class='ocrx_word' id='word_1_125' title='bbox 329 1311 360 1334; x_wconf 88' lang='lat' dir='ltr'>et</span> <span class='ocrx_word' id='word_1_126' title='bbox 380 1304 553 1334; x_wconf 79' lang='lat' dir='ltr'>habitatam</span> <span class='ocrx_word' id='word_1_127' title='bbox 569 1314 585 1333; x_wconf 88' lang='lat' dir='ltr'>a</span> <span class='ocrx_word' id='word_1_128' title='bbox 601 1306 659 1334; x_wconf 81' lang='lat' dir='ltr'>Pe-</span> 
     </span>
    </p>
   </div>
   <div class='ocr_carea' id='block_1_6' title="bbox 42 1349 659 1394">
    <p class='ocr_par' dir='ltr' id='par_1_8' title="bbox 42 1349 659 1394">
     <span class='ocr_line' id='line_1_24' title="bbox 42 1349 659 1394; baseline -0.008 -11"><span class='ocrx_word' id='word_1_129' title='bbox 42 1384 52 1394; x_wconf 27' lang='grc' dir='ltr'><strong>Χ</strong></span> <span class='ocrx_word' id='word_1_130' title='bbox 87 1354 197 1393; x_wconf 87' lang='lat' dir='ltr'>lasgis,</span> <span class='ocrx_word' id='word_1_131' title='bbox 229 1352 287 1392; x_wconf 88' lang='lat' dir='ltr'>qui</span> <span class='ocrx_word' id='word_1_132' title='bbox 313 1351 348 1380; x_wconf 90' lang='lat' dir='ltr'>in</span> <span class='ocrx_word' id='word_1_133' title='bbox 375 1350 556 1380; x_wconf 82' lang='lat' dir='ltr'>societatem</span> <span class='ocrx_word' id='word_1_134' title='bbox 582 1349 659 1379; x_wconf 86' lang='lat' dir='ltr'>belli</span> 
     </span>
    </p>
   </div>
   <div class='ocr_carea' id='block_1_7' title="bbox 87 1396 671 2219">
    <p class='ocr_par' dir='ltr' id='par_1_9' title="bbox 87 1396 668 2125">
     <span class='ocr_line' id='line_1_25' title="bbox 89 1396 658 1437; baseline -0.009 -8"><span class='ocrx_word' id='word_1_135' title='bbox 89 1410 162 1429; x_wconf 90' lang='lat' dir='ltr'>cum</span> <span class='ocrx_word' id='word_1_136' title='bbox 178 1396 412 1437; x_wconf 86' lang='lat' dir='ltr'>Aboriginibus</span> <span class='ocrx_word' id='word_1_137' title='bbox 424 1402 592 1433; x_wconf 76' lang='lat' dir='ltr'>venerant,</span> <span class='ocrx_word' id='word_1_138' title='bbox 612 1402 658 1425; x_wconf 88' lang='lat' dir='ltr'>at-</span> 
     </span>
     <span class='ocr_line' id='line_1_26' title="bbox 88 1440 659 1486; baseline -0.009 -11"><span class='ocrx_word' id='word_1_139' title='bbox 88 1455 149 1486; x_wconf 88' lang='lat' dir='ltr'>que</span> <span class='ocrx_word' id='word_1_140' title='bbox 165 1444 328 1484; x_wconf 88' lang='lat' dir='ltr'>antiquam</span> <span class='ocrx_word' id='word_1_141' title='bbox 345 1443 479 1472; x_wconf 88' lang='lat' dir='ltr'>formam</span> <span class='ocrx_word' id='word_1_142' title='bbox 501 1452 602 1481; x_wconf 83' lang='lat' dir='ltr'>usque</span> <span class='ocrx_word' id='word_1_143' title='bbox 620 1440 659 1471; x_wconf 91' lang='lat' dir='ltr'>ad</span> 
     </span>
     <span class='ocr_line' id='line_1_27' title="bbox 87 1494 659 1532; baseline -0.009 -11"><span class='ocrx_word' id='word_1_144' title='bbox 87 1500 204 1532; x_wconf 88' lang='lat' dir='ltr'>paucos</span> <span class='ocrx_word' id='word_1_145' title='bbox 228 1496 300 1518; x_wconf 85' lang='lat' dir='ltr'>ante</span> <span class='ocrx_word' id='word_1_146' title='bbox 323 1499 390 1518; x_wconf 88' lang='lat' dir='ltr'>eam</span> <span class='ocrx_word' id='word_1_147' title='bbox 415 1494 536 1518; x_wconf 86' lang='lat' dir='ltr'>aetatem</span> <span class='ocrx_word' id='word_1_148' title='bbox 559 1497 659 1517; x_wconf 91' lang='lat' dir='ltr'>anuos</span> 
     </span>
     <span class='ocr_line' id='line_1_28' title="bbox 89 1534 657 1574; baseline -0.007 -8"><span class='ocrx_word' id='word_1_149' title='bbox 89 1546 237 1567; x_wconf 84' lang='lat' dir='ltr'>servasse.</span> <span class='ocrx_word' id='word_1_150' title='bbox 253 1545 284 1565; x_wconf 90' lang='lat' dir='ltr'>v.</span> <span class='ocrx_word' id='word_1_151' title='bbox 301 1535 437 1574; x_wconf 81' lang='lat' dir='ltr'>Dionys.</span> <span class='ocrx_word' id='word_1_152' title='bbox 451 1534 509 1563; x_wconf 88' lang='lat' dir='ltr'>lib.</span> <span class='ocrx_word' id='word_1_153' title='bbox 524 1535 556 1570; x_wconf 85' lang='grc' dir='ltr'>Ι,</span> <span class='ocrx_word' id='word_1_154' title='bbox 571 1543 598 1563; x_wconf 88' lang='lat' dir='ltr'>c.</span> <span class='ocrx_word' id='word_1_155' title='bbox 615 1543 657 1562; x_wconf 85' lang='lat'>20</span> 
     </span>
     <span class='ocr_line' id='line_1_29' title="bbox 89 1580 659 1623; baseline -0.009 -11"><span class='ocrx_word' id='word_1_156' title='bbox 89 1589 121 1612; x_wconf 89' lang='lat' dir='ltr'>et</span> <span class='ocrx_word' id='word_1_157' title='bbox 145 1582 199 1612; x_wconf 87' lang='lat'>26.</span> <span class='ocrx_word' id='word_1_158' title='bbox 220 1580 358 1623; x_wconf 82' lang='lat' dir='ltr'>Insectos</span> <span class='ocrx_word' id='word_1_159' title='bbox 379 1580 527 1620; x_wconf 82' lang='lat' dir='ltr'>linquens</span> <span class='ocrx_word' id='word_1_160' title='bbox 541 1580 659 1618; x_wconf 70' lang='lat' dir='ltr'>Hyme-</span> 
     </span>
     <span class='ocr_line' id='line_1_30' title="bbox 91 1624 657 1663; baseline -0.009 -5"><span class='ocrx_word' id='word_1_161' title='bbox 91 1638 199 1663; x_wconf 77' lang='lat' dir='ltr'>naeos5</span> <span class='ocrx_word' id='word_1_162' title='bbox 225 1627 351 1656; x_wconf 83' lang='lat' dir='ltr'>ornavit</span> <span class='ocrx_word' id='word_1_163' title='bbox 375 1626 545 1655; x_wconf 85' lang='lat' dir='ltr'>Homerica</span> <span class='ocrx_word' id='word_1_164' title='bbox 568 1624 657 1661; x_wconf 78' lang='lat'>11.7.‚</span> 
     </span>
     <span class='ocr_line' id='line_1_31' title="bbox 92 1670 660 1713; baseline -0.009 -9"><span class='ocrx_word' id='word_1_165' title='bbox 92 1679 155 1709; x_wconf 70' lang='lat'>241</span> <span class='ocrx_word' id='word_1_166' title='bbox 169 1683 236 1713; x_wconf 89' lang='lat' dir='ltr'>sqq.</span> <span class='ocrx_word' id='word_1_167' title='bbox 244 1680 356 1709; x_wconf 82' lang='lat'>——721</span> <span class='ocrx_word' id='word_1_168' title='bbox 364 1693 372 1701; x_wconf 94' lang='lat'>.</span> <span class='ocrx_word' id='word_1_169' title='bbox 382 1670 580 1705; x_wconf 64' lang='lat' dir='ltr'>BIiscentem,</span> <span class='ocrx_word' id='word_1_170' title='bbox 591 1680 660 1709; x_wconf 89' lang='lat' dir='ltr'>per-</span> 
     </span>
     <span class='ocr_line' id='line_1_32' title="bbox 92 1714 662 1752; baseline -0.011 -3"><span class='ocrx_word' id='word_1_171' title='bbox 92 1719 271 1749; x_wconf 72' lang='lat' dir='ltr'>turbantem</span> <span class='ocrx_word' id='word_1_172' title='bbox 290 1726 381 1747; x_wconf 87' lang='lat' dir='ltr'>:non</span> <span class='ocrx_word' id='word_1_173' title='bbox 406 1715 514 1752; x_wconf 79' lang='lat' dir='ltr'>aliter;</span> <span class='ocrx_word' id='word_1_174' title='bbox 543 1714 662 1744; x_wconf 66' lang='grc' dir='ltr'>κλῡέον-</span> 
     </span>
     <span class='ocr_line' id='line_1_33' title="bbox 93 1760 664 1800; baseline -0.014 -4"><span class='ocrx_word' id='word_1_175' title='bbox 93 1775 134 1796; x_wconf 83' lang='grc' dir='ltr'>τα.</span> <span class='ocrx_word' id='word_1_176' title='bbox 144 1763 304 1794; x_wconf 89' lang='lat' dir='ltr'>redditum</span> <span class='ocrx_word' id='word_1_177' title='bbox 317 1767 406 1800; x_wconf 87' lang='lat' dir='ltr'>puta.</span> <span class='ocrx_word' id='word_1_178' title='bbox 422 1760 592 1799; x_wconf 85' lang='lat' dir='ltr'>Comparat</span> <span class='ocrx_word' id='word_1_179' title='bbox 606 1762 664 1789; x_wconf 89' lang='lat' dir='ltr'>Ur-</span> 
     </span>
     <span class='ocr_line' id='line_1_34' title="bbox 91 1802 664 1843; baseline -0.017 -1"><span class='ocrx_word' id='word_1_180' title='bbox 91 1813 180 1842; x_wconf 72' lang='lat' dir='ltr'>sinus</span> <span class='ocrx_word' id='word_1_181' title='bbox 198 1807 290 1839; x_wconf 88' lang='lat' dir='ltr'>Iliad.</span> <span class='ocrx_word' id='word_1_182' title='bbox 312 1817 342 1843; x_wconf 83' lang='grc' dir='ltr'>ε,</span> <span class='ocrx_word' id='word_1_183' title='bbox 369 1805 445 1842; x_wconf 81' lang='grc'>166,</span> <span class='ocrx_word' id='word_1_184' title='bbox 462 1804 519 1834; x_wconf 86' lang='lat' dir='ltr'>uhi</span> <span class='ocrx_word' id='word_1_185' title='bbox 538 1802 664 1834; x_wconf 80' lang='grc' dir='ltr'>ἀλαπά-</span> 
     </span>
     <span class='ocr_line' id='line_1_35' title="bbox 92 1847 663 1894; baseline -0.018 -6"><span class='ocrx_word' id='word_1_186' title='bbox 92 1857 184 1894; x_wconf 78' lang='grc' dir='ltr'>ζοντα</span> <span class='ocrx_word' id='word_1_187' title='bbox 198 1852 291 1894; x_wconf 79' lang='grc' dir='ltr'><strong>ςὶχας</strong></span> <span class='ocrx_word' id='word_1_188' title='bbox 311 1847 431 1893; x_wconf 70' lang='grc' dir='ltr'>ἀνδρῶν</span> <span class='ocrx_word' id='word_1_189' title='bbox 446 1850 540 1880; x_wconf 84' lang='lat' dir='ltr'>simili</span> <span class='ocrx_word' id='word_1_190' title='bbox 559 1860 663 1879; x_wconf 85' lang='lat' dir='ltr'>sensu.</span> 
     </span>
     <span class='ocr_line' id='line_1_36' title="bbox 94 1895 664 1941; baseline -0.018 -8"><span class='ocrx_word' id='word_1_191' title='bbox 94 1921 141 1927; x_wconf 90' lang='lat'>—-</span> <span class='ocrx_word' id='word_1_192' title='bbox 158 1912 237 1941; x_wconf 84' lang='lat'>722.</span> <span class='ocrx_word' id='word_1_193' title='bbox 251 1899 393 1940; x_wconf 81' lang='lat' dir='ltr'>Quaesito</span> <span class='ocrx_word' id='word_1_194' title='bbox 407 1895 542 1927; x_wconf 86' lang='lat' dir='ltr'>artificio</span> <span class='ocrx_word' id='word_1_195' title='bbox 559 1895 664 1925; x_wconf 89' lang='lat' dir='ltr'>omnia</span> 
     </span>
     <span class='ocr_line' id='line_1_37' title="bbox 97 1949 666 1986; baseline -0.019 -6"><span class='ocrx_word' id='word_1_196' title='bbox 97 1951 181 1980; x_wconf 75' lang='lat' dir='ltr'>dicta</span> <span class='ocrx_word' id='word_1_197' title='bbox 193 1953 267 1978; x_wconf 87' lang='lat' dir='ltr'>sunt</span> <span class='ocrx_word' id='word_1_198' title='bbox 277 1968 286 1983; x_wconf 87' lang='lat'>,</span> <span class='ocrx_word' id='word_1_199' title='bbox 304 1954 364 1986; x_wconf 88' lang='lat' dir='ltr'>pro</span> <span class='ocrx_word' id='word_1_200' title='bbox 378 1954 385 1975; x_wconf 91' lang='lat'><strong>:</strong></span> <span class='ocrx_word' id='word_1_201' title='bbox 405 1949 577 1985; x_wconf 82' lang='lat' dir='ltr'>gestantem</span> <span class='ocrx_word' id='word_1_202' title='bbox 590 1951 666 1981; x_wconf 87' lang='lat' dir='ltr'>pur-</span> 
     </span>
     <span class='ocr_line' id='line_1_38' title="bbox 98 1993 667 2037; baseline -0.021 -10"><span class='ocrx_word' id='word_1_203' title='bbox 98 2004 229 2037; x_wconf 88' lang='lat' dir='ltr'>puream</span> <span class='ocrx_word' id='word_1_204' title='bbox 241 1993 367 2023; x_wconf 88' lang='lat' dir='ltr'>cristam</span> <span class='ocrx_word' id='word_1_205' title='bbox 377 1996 408 2020; x_wconf 90' lang='lat' dir='ltr'>et</span> <span class='ocrx_word' id='word_1_206' title='bbox 417 1995 535 2019; x_wconf 84' lang='lat' dir='ltr'>vestem</span> <span class='ocrx_word' id='word_1_207' title='bbox 550 1998 566 2017; x_wconf 91' lang='lat' dir='ltr'>a</span> <span class='ocrx_word' id='word_1_208' title='bbox 575 1997 667 2027; x_wconf 86' lang='lat' dir='ltr'>spon-</span> 
     </span>
     <span class='ocr_line' id='line_1_39' title="bbox 97 2035 668 2077; baseline -0.021 -4"><span class='ocrx_word' id='word_1_209' title='bbox 97 2053 130 2072; x_wconf 76' lang='lat' dir='ltr'>sa</span> <span class='ocrx_word' id='word_1_210' title='bbox 145 2047 282 2076; x_wconf 81' lang='lat' dir='ltr'>textam3</span> <span class='ocrx_word' id='word_1_211' title='bbox 299 2047 370 2077; x_wconf 89' lang='lat' dir='ltr'>sup.</span> <span class='ocrx_word' id='word_1_212' title='bbox 386 2037 450 2073; x_wconf 85' lang='lat' dir='ltr'>IX,</span> <span class='ocrx_word' id='word_1_213' title='bbox 470 2035 531 2064; x_wconf 84' lang='lat'>163</span> <span class='ocrx_word' id='word_1_214' title='bbox 547 2035 668 2073; x_wconf 82' lang='lat' dir='ltr'>Purpu-</span> 
     </span>
     <span class='ocr_line' id='line_1_40' title="bbox 99 2083 412 2125; baseline -0.022 -7"><span class='ocrx_word' id='word_1_215' title='bbox 99 2087 147 2118; x_wconf 75' lang='grc' dir='ltr'>νεὶ</span> <span class='ocrx_word' id='word_1_216' title='bbox 163 2085 263 2117; x_wconf 79' lang='lat' dir='ltr'>cristis</span> <span class='ocrx_word' id='word_1_217' title='bbox 272 2083 412 2125; x_wconf 80' lang='lat' dir='ltr'>juvenes.</span> 
     </span>
    </p>

    <p class='ocr_par' dir='ltr' id='par_1_10' title="bbox 103 2125 671 2219">
     <span class='ocr_line' id='line_1_41' title="bbox 150 2125 669 2171; baseline -0.015 -9"><span class='ocrx_word' id='word_1_218' title='bbox 150 2133 272 2171; x_wconf 80' lang='lat'><strong>723—-</strong></span> <span class='ocrx_word' id='word_1_219' title='bbox 291 2139 368 2169; x_wconf 87' lang='lat'><strong>729·</strong></span> <span class='ocrx_word' id='word_1_220' title='bbox 396 2127 528 2169; x_wconf 86' lang='lat' dir='ltr'>Egregie</span> <span class='ocrx_word' id='word_1_221' title='bbox 552 2125 669 2155; x_wconf 80' lang='lat' dir='ltr'>variata</span> 
     </span>
     <span class='ocr_line' id='line_1_42' title="bbox 103 2172 671 2219; baseline -0.016 -9"><span class='ocrx_word' id='word_1_222' title='bbox 103 2178 293 2219; x_wconf 83' lang='lat' dir='ltr'>comparatio</span> <span class='ocrx_word' id='word_1_223' title='bbox 304 2198 313 2212; x_wconf 93' lang='lat'>‚</span> <span class='ocrx_word' id='word_1_224' title='bbox 331 2176 385 2205; x_wconf 89' lang='lat' dir='ltr'>cui</span> <span class='ocrx_word' id='word_1_225' title='bbox 398 2173 530 2205; x_wconf 85' lang='lat' dir='ltr'>similem</span> <span class='ocrx_word' id='word_1_226' title='bbox 543 2172 607 2212; x_wconf 87' lang='lat' dir='ltr'>jam</span> <span class='ocrx_word' id='word_1_227' title='bbox 620 2182 671 2202; x_wconf 77' lang='lat' dir='ltr'>su-</span> 
     </span>
    </p>
   </div>
   <div class='ocr_carea' id='block_1_8' title="bbox 263 2240 327 2275">
    <p class='ocr_par' dir='ltr' id='par_1_11' title="bbox 263 2240 327 2275">
     <span class='ocr_line' id='line_1_43' title="bbox 263 2240 327 2275; baseline 0 0"><span class='ocrx_word' id='word_1_228' title='bbox 263 2240 327 2275; x_wconf 82' lang='lat' dir='ltr'>IV.</span> 
     </span>
    </p>
   </div>
   <div class='ocr_carea' id='block_1_9' title="bbox 709 937 1289 2211">
    <p class='ocr_par' dir='ltr' id='par_1_12' title="bbox 709 937 1289 2211">
     <span class='ocr_line' id='line_1_44' title="bbox 713 937 1281 978; baseline 0.009 -12"><span class='ocrx_word' id='word_1_229' title='bbox 713 947 769 978; x_wconf 88' lang='lat' dir='ltr'>pra</span> <span class='ocrx_word' id='word_1_230' title='bbox 791 938 854 974; x_wconf 80' lang='lat' dir='ltr'>IX,</span> <span class='ocrx_word' id='word_1_231' title='bbox 882 937 947 977; x_wconf 84' lang='lat'>339</span> <span class='ocrx_word' id='word_1_232' title='bbox 975 948 1045 978; x_wconf 86' lang='lat' dir='ltr'>sqq.</span> <span class='ocrx_word' id='word_1_233' title='bbox 1073 937 1226 976; x_wconf 84' lang='lat' dir='ltr'>vidimus,</span> <span class='ocrx_word' id='word_1_234' title='bbox 1250 948 1281 971; x_wconf 87' lang='lat' dir='ltr'>et</span> 
     </span>
     <span class='ocr_line' id='line_1_45' title="bbox 712 983 1283 1026; baseline 0.009 -15"><span class='ocrx_word' id='word_1_235' title='bbox 712 994 775 1023; x_wconf 91' lang='lat' dir='ltr'>qua</span> <span class='ocrx_word' id='word_1_236' title='bbox 804 993 878 1012; x_wconf 90' lang='lat' dir='ltr'>cum</span> <span class='ocrx_word' id='word_1_237' title='bbox 905 983 1115 1024; x_wconf 84' lang='lat' dir='ltr'>comparanda</span> <span class='ocrx_word' id='word_1_238' title='bbox 1139 985 1283 1026; x_wconf 86' lang='lat' dir='ltr'>inprimis</span> 
     </span>
     <span class='ocr_line' id='line_1_46' title="bbox 711 1029 1281 1071; baseline 0.007 -13"><span class='ocrx_word' id='word_1_239' title='bbox 711 1035 788 1058; x_wconf 88' lang='lat' dir='ltr'>sunt</span> <span class='ocrx_word' id='word_1_240' title='bbox 800 1029 870 1058; x_wconf 92' lang='lat' dir='ltr'>loca</span> <span class='ocrx_word' id='word_1_241' title='bbox 892 1029 981 1060; x_wconf 86' lang='lat' dir='ltr'>Iliad.</span> <span class='ocrx_word' id='word_1_242' title='bbox 999 1040 1022 1071; x_wconf 81' lang='grc' dir='ltr'><strong>μ</strong></span> <span class='ocrx_word' id='word_1_243' title='bbox 1031 1052 1040 1067; x_wconf 81' lang='lat'>‚</span> <span class='ocrx_word' id='word_1_244' title='bbox 1064 1041 1128 1071; x_wconf 79' lang='lat'>299</span> <span class='ocrx_word' id='word_1_245' title='bbox 1139 1049 1186 1053; x_wconf 89' lang='lat'>—</span> <span class='ocrx_word' id='word_1_246' title='bbox 1198 1033 1262 1062; x_wconf 79' lang='lat'>306</span> <span class='ocrx_word' id='word_1_247' title='bbox 1273 1056 1281 1069; x_wconf 92' lang='lat'>‚</span> 
     </span>
     <span class='ocr_line' id='line_1_47' title="bbox 712 1076 1279 1118; baseline 0.009 -15"><span class='ocrx_word' id='word_1_248' title='bbox 712 1081 743 1104; x_wconf 89' lang='lat' dir='ltr'>et</span> <span class='ocrx_word' id='word_1_249' title='bbox 757 1086 791 1118; x_wconf 78' lang='grc' dir='ltr'>γ,</span> <span class='ocrx_word' id='word_1_250' title='bbox 807 1076 848 1104; x_wconf 82' lang='lat'>23</span> <span class='ocrx_word' id='word_1_251' title='bbox 867 1085 934 1115; x_wconf 90' lang='lat' dir='ltr'>sqq.</span> <span class='ocrx_word' id='word_1_252' title='bbox 949 1077 1066 1105; x_wconf 85' lang='lat' dir='ltr'>Imitati</span> <span class='ocrx_word' id='word_1_253' title='bbox 1079 1084 1153 1106; x_wconf 89' lang='lat' dir='ltr'>sunt</span> <span class='ocrx_word' id='word_1_254' title='bbox 1171 1078 1279 1115; x_wconf 86' lang='lat' dir='ltr'>multi,</span> 
     </span>
     <span class='ocr_line' id='line_1_48' title="bbox 711 1121 1283 1165; baseline 0.007 -15"><span class='ocrx_word' id='word_1_255' title='bbox 711 1127 748 1150; x_wconf 87' lang='lat' dir='ltr'>ut</span> <span class='ocrx_word' id='word_1_256' title='bbox 771 1121 888 1152; x_wconf 83' lang='lat' dir='ltr'>Statius</span> <span class='ocrx_word' id='word_1_257' title='bbox 918 1123 967 1151; x_wconf 86' lang='lat' dir='ltr'>VI</span> <span class='ocrx_word' id='word_1_258' title='bbox 992 1122 1093 1153; x_wconf 82' lang='lat' dir='ltr'>Theb.</span> <span class='ocrx_word' id='word_1_259' title='bbox 1126 1123 1192 1161; x_wconf 80' lang='lat'>675</span> <span class='ocrx_word' id='word_1_260' title='bbox 1223 1135 1283 1165; x_wconf 88' lang='lat' dir='ltr'>sq.;</span> 
     </span>
     <span class='ocr_line' id='line_1_49' title="bbox 712 1166 1283 1210; baseline 0.007 -14"><span class='ocrx_word' id='word_1_261' title='bbox 712 1167 770 1197; x_wconf 89' lang='lat' dir='ltr'>alia</span> <span class='ocrx_word' id='word_1_262' title='bbox 788 1166 888 1197; x_wconf 90' lang='lat' dir='ltr'>Cerda</span> <span class='ocrx_word' id='word_1_263' title='bbox 906 1166 1004 1197; x_wconf 82' lang='lat' dir='ltr'>dabit.</span> <span class='ocrx_word' id='word_1_264' title='bbox 1021 1170 1205 1210; x_wconf 72' lang='lat' dir='ltr'>Peragratis</span> <span class='ocrx_word' id='word_1_265' title='bbox 1220 1178 1283 1200; x_wconf 87' lang='lat' dir='ltr'>sca-</span> 
     </span>
     <span class='ocr_line' id='line_1_50' title="bbox 712 1213 1282 1254; baseline 0.007 -13"><span class='ocrx_word' id='word_1_266' title='bbox 712 1213 787 1242; x_wconf 81' lang='lat' dir='ltr'>bula</span> <span class='ocrx_word' id='word_1_267' title='bbox 811 1213 978 1252; x_wconf 81' lang='lat' dir='ltr'>impastus,</span> <span class='ocrx_word' id='word_1_268' title='bbox 998 1214 1189 1244; x_wconf 89' lang='lat' dir='ltr'>circumiens</span> <span class='ocrx_word' id='word_1_269' title='bbox 1201 1217 1282 1254; x_wconf 85' lang='lat' dir='ltr'>jeju·</span> 
     </span>
     <span class='ocr_line' id='line_1_51' title="bbox 711 1258 1280 1297; baseline 0.004 -9"><span class='ocrx_word' id='word_1_270' title='bbox 711 1269 789 1296; x_wconf 87' lang='lat' dir='ltr'>nus,</span> <span class='ocrx_word' id='word_1_271' title='bbox 809 1259 865 1297; x_wconf 90' lang='lat' dir='ltr'>qui</span> <span class='ocrx_word' id='word_1_272' title='bbox 882 1258 997 1287; x_wconf 85' lang='lat' dir='ltr'>frustra</span> <span class='ocrx_word' id='word_1_273' title='bbox 1021 1259 1144 1289; x_wconf 87' lang='lat' dir='ltr'>stabula</span> <span class='ocrx_word' id='word_1_274' title='bbox 1167 1261 1280 1290; x_wconf 88' lang='lat' dir='ltr'>lustra-</span> 
     </span>
     <span class='ocr_line' id='line_1_52' title="bbox 711 1303 1281 1345; baseline 0.002 -12"><span class='ocrx_word' id='word_1_275' title='bbox 711 1305 768 1334; x_wconf 79' lang='lat' dir='ltr'>vit.</span> <span class='ocrx_word' id='word_1_276' title='bbox 787 1303 921 1332; x_wconf 84' lang='lat' dir='ltr'>Stabula</span> <span class='ocrx_word' id='word_1_277' title='bbox 937 1303 1007 1333; x_wconf 83' lang='lat' dir='ltr'>alta</span> <span class='ocrx_word' id='word_1_278' title='bbox 1019 1314 1030 1333; x_wconf 93' lang='lat'>.·</span> <span class='ocrx_word' id='word_1_279' title='bbox 1048 1304 1211 1344; x_wconf 85' lang='lat' dir='ltr'>epitheton</span> <span class='ocrx_word' id='word_1_280' title='bbox 1226 1316 1281 1345; x_wconf 81' lang='lat' dir='ltr'>pa-</span> 
     </span>
     <span class='ocr_line' id='line_1_53' title="bbox 711 1348 1282 1390; baseline 0.004 -12"><span class='ocrx_word' id='word_1_281' title='bbox 711 1351 804 1379; x_wconf 84' lang='lat' dir='ltr'>rietes</span> <span class='ocrx_word' id='word_1_282' title='bbox 818 1350 912 1378; x_wconf 90' lang='lat' dir='ltr'>nimis</span> <span class='ocrx_word' id='word_1_283' title='bbox 928 1349 1006 1378; x_wconf 86' lang='lat' dir='ltr'>altos</span> <span class='ocrx_word' id='word_1_284' title='bbox 1020 1348 1155 1379; x_wconf 79' lang='lat' dir='ltr'>declarat</span> <span class='ocrx_word' id='word_1_285' title='bbox 1165 1373 1173 1387; x_wconf 91' lang='lat'>,</span> <span class='ocrx_word' id='word_1_286' title='bbox 1187 1361 1282 1390; x_wconf 88' lang='lat' dir='ltr'>quam</span> 
     </span>
     <span class='ocr_line' id='line_1_54' title="bbox 711 1395 1283 1436; baseline 0 -11"><span class='ocrx_word' id='word_1_287' title='bbox 711 1403 749 1425; x_wconf 90' lang='lat' dir='ltr'>ut</span> <span class='ocrx_word' id='word_1_288' title='bbox 767 1395 848 1425; x_wconf 87' lang='lat' dir='ltr'>saltu</span> <span class='ocrx_word' id='word_1_289' title='bbox 860 1395 911 1424; x_wconf 92' lang='lat' dir='ltr'>leo</span> <span class='ocrx_word' id='word_1_290' title='bbox 926 1405 1074 1435; x_wconf 87' lang='lat' dir='ltr'>superare</span> <span class='ocrx_word' id='word_1_291' title='bbox 1087 1397 1196 1436; x_wconf 88' lang='lat' dir='ltr'>possit.</span> <span class='ocrx_word' id='word_1_292' title='bbox 1212 1398 1283 1425; x_wconf 82' lang='lat' dir='ltr'>Sur-</span> 
     </span>
     <span class='ocr_line' id='line_1_55' title="bbox 709 1440 1282 1483; baseline 0.003 -12"><span class='ocrx_word' id='word_1_293' title='bbox 709 1449 838 1483; x_wconf 80' lang='lat' dir='ltr'>gentem</span> <span class='ocrx_word' id='word_1_294' title='bbox 852 1440 885 1470; x_wconf 83' lang='lat' dir='ltr'>in</span> <span class='ocrx_word' id='word_1_295' title='bbox 901 1451 1022 1470; x_wconf 84' lang='lat' dir='ltr'>cornua</span> <span class='ocrx_word' id='word_1_296' title='bbox 1035 1452 1168 1472; x_wconf 78' lang='lat' dir='ltr'>cervum.</span> <span class='ocrx_word' id='word_1_297' title='bbox 1184 1443 1282 1473; x_wconf 79' lang='lat' dir='ltr'>Notio</span> 
     </span>
     <span class='ocr_line' id='line_1_56' title="bbox 712 1487 1282 1528; baseline 0.004 -12"><span class='ocrx_word' id='word_1_298' title='bbox 712 1498 770 1528; x_wconf 88' lang='lat' dir='ltr'>per</span> <span class='ocrx_word' id='word_1_299' title='bbox 793 1497 825 1517; x_wconf 91' lang='lat' dir='ltr'>se</span> <span class='ocrx_word' id='word_1_300' title='bbox 843 1487 937 1517; x_wconf 86' lang='lat' dir='ltr'>obvia</span> <span class='ocrx_word' id='word_1_301' title='bbox 954 1493 1016 1524; x_wconf 83' lang='lat' dir='ltr'>est3</span> <span class='ocrx_word' id='word_1_302' title='bbox 1039 1487 1192 1517; x_wconf 81' lang='lat' dir='ltr'>ferentem</span> <span class='ocrx_word' id='word_1_303' title='bbox 1213 1498 1282 1518; x_wconf 91' lang='lat' dir='ltr'>cor-</span> 
     </span>
     <span class='ocr_line' id='line_1_57' title="bbox 713 1532 1281 1573; baseline 0 -11"><span class='ocrx_word' id='word_1_304' title='bbox 713 1543 776 1562; x_wconf 86' lang='lat' dir='ltr'>nua</span> <span class='ocrx_word' id='word_1_305' title='bbox 799 1532 910 1569; x_wconf 89' lang='lat' dir='ltr'>ardua,</span> <span class='ocrx_word' id='word_1_306' title='bbox 933 1539 970 1562; x_wconf 90' lang='lat' dir='ltr'>ut</span> <span class='ocrx_word' id='word_1_307' title='bbox 987 1532 1051 1562; x_wconf 85' lang='lat' dir='ltr'>fere</span> <span class='ocrx_word' id='word_1_308' title='bbox 1072 1533 1129 1564; x_wconf 85' lang='lat' dir='ltr'>lib.</span> <span class='ocrx_word' id='word_1_309' title='bbox 1153 1535 1184 1570; x_wconf 92' lang='grc' dir='ltr'>Ι,</span> <span class='ocrx_word' id='word_1_310' title='bbox 1207 1535 1281 1573; x_wconf 81' lang='lat'>189,</span> 
     </span>
     <span class='ocr_line' id='line_1_58' title="bbox 718 1578 1283 1619; baseline 0 -11"><span class='ocrx_word' id='word_1_311' title='bbox 718 1589 793 1618; x_wconf 86' lang='lat'>190.</span> <span class='ocrx_word' id='word_1_312' title='bbox 809 1579 941 1608; x_wconf 90' lang='lat' dir='ltr'>Dictum</span> <span class='ocrx_word' id='word_1_313' title='bbox 958 1578 1094 1608; x_wconf 84' lang='lat' dir='ltr'>arbitror</span> <span class='ocrx_word' id='word_1_314' title='bbox 1113 1589 1173 1619; x_wconf 84' lang='lat' dir='ltr'>pro</span> <span class='ocrx_word' id='word_1_315' title='bbox 1188 1588 1195 1609; x_wconf 87' lang='lat'><strong>:</strong></span> <span class='ocrx_word' id='word_1_316' title='bbox 1214 1590 1283 1608; x_wconf 77' lang='lat' dir='ltr'>stu-</span> 
     </span>
     <span class='ocr_line' id='line_1_59' title="bbox 713 1625 1281 1665; baseline 0.002 -11"><span class='ocrx_word' id='word_1_317' title='bbox 713 1635 799 1663; x_wconf 75' lang='lat' dir='ltr'>gere,</span> <span class='ocrx_word' id='word_1_318' title='bbox 821 1625 977 1662; x_wconf 87' lang='lat' dir='ltr'>eminere,</span> <span class='ocrx_word' id='word_1_319' title='bbox 1003 1625 1121 1665; x_wconf 86' lang='lat' dir='ltr'>erigere</span> <span class='ocrx_word' id='word_1_320' title='bbox 1139 1635 1187 1662; x_wconf 89' lang='lat' dir='ltr'>se,</span> <span class='ocrx_word' id='word_1_321' title='bbox 1212 1635 1281 1655; x_wconf 88' lang='lat' dir='ltr'>cor-</span> 
     </span>
     <span class='ocr_line' id='line_1_60' title="bbox 713 1668 1285 1713; baseline 0.003 -15"><span class='ocrx_word' id='word_1_322' title='bbox 713 1669 826 1706; x_wconf 81' lang='lat' dir='ltr'>nibus3</span> <span class='ocrx_word' id='word_1_323' title='bbox 842 1669 896 1698; x_wconf 87' lang='lat' dir='ltr'>sed</span> <span class='ocrx_word' id='word_1_324' title='bbox 909 1670 982 1708; x_wconf 87' lang='lat' dir='ltr'>plus</span> <span class='ocrx_word' id='word_1_325' title='bbox 998 1668 1158 1713; x_wconf 77' lang='grc' dir='ltr'>ἐναργείας</span> <span class='ocrx_word' id='word_1_326' title='bbox 1171 1670 1265 1700; x_wconf 85' lang='lat' dir='ltr'>habet</span> <span class='ocrx_word' id='word_1_327' title='bbox 1276 1693 1285 1707; x_wconf 89' lang='lat'>,</span> 
     </span>
     <span class='ocr_line' id='line_1_61' title="bbox 716 1715 1285 1754; baseline 0 -10"><span class='ocrx_word' id='word_1_328' title='bbox 716 1716 835 1754; x_wconf 85' lang='lat' dir='ltr'>erigere</span> <span class='ocrx_word' id='word_1_329' title='bbox 859 1725 891 1744; x_wconf 87' lang='lat' dir='ltr'>se</span> <span class='ocrx_word' id='word_1_330' title='bbox 913 1715 948 1743; x_wconf 89' lang='lat' dir='ltr'>in</span> <span class='ocrx_word' id='word_1_331' title='bbox 965 1725 1107 1745; x_wconf 86' lang='lat' dir='ltr'>cornua:</span> <span class='ocrx_word' id='word_1_332' title='bbox 1130 1723 1167 1744; x_wconf 91' lang='lat' dir='ltr'>ut</span> <span class='ocrx_word' id='word_1_333' title='bbox 1191 1715 1285 1745; x_wconf 87' lang='lat' dir='ltr'>arbor</span> 
     </span>
     <span class='ocr_line' id='line_1_62' title="bbox 716 1760 1286 1799; baseline 0.004 -11"><span class='ocrx_word' id='word_1_334' title='bbox 716 1761 816 1799; x_wconf 83' lang='lat' dir='ltr'>surgit</span> <span class='ocrx_word' id='word_1_335' title='bbox 833 1760 867 1788; x_wconf 93' lang='lat' dir='ltr'>in</span> <span class='ocrx_word' id='word_1_336' title='bbox 886 1769 1004 1795; x_wconf 84' lang='lat' dir='ltr'>ramos,</span> <span class='ocrx_word' id='word_1_337' title='bbox 1028 1770 1121 1789; x_wconf 85' lang='lat' dir='ltr'>mons</span> <span class='ocrx_word' id='word_1_338' title='bbox 1142 1761 1176 1789; x_wconf 90' lang='lat' dir='ltr'>in</span> <span class='ocrx_word' id='word_1_339' title='bbox 1195 1771 1286 1790; x_wconf 83' lang='lat' dir='ltr'>cacu-</span> 
     </span>
     <span class='ocr_line' id='line_1_63' title="bbox 716 1804 1284 1843; baseline 0.002 -10"><span class='ocrx_word' id='word_1_340' title='bbox 716 1815 800 1834; x_wconf 85' lang='lat' dir='ltr'>men.</span> <span class='ocrx_word' id='word_1_341' title='bbox 822 1804 1012 1843; x_wconf 83' lang='lat' dir='ltr'>Comparare</span> <span class='ocrx_word' id='word_1_342' title='bbox 1029 1804 1104 1833; x_wconf 84' lang='lat' dir='ltr'>ticet</span> <span class='ocrx_word' id='word_1_343' title='bbox 1127 1805 1258 1834; x_wconf 84' lang='lat' dir='ltr'>alterum</span> <span class='ocrx_word' id='word_1_344' title='bbox 1277 1816 1284 1834; x_wconf 92' lang='lat'><strong>:</strong></span> 
     </span>
     <span class='ocr_line' id='line_1_64' title="bbox 718 1848 1282 1886; baseline 0.005 -9"><span class='ocrx_word' id='word_1_345' title='bbox 718 1849 815 1878; x_wconf 80' lang='lat' dir='ltr'>irasci</span> <span class='ocrx_word' id='word_1_346' title='bbox 836 1848 868 1877; x_wconf 83' lang='grc' dir='ltr'><em>ιή</em></span> <span class='ocrx_word' id='word_1_347' title='bbox 899 1858 1016 1877; x_wconf 79' lang='lat' dir='ltr'>cornua</span> <span class='ocrx_word' id='word_1_348' title='bbox 1045 1849 1102 1879; x_wconf 89' lang='lat' dir='ltr'>Ge.</span> <span class='ocrx_word' id='word_1_349' title='bbox 1127 1850 1190 1886; x_wconf 94' lang='grc' dir='ltr'><strong>ΙΙΙ,</strong></span> <span class='ocrx_word' id='word_1_350' title='bbox 1219 1853 1282 1881; x_wconf 79' lang='lat'>232</span> 
     </span>
     <span class='ocr_line' id='line_1_65' title="bbox 718 1894 1289 1933; baseline 0.002 -9"><span class='ocrx_word' id='word_1_351' title='bbox 718 1902 749 1924; x_wconf 89' lang='lat' dir='ltr'>et</span> <span class='ocrx_word' id='word_1_352' title='bbox 762 1894 819 1923; x_wconf 86' lang='lat' dir='ltr'>inf.</span> <span class='ocrx_word' id='word_1_353' title='bbox 838 1895 920 1931; x_wconf 84' lang='lat' dir='ltr'>xn,</span> <span class='ocrx_word' id='word_1_354' title='bbox 942 1899 1014 1929; x_wconf 75' lang='lat'>104.</span> <span class='ocrx_word' id='word_1_355' title='bbox 1025 1912 1071 1916; x_wconf 90' lang='lat'><strong>—</strong></span> <span class='ocrx_word' id='word_1_356' title='bbox 1084 1895 1160 1933; x_wconf 79' lang='lat'>726.</span> <span class='ocrx_word' id='word_1_357' title='bbox 1177 1897 1289 1925; x_wconf 74' lang='lat' dir='ltr'>Ila’ret</span> 
     </span>
     <span class='ocr_line' id='line_1_66' title="bbox 718 1939 1284 1982; baseline 0.004 -12"><span class='ocrx_word' id='word_1_358' title='bbox 718 1939 903 1970; x_wconf 81' lang='lat' dir='ltr'>incumbens</span> <span class='ocrx_word' id='word_1_359' title='bbox 913 1963 921 1975; x_wconf 89' lang='lat'><em>‚</em></span> <span class='ocrx_word' id='word_1_360' title='bbox 940 1939 1045 1982; x_wconf 79' lang='grc' dir='ltr'>ἐμφύς.</span> <span class='ocrx_word' id='word_1_361' title='bbox 1057 1957 1102 1963; x_wconf 88' lang='lat'>—-</span> <span class='ocrx_word' id='word_1_362' title='bbox 1114 1951 1191 1979; x_wconf 80' lang='lat'>727,</span> <span class='ocrx_word' id='word_1_363' title='bbox 1209 1953 1223 1979; x_wconf 79' lang='lat'><strong>7</strong></span> <span class='ocrx_word' id='word_1_364' title='bbox 1232 1944 1284 1972; x_wconf 80' lang='lat'>23.</span> 
     </span>
     <span class='ocr_line' id='line_1_67' title="bbox 720 1985 1286 2028; baseline 0.002 -12"><span class='ocrx_word' id='word_1_365' title='bbox 720 1986 814 2016; x_wconf 76' lang='lat' dir='ltr'>Lavit</span> <span class='ocrx_word' id='word_1_366' title='bbox 823 1985 986 2025; x_wconf 84' lang='lat' dir='ltr'>improba;</span> <span class='ocrx_word' id='word_1_367' title='bbox 1001 1985 1062 2016; x_wconf 92' lang='lat' dir='ltr'>hoc</span> <span class='ocrx_word' id='word_1_368' title='bbox 1077 1986 1171 2016; x_wconf 81' lang='lat' dir='ltr'>latius</span> <span class='ocrx_word' id='word_1_369' title='bbox 1184 1998 1286 2028; x_wconf 80' lang='lat' dir='ltr'>persc-</span> 
     </span>
     <span class='ocr_line' id='line_1_68' title="bbox 720 2032 1288 2073; baseline 0.004 -12"><span class='ocrx_word' id='word_1_370' title='bbox 720 2038 840 2073; x_wconf 87' lang='lat' dir='ltr'>quutus</span> <span class='ocrx_word' id='word_1_371' title='bbox 871 2038 917 2061; x_wconf 86' lang='lat' dir='ltr'>est</span> <span class='ocrx_word' id='word_1_372' title='bbox 942 2032 1002 2062; x_wconf 87' lang='lat' dir='ltr'>alio</span> <span class='ocrx_word' id='word_1_373' title='bbox 1027 2032 1099 2062; x_wconf 89' lang='lat' dir='ltr'>loco</span> <span class='ocrx_word' id='word_1_374' title='bbox 1129 2034 1288 2064; x_wconf 83' lang='lat' dir='ltr'>Homerus</span> 
     </span>
     <span class='ocr_line' id='line_1_69' title="bbox 721 2077 1285 2120; baseline -0.002 -11"><span class='ocrx_word' id='word_1_375' title='bbox 721 2077 834 2118; x_wconf 62' lang='lat' dir='ltr'>OdysS.</span> <span class='ocrx_word' id='word_1_376' title='bbox 853 2089 891 2117; x_wconf 82' lang='grc' dir='ltr'>χ,</span> <span class='ocrx_word' id='word_1_377' title='bbox 908 2079 1099 2115; x_wconf 71' lang='lat'>402—405.</span> <span class='ocrx_word' id='word_1_378' title='bbox 1120 2079 1265 2120; x_wconf 82' lang='lat' dir='ltr'>Improba</span> <span class='ocrx_word' id='word_1_379' title='bbox 1276 2103 1285 2115; x_wconf 88' lang='lat'><em>‚</em></span> 
     </span>
     <span class='ocr_line' id='line_1_70' title="bbox 720 2123 1287 2156; baseline 0.005 -3"><span class='ocrx_word' id='word_1_380' title='bbox 720 2123 898 2154; x_wconf 71' lang='lat' dir='ltr'>immodicae</span> <span class='ocrx_word' id='word_1_381' title='bbox 920 2125 1108 2155; x_wconf 75' lang='lat' dir='ltr'>voracitatis.</span> <span class='ocrx_word' id='word_1_382' title='bbox 1126 2136 1155 2155; x_wconf 85' lang='lat' dir='ltr'>v.</span> <span class='ocrx_word' id='word_1_383' title='bbox 1176 2125 1212 2155; x_wconf 91' lang='lat' dir='ltr'>ad</span> <span class='ocrx_word' id='word_1_384' title='bbox 1229 2126 1287 2156; x_wconf 87' lang='lat' dir='ltr'>Ge.</span> 
     </span>
     <span class='ocr_line' id='line_1_71' title="bbox 723 2173 846 2211; baseline -0.008 -10"><span class='ocrx_word' id='word_1_385' title='bbox 723 2173 753 2209; x_wconf 90' lang='lat'>1,</span> <span class='ocrx_word' id='word_1_386' title='bbox 774 2181 786 2200; x_wconf 87' lang='lat'>1</span> <span class='ocrx_word' id='word_1_387' title='bbox 797 2180 846 2211; x_wconf 87' lang='lat'>19.</span> 
     </span>
    </p>
   </div>
   <div class='ocr_carea' id='block_1_10' title="bbox 1089 2246 1132 2270">
    <p class='ocr_par' dir='ltr' id='par_1_13' title="bbox 1089 2246 1132 2270">
     <span class='ocr_line' id='line_1_72' title="bbox 1089 2246 1132 2270; baseline -0.023 0"><span class='ocrx_word' id='word_1_388' title='bbox 1089 2246 1132 2270; x_wconf 83' lang='lat'>12</span> 
     </span>
    </p>
   </div>
  </div>
 </body>
</html>
