1414 2435
592 87 716 117 LIBER
738 87 800 116 xl.

95 145 183 182 Tela
203 158 317 182 manu
337 144 494 195 trepidae
509 145 678 195 jaciunt3
699 158 741 181 ac
763 144 904 181 robore
925 144 1025 181 duro

97 204 298 254 stipitibus
318 205 462 241 ferrum
480 204 716 255 sudibusque
736 205 933 241 imitantur
952 202 1099 240 obustis

97 265 332 316 Praecipites,
351 265 560 316 primaeque
580 266 680 303 mori
699 277 771 315 pro
790 263 978 301 moenibus
1000 264 1147 300 ardent.

1250 271 1299 303 892

149 329 299 362 Interea
317 328 489 362 Turnum
508 326 547 362 in
569 326 673 362 silvis
692 324 920 362 saevissimus
939 323 1058 373 inplet

96 386 280 432 Nuntius,
301 394 338 422 et
351 385 486 435 juveni
505 386 696 435 ingentem
716 385 790 421 fert
807 388 908 420 Acca
927 383 1131 420 tumultum
1151 397 1159 418 :

96 447 248 483 Deletas
267 447 493 482 Volscorum
511 446 629 491 acies,
649 444 830 481 cecidisse
849 444 1063 490 Camillam,

98 508 283 555 Ingruere
302 505 467 543 infensos
485 505 624 552 hostis,
645 514 683 542 et
701 507 826 541 Marte
846 503 1013 541 secundo

103 568 243 604 Omnia
263 566 519 616 conripuisse3
541 575 684 603 metum
698 565 775 615 jam
797 565 844 601 ad
862 565 1001 601 moenia
1018 563 1120 600 ferri.
1243 580 1298 604 90·-

100 628 167 664 Ille
187 628 335 673 furens,
355 635 392 663 et
411 640 511 663 saeva
528 627 633 664 Jovis
653 626 706 663 sic
723 626 879 663 numina
897 633 1079 676 poscunt,

101 689 251 724 Deserit
269 686 442 724 obsessos
462 686 586 732 collis,
607 699 764 723 nemora
783 698 918 735 aspera
935 684 1084 734 linquit,

101 828 159 856 tria
179 837 187 857 :
212 837 278 867 quo
306 827 452 867 exemplo
474 825 676 856 inflammatae

102 874 179 914 ipsae
191 883 278 903 arma
291 874 432 913 capiunt.
449 874 496 902 Ita
506 872 610 902 virtus
625 873 677 903 ali-

101 930 197 960 quem
211 926 378 955 monstrat,
392 921 548 961 insignem
562 919 676 956 reddit,

103 973 138 996 ut
153 967 369 1008 conspiciatur
387 967 471 996 inter
487 973 608 996 ceteros
618 990 627 1004 ,
645 973 676 997 et

105 1020 265 1044 noscatur.
283 1016 332 1043 Ita
348 1013 461 1043 melius
482 1020 608 1054 poetam
622 1013 676 1043 de-

104 1059 214 1089 clarari
230 1066 310 1100 puto
321 1082 330 1097 ‚
347 1070 443 1100 quam
467 1061 535 1090 aliis
556 1060 674 1096 modis,

105 1116 184 1146 quos
203 1113 295 1136 antea
319 1113 523 1136 tentaveram.
533 1124 581 1129 -—
593 1107 657 1147 893
668 1129 676 1144 ,

108 1153 184 1192 894.
201 1154 221 1183 J
225 1162 307 1193 unge
320 1151 440 1192 stipites
453 1152 563 1182 robore
576 1152 654 1182 duro
664 1164 677 1189 ;

106 1199 226 1238 quibus
261 1205 293 1227 et
331 1198 465 1228 sudibus
498 1209 558 1240 pro
593 1200 678 1229 ferro

106 1252 254 1274 utuntur.
265 1262 310 1266 —-
320 1245 397 1284 895.
423 1245 607 1286 Praecipites
617 1268 626 1283 ‚
642 1253 680 1276 ut

104 1291 256 1332 crepiclae,
282 1291 516 1321 festinationem
549 1302 584 1322 ac
614 1298 680 1322 stu-

105 1337 194 1368 dium
219 1337 376 1375 declarat3
393 1349 459 1368 non
476 1338 565 1368 aliter
579 1338 678 1368 inter-

105 1392 247 1426 pretatus
274 1391 321 1414 est
349 1387 478 1415 Ruaeus.
492 1402 539 1408 -—-
555 1384 681 1415 Ardent

105 1433 225 1472 recepit
246 1432 355 1461 Heius.
367 1453 376 1468 ‚
387 1430 455 1472 'pro
472 1432 600 1473 vulgato
621 1442 679 1460 au-

105 1478 192 1508 dent.
218 1477 323 1507 Habet
347 1484 378 1507 et
402 1478 464 1508 hoc
489 1488 579 1508 suam
601 1479 678 1508 vim.

105 1523 166 1556 Sed
181 1524 301 1554 ardent
323 1523 363 1553 de
386 1535 420 1554 re
442 1524 557 1554 bellica
578 1525 681 1565 poetis

106 1581 237 1612 quoque
253 1571 326 1600 satis
343 1569 590 1611 frequentatum.
613 1572 681 1600 Du-

105 1617 198 1657 plicis
222 1617 369 1647 lectionis
399 1617 531 1647 diversae
555 1617 676 1647 duces:

107 1663 223 1692 ardent
241 1665 335 1694 Rom.
363 1670 394 1693 et
418 1663 530 1705 fragm.
554 1665 677 1701 Varie„

108 1715 176 1738 tum
186 1708 271 1746 Gud.
281 1710 408 1750 Menag.
419 1720 467 1749 pr.
479 1717 510 1740 et
518 1710 678 1740 Monta-lb.

109 1761 139 1784 et
152 1755 219 1795 ipse
227 1749 351 1784 Medic.
363 1765 379 1784 a
393 1765 435 1784 ιτ.
446 1765 511 1795 pr.,
526 1755 582 1785 sed
596 1755 681 1785 idem

108 1811 125 1830 a
139 1811 181 1831 m.
198 1811 260 1831 sec.
271 1823 279 1837 ,
291 1799 434 1841 adeoque
451 1811 491 1830 ex
502 1802 681 1841 Aproniani

107 1847 329 1878 emendatione
343 1857 351 1877 z
369 1847 506 1883 audent,
520 1846 608 1886 quod
618 1847 681 1887 ple-

107 1894 199 1935 rique
226 1901 424 1935 sequuntur,
453 1904 494 1924 ex
524 1892 680 1923 Gothanis

109 1941 241 1981 quidem
254 1951 303 1982 pr.
321 1947 352 1970 et
365 1947 435 1971 tert.

156 1987 233 2027 896.
245 1986 386 2017 Nuntius
399 1997 458 2028 pro
474 1997 507 2016 re
523 1987 680 2017 nuntiata.

110 2033 181 2063 Hoc
206 2033 297 2064 facile
320 2035 456 2074 quisque
478 2033 594 2064 videat.
613 2033 681 2063 Ma-

109 2078 166 2108 lim
185 2080 266 2110 illud
288 2079 491 2110 observatum
508 2090 516 2111 :
544 2079 682 2110 Nuntius

112 2123 223 2165 implet
254 2128 412 2162 Turnum,
447 2133 484 2156 ut
517 2126 678 2161 absolute,

112 2169 242 2211 implere
253 2171 392 2212 aliquem
402 2195 411 2208 ,
424 2172 548 2202 dictum
557 2174 606 2203 sit.
619 2172 679 2202 Sed

110 2226 159 2246 tes
183 2218 227 2248 sic
247 2217 469 2259 expedienda:
496 2230 590 2250 usum
615 2229 680 2249 esse

729 831 856 866 poetam
881 835 969 854 more
996 834 1075 860 suo,
1098 829 1128 853 et
1148 822 1199 860 id,
1218 822 1306 863 quod

730 870 945 910 adjiciendum
971 878 1055 908 erat,
1088 870 1199 910 implet
1229 871 1306 899 Tur-

731 929 807 949 num
831 917 960 959 ingenti
983 917 1134 952 cumana,
1161 918 1195 946 in
1215 916 1305 946 binas

730 966 964 996 enuntiationes
975 964 1154 994 resolvisse:
1166 963 1306 993 Nuntius

731 1012 844 1052 implet
864 1013 892 1041 T
891 1021 1003 1040 arnum
1017 1033 1025 1048 ‚
1039 1018 1070 1040 et
1082 1011 1171 1039 Acca
1176 1008 1248 1051 fert
1257 1009 1306 1050 ju-

731 1058 803 1088 veni
829 1057 993 1099 ingentem
1023 1057 1188 1086 cunmleum
1199 1079 1208 1092 ,
1236 1066 1307 1097 per-

731 1105 965 1140 turbationem3
987 1114 1055 1133 rem
1068 1104 1214 1140 nuntiat,
1235 1113 1306 1143 quae

732 1151 840 1182 turbet
866 1151 933 1189 ejus
959 1151 1113 1180 animum.
1140 1151 1246 1179 Marte
1262 1160 1307 1178 se-

732 1198 835 1228 cundo
851 1197 961 1227 omnia
975 1196 1176 1236 corripuisse,
1194 1203 1226 1226 et
1244 1197 1307 1225 vic-

733 1252 817 1275 tores
830 1255 937 1285 pugna
954 1243 1032 1274 facta
1047 1243 1154 1273 omnia
1166 1243 1235 1272 loca
1251 1253 1305 1272 oc·

735 1301 876 1332 cupasse.

781 1347 861 1377 901.
881 1338 925 1366 Ec
944 1347 1027 1366 sceva
1050 1335 1144 1366 codd.
1166 1336 1260 1366 Pierii
1276 1342 1307 1365 et

732 1385 856 1414 lIeinsii
870 1393 877 1413 :
890 1384 998 1423 sicque
1013 1382 1135 1412 editum
1152 1392 1168 1411 a
1181 1384 1306 1422 Nauge-

733 1431 800 1467 ri0‚
816 1437 848 1459 et
871 1436 1055 1460 revocatum
1082 1429 1122 1458 ab
1150 1430 1282 1458 Heinsio
1299 1438 1306 1458 :

734 1483 810 1506 vett.
831 1476 902 1507 edd.
921 1476 984 1506 fere
998 1485 1007 1506 :
1020 1474 1090 1515 jam
1112 1486 1137 1506 s.
1161 1477 1207 1505 Ita
1230 1485 1307 1505 vero

733 1523 886 1564 distingui
912 1521 1049 1552 debebat
1072 1531 1080 1552 :
1115 1521 1178 1551 Ille
1192 1521 1308 1562 fitrens

732 1570 800 1610 jam
810 1592 819 1605 ,
834 1580 917 1599 saeva
930 1571 960 1599 J.
973 1591 982 1603 ,
995 1567 1093 1608 idque
1106 1579 1173 1598 non
1189 1569 1307 1608 impro-

731 1616 815 1647 bem.
832 1615 890 1646 Ed.
908 1615 1041 1646 Medjol.
1059 1621 1090 1644 et
1113 1615 1181 1644 aliae
1199 1614 1305 1655 vnlgg.

733 1674 807 1693 cum
823 1662 923 1693 Goth.
939 1673 988 1703 pr.
1004 1668 1034 1690 et
1050 1672 1126 1691 cum
1139 1660 1233 1692 codd.
1248 1662 1307 1691 Ur-

733 1711 793 1740 sin.
812 1720 888 1739 nam
908 1719 932 1738 s.
953 1708 1091 1738 Dorvill.
1108 1718 1124 1737 a
1148 1718 1190 1737 m.
1209 1718 1258 1748 pr.
1281 1706 1310 1735 si

734 1766 818 1785 saeva
830 1754 927 1785 lovis.
944 1753 1088 1784 Nomina
1113 1753 1233 1783 Medic.
1255 1752 1307 1781 Sic

734 1812 766 1831 η.
788 1801 919 1841 pellunt
946 1802 1040 1830 Rom.
1055 1816 1102 1822 ——
1115 1799 1308 1839 comparant

734 1847 815 1877 illud
830 1847 895 1881 Διὸς
906 1843 936 1875 δ’
948 1843 1095 1875 ἐτελείετο
1106 1843 1201 1883 βῡυλὴ
1216 1844 1305 1875 Iliad.

735 1903 756 1923 α.
768 1915 777 1928 ,
795 1894 824 1923 5.
843 1893 982 1922 Pertinet
996 1898 1101 1921 autem
1113 1891 1176 1921 hoc
1187 1913 1195 1928 ,
1210 1897 1247 1921 ut
1260 1897 1307 1921 to-

734 1941 793 1969 ties
809 1937 947 1968 vidimus
958 1961 966 1975 ‚
984 1937 1026 1968 ad
1039 1939 1159 1978 epicam
1175 1947 1305 1968 oecono-

735 1986 829 2016 miam
841 2007 850 2022 ,
864 1995 904 2015 ne
920 1995 995 2014 casu
1007 1985 1126 2014 factum
1140 1983 1285 2014 videatur
1295 2007 1304 2020 ‚

735 2031 789 2062 sed
799 2033 890 2063 Jovis
899 2031 1074 2061 voluntate.
1085 2032 1176 2061 Soeva
1185 2053 1194 2067 ‚
1207 2037 1245 2060 ut
1254 2030 1308 2060 ali-

735 2078 767 2108 bi
779 2078 864 2120 apud
876 2085 1013 2119 poetam,
1023 2078 1147 2115 infesta,
1158 2076 1303 2107 adversa:

735 2132 766 2155 at
784 2136 862 2155 mox
878 2135 993 2154 saevum
1009 2125 1152 2154 AEneam
1167 2124 1280 2154 fortem
1295 2145 1303 2159 ‚

733 2178 770 2201 ut
787 2174 856 2202 AEu.
872 2171 931 2201 lib.
951 2173 966 2201 I
978 2194 986 2208 ‚
1004 2171 1047 2211 96
1067 2177 1098 2201 et
1113 2171 1301 2210 al.——9o·2.

734 2219 890 2249 Locorum
900 2219 1097 2249 notationem
1108 2228 1137 2248 v.
1145 2227 1215 2258 sup.
1228 2217 1304 2251 522,
