1414 2435
551 56 698 86 CULEX.
1159 54 1174 81 3
1182 54 1197 81 :3
1209 53 1219 80 ἰ

26 111 132 148 Alter
152 112 189 147 in
208 112 359 149 alterius
381 125 389 147 :
403 113 557 162 jamque
575 121 768 149 aversatus
789 120 968 162 uterque,
1172 119 1219 141 25⁵

28 171 137 220 Inpia
157 171 323 220 germani
338 179 464 208 manat
482 171 585 220 quod
604 172 784 220 sanguine
805 171 950 208 dextra.

29 230 153 267 Eheu!
173 231 374 269 mutandus
392 245 587 281 nunquam
605 231 724 268 labor.
743 231 907 268 Auferor
926 232 1024 269 ultra

29 294 73 327 In
90 291 238 328 diversa
255 292 373 342 magis
392 306 399 327 :
422 292 599 329 distantia
617 291 747 328 limina
765 304 879 327 cerno
898 307 905 327 ε

29 349 190 398 Elysiam
210 351 416 388 tranandus
436 365 528 401 agor
546 351 691 388 delatus
710 350 758 387 ad
778 351 930 388 undam.

28 407 153 445 Obvia
169 410 408 459 Persephone
428 411 584 447 comites
604 410 790 447 Heroidas
812 419 921 459 urget
1175 417 1222 440 2110

29 469 215 506 Adversas
235 471 406 519 perferre
427 471 551 507 faces:
569 470 728 506 Alcestis
747 469 795 506 ab
817 470 920 506 omni

30 528 214 564 Inviolata
232 538 342 566 vacat
361 543 472 576 cura,
493 529 598 579 quod
617 542 716 566 saeva
732 529 859 565 mariti

31 589 116 636 Ipsa
132 587 208 624 suis
229 588 314 625 fatis
332 589 485 626 Admeti
506 589 581 626 fata
599 598 745 626 morata
766 598 832 625 est.

31 650 145 692 Ecce,
164 648 286 685 Ithaci
305 651 463 699 conjux,
485 663 633 699 semper
654 649 787 694 decus,
807 648 980 685 Icariotis

33 707 251 744 Femineum
269 708 492 758 incorrupta
511 709 644 755 decus3
666 717 791 745 manet
810 716 848 744 et
865 707 999 757 procul
1016 707 1077 744 illa
1177 716 1224 739 265

33 765 164 802 Turba
185 767 292 803 ferox
306 768 490 817 juvenum
512 768 592 804 telis
613 767 761 803 confixa
778 778 994 815 procorum.

35 824 138 870 Quin
155 825 291 862 misera
309 825 498 875 Eurydice
514 834 618 863 tanto
638 837 800 861 moerore
818 825 988 870 recessit,

34 888 221 935 Poenaque
238 895 431 935 respectus
451 895 489 923 et
506 900 606 924 nunc
625 895 768 932 manet,
789 886 982 935 Orpheus,
1002 888 1040 922 in
1063 897 1109 923 te.

32 946 169 983 Audax
186 946 247 983 ille
267 947 441 996 quidem,
461 947 527 996 qui
545 947 675 984 mitem
693 946 886 984 Cerberon
905 959 1071 996 unquam

34 1005 220 1051 Credidit,
242 1014 306 1042 aut
325 1007 392 1043 ulli
411 1006 509 1042 Ditis
527 1006 712 1055 placabile
730 1018 870 1042 numen
877 1021 887 1052 3
1180 1023 1226 1046 270

33 1065 113 1101 Nec
131 1065 256 1101 timuit
273 1065 546 1114 Phlegethonta
566 1066 753 1102 furentem
769 1064 990 1102 ardentibus
1009 1065 1133 1110 undis,

34 1126 114 1160 Nec
130 1132 261 1160 moesta
281 1123 440 1161 obtentu
457 1124 540 1160 diro
559 1132 596 1160 et
615 1124 807 1174 ferrugine
827 1137 961 1174 regna,

35 1184 287 1233 Defossasque
308 1183 458 1230 domos,
483 1197 527 1220 ac
545 1186 704 1220 Tartara
721 1191 832 1220 nocte
852 1193 1007 1221 cruenta

38 1243 190 1289 Obsita,
213 1256 281 1280 nec
301 1243 427 1280 faciles
446 1243 544 1280 Ditis
561 1243 640 1280 sine
656 1243 784 1294 judice
803 1243 926 1289 sedes,

36 1306 56 1339 J
61 1302 187 1349 udice,
208 1303 274 1353 qui
290 1303 378 1340 vitae
398 1311 482 1352 post
502 1312 662 1339 mortem
680 1302 846 1339 vindicat
863 1311 955 1338 acta.
1183 1312 1230 1342 275

38 1362 113 1399 Sed
131 1363 282 1399 fortuna
300 1363 427 1399 valeus
446 1361 627 1400 audacem
645 1362 784 1399 fecerat
802 1361 967 1410 Orphea.

38 1515 196 1546 Eteoclem
212 1522 244 1545 et
258 1516 444 1556 Polynicem
459 1515 519 1546 sibi
532 1527 604 1557 μη]-

37 1569 90 1591 tua
105 1561 236 1592 vulnera
255 1562 435 1592 inferentes.
458 1579 504 1584 —
527 1563 604 1592 255.

37 1610 208 1638 Aversatus
237 1608 303 1637 haec
340 1609 472 1638 ulterius
502 1608 606 1649 pergit

39 1653 144 1683 Culex
154 1655 188 1682 in
202 1653 339 1683 diversas
353 1661 466 1694 partes.

94 1699 172 1737 257.
197 1698 312 1728 Eheu!
337 1700 504 1729 mutandus
527 1711 607 1729 nun-

40 1755 137 1785 quam
157 1744 262 1780 labor,
283 1744 322 1774 de
336 1756 430 1785 poena
445 1756 608 1785 nunquam

42 1790 138 1821 linem
152 1790 299 1820 habente.

88 1838 151 1874 257
164 1854 209 1861 ——
221 1843 298 1875 294.
315 1837 410 1867 Nunc
428 1836 548 1867 Umbra
571 1836 609 1866 ad

40 1883 164 1924 Elysios
187 1893 314 1923 campos
332 1882 463 1912 tendens
485 1893 610 1922 campos

42 1931 231 1969 Lugentium
246 1929 416 1969 prospicit3
429 1930 455 1958 si
471 1936 554 1958 recte
567 1939 610 1958 sa-

42 1974 183 2006 lebrosos
201 1986 310 2005 versus
328 1976 519 2015 interpretor
544 1985 551 2005 :
576 1981 611 2004 ut

44 2027 211 2062 antequam
233 2022 273 2051 ad
294 2021 437 2062 Elysium
451 2021 611 2062 pervenis-

45 2073 106 2101 set,
138 2068 240 2098 videat
276 2068 378 2098 Culex
408 2067 559 2097 Heroidas
594 2078 610 2096 a

46 2114 230 2153 Proserpina
246 2121 366 2143 coactas
386 2114 465 2143 ferre
487 2114 612 2153 nuptias

48 2158 194 2188 infaustas
221 2169 228 2188 :
251 2171 290 2189 ex
310 2159 358 2190 his
384 2166 535 2190 memorat
555 2159 610 2189 Al-

659 1516 757 1545 cestin
773 1524 833 1555 pro
848 1514 961 1543 marito
983 1512 1120 1543 Admeto
1143 1523 1227 1542 mor-

661 1569 723 1591 tem
751 1566 970 1601 oppetcutem‚
1001 1559 1180 1599 Penelopen
1211 1569 1227 1587 a

659 1608 764 1648 procis
787 1606 961 1636 infestatam
972 1627 980 1641 ‚
1000 1611 1030 1634 et
1046 1604 1228 1645 Eurydicen

661 1653 699 1683 ab
719 1652 865 1693 Orpheo,
881 1652 944 1689 jam
964 1652 996 1680 in
1016 1651 1113 1679 vitam
1129 1661 1228 1690 quum

660 1706 805 1730 revocata
823 1704 918 1734 esset,
932 1698 1047 1726 iterum
1064 1697 1096 1725 in
1110 1698 1228 1726 Orcum

661 1752 836 1775 retractam.

711 1791 788 1828 276.
810 1791 950 1819 Fortuna
970 1787 1125 1816 audacem
1135 1783 1226 1827 sece-

664 1844 713 1865 ναι
739 1835 883 1875 Orphea,
907 1833 973 1863 scil.
997 1832 1083 1872 quod
1111 1839 1228 1861 tantam

663 1888 773 1911 cautus
787 1881 835 1910 sui
849 1882 912 1909 vim
930 1881 962 1909 in
979 1878 1045 1908 aliis
1063 1877 1155 1913 rebus
1169 1879 1229 1908 alio

665 1935 804 1967 tempore
815 1928 879 1965 jam
891 1935 972 1966 saepe
985 1931 1072 1954 antea
1082 1931 1232 1964 expertus

665 1973 781 2010 fuerat,
798 1983 869 2013 quae
887 1982 964 2001 mox
981 1977 1205 2000 enumerantur
1222 1980 1229 2001 :

664 2019 726 2050 hoc
742 2026 890 2059 tanquam
904 2026 1048 2047 successu
1063 2016 1162 2045 elatus
1178 2016 1230 2046 ille

665 2065 800 2095 audebat
815 2074 900 2094 nunc
925 2063 1009 2093 adire
1030 2062 1098 2091 loca
1120 2062 1228 2093 infera.

666 2114 807 2140 Fortuna
834 2110 949 2139 valens
962 2121 971 2138 :
990 2108 1092 2149 simpl.
1113 2118 1229 2138 ornans

666 2158 842 2198 epitheton:
867 2156 1052 2196 plerumque
1074 2155 1145 2185 alias
1158 2154 1228 2195 for-
