1414 2435
132 83 197 115 242

634 75 830 104 AENEIDOS

130 139 227 172 Tum
244 132 370 171 studio
390 131 520 169 effusae
539 139 696 177 matre5‚
719 138 756 166 et
775 130 908 179 volgus
927 129 1134 176 inermum,

130 193 368 242 Invalidique
383 204 490 229 senes
511 190 628 228 turris
648 198 686 226 et
706 198 805 227 tecta
821 188 1024 226 domorum

130 253 346 300 Obsedere;
367 252 431 289 alii
446 251 568 302 portis
588 248 815 287 sublimibus
833 248 993 286 adstant.

181 317 230 350 At
246 317 346 351 Juno
366 326 387 349 e
406 324 554 350 summo
566 339 576 358 ,
594 310 661 360 qui
675 323 776 347 nunc
792 308 962 346 Albanus
980 308 1161 356 habetur,

128 377 223 411 Tum
242 386 367 423 neque
384 385 525 410 nomen
540 380 643 417 erat,
659 384 729 407 nec
744 370 885 416 honos,
901 379 967 407 aut
986 370 1107 420 gloria
1120 370 1258 417 monti,
1282 378 1329 403 135

129 434 366 483 Prospiciens
383 432 532 470 tumulo
552 442 730 480 campum
749 429 1012 479 adspectabat‚
1029 439 1066 467 et
1082 428 1212 467 ambas

129 499 362 532 Laurentum
377 496 601 542 Troumque
621 491 739 537 acies,
758 490 972 541 urbemque
991 490 1129 527 Latini.

128 555 329 605 Extemplo
348 554 469 592 Turni
489 553 542 591 sic
558 561 615 590 est
634 552 761 590 adfata
777 564 951 589 sororem

128 617 226 653 Diva
247 615 375 663 deam,
392 614 533 665 stagnis
553 627 639 665 quae
655 613 958 663 fluminibusque
975 612 1122 650 sonoris

128 675 328 720 Praesidet3
343 674 446 711 hunc
466 675 521 712 illi
534 688 602 712 rex
621 674 774 712 aetheris
791 675 888 712 altus
908 674 1096 711 honorem
1283 685 1332 711 140

128 740 147 772 J
152 735 305 786 uppiter
324 743 456 785 erepta
475 749 547 785 pro
565 735 787 785 virginitate
805 735 971 772 sacravit
992 750 1000 771 :

130 812 144 828 «
164 795 360 844 Nympha,
375 794 491 831 decus
506 795 732 841 fluviorum,
750 795 877 830 animo
895 794 1108 843 gratissima
1122 802 1254 831 nostro
1266 823 1275 839 ‚

129 855 229 900 Scis,
250 862 293 890 ut
312 863 349 891 te
366 854 511 891 cunctis
532 867 646 891 unam
656 883 666 901 ‚
683 866 935 904 quaecumque
951 854 1096 890 Latinae

129 915 362 964 Magnanimi
378 915 485 952 Jovis
502 915 694 964 ingratum
711 914 942 951 adscendere
962 913 1108 960 cubile,

126 974 380 1021 Praetulerim,
399 973 560 1024 coelique
579 973 713 1011 lubens
733 974 773 1010 in
794 981 902 1023 parte
922 973 1079 1010 locarim
1097 987 1105 1008 ε
1285 982 1333 1009 ιᾰ5

128 1034 240 1071 Disce
261 1043 387 1081 tuum,
405 1048 453 1071 ne
470 1047 530 1071 me
550 1034 717 1080 incuses,
735 1037 755 1071 J
759 1043 916 1080 uturna‚
938 1034 1121 1071 dolorem.

129 1098 215 1141 Qua
233 1095 314 1132 visa
334 1103 390 1132 est
410 1095 563 1132 fortuna
581 1095 679 1145 pati,
700 1097 903 1144 Parcaeque
921 1093 1096 1132 sinebant

129 1154 272 1192 Cedere
291 1167 352 1192 res
370 1155 500 1201 Latio,
520 1157 692 1192 Turnum
714 1163 749 1191 et
768 1163 834 1192 tua
853 1154 992 1191 moenia
1011 1154 1088 1190 texi
1111 1168 1119 1189 :

131 1318 169 1359 γῇ
195 1323 294 1346 scuta.
322 1333 368 1338 —
393 1317 451 1346 131
477 1326 564 1357 seqq.
598 1319 701 1347 Orna-

128 1369 155 1392 τε
177 1372 184 1392 :
213 1361 387 1403 cupiditate
412 1362 578 1404 spectandi
605 1363 702 1393 domo

125 1419 255 1449 egressae
272 1409 398 1439 semiuae
409 1432 417 1446 ‚
433 1411 527 1450 pueri
545 1415 576 1439 et
591 1419 680 1439 senes
692 1432 701 1446 ,

127 1454 244 1484 aedium
269 1462 348 1485 tecta
380 1462 411 1485 et
436 1466 545 1486 muros
573 1455 701 1486 adscen-

126 1500 219 1531 dunt.

176 1547 250 1577 135.
267 1548 380 1588 Neque
394 1557 512 1577 nomen
528 1558 539 1577 :
553 1558 626 1577 nam
640 1547 701 1578 hoc

126 1592 253 1622 demum
267 1593 307 1622 ab
324 1593 408 1623 AJha
425 1594 554 1623 condita
568 1594 699 1624 habuit:

125 1648 229 1679 neque
246 1638 362 1675 Itonos,
383 1641 440 1679 qui
458 1650 515 1680 per
534 1639 626 1670 ferias
642 1641 700 1670 La-

125 1686 206 1715 tinas
229 1686 261 1715 in
281 1696 320 1715 eo
337 1685 447 1715 haberi
467 1686 574 1716 solitas
599 1697 700 1716 acces-

124 1732 231 1761 sit.—
247 1732 321 1762 136.
349 1732 517 1772 Aspiciens
541 1734 644 1774 Rigot.
669 1739 701 1762 et

124 1777 222 1808 Goth.
243 1785 313 1808 tert.
333 1779 507 1818 Spectabat
523 1779 630 1819 vulgg.
648 1788 698 1807 au-

125 1831 153 1853 te
173 1825 284 1854 Heius.
296 1847 305 1861 ‚
320 1825 377 1865 qui
392 1824 602 1865 adspectabac
615 1835 698 1854 rece—

122 1871 170 1910 pit
199 1881 239 1900 cx
268 1871 544 1911 praestautioribus
572 1873 637 1901 suis
668 1878 699 1901 et

126 1917 284 1947 Pici-inuis.
300 1916 393 1947 Adde
407 1919 571 1948 Donatum
585 1925 616 1948 et
629 1920 698 1949 Ser-

123 1964 209 1993 vium
227 1974 234 1995 :
254 1965 311 2003 qui
331 1970 432 2001 amnt,
457 1965 583 2005 inquit,
605 1975 697 1995 usur-

121 2020 194 2048 pare
222 2011 469 2042 auctoritatem:
495 2022 568 2041 nam
591 2011 698 2051 potuit

121 2057 284 2094 spectabat
298 2057 414 2088 dicere.
432 2059 469 2087 Iu
483 2057 570 2088 Gud.
588 2056 700 2087 Latini

122 2101 154 2129 in
185 2102 279 2131 litura
307 2111 471 2134 exaratum
497 2110 581 2142 erat,
609 2103 697 2134 uude

125 2147 271 2177 Heinsius
304 2157 374 2180 ante
412 2151 529 2180 lectum
565 2150 698 2191 putabat

126 2194 294 2232 Latinam,
327 2197 375 2225 vel
406 2197 591 2226 Latinorum
611 2208 622 2226 .·
649 2197 696 2226 sac

757 1316 869 1353 fuisse;
886 1321 954 1345 erat
972 1325 1013 1345 ex
1032 1325 1141 1346 errore
1167 1315 1210 1346 ita
1234 1315 1335 1357 scrip-

757 1369 836 1392 tum.
852 1380 897 1385 --
918 1362 993 1401 139.
1033 1363 1174 1392 Iuturna
1204 1363 1335 1403 proprie

756 1410 854 1439 unius
882 1408 979 1438 fomis
1009 1407 1161 1450 Nympha
1188 1415 1254 1446 est,
1279 1409 1335 1449 qui

756 1465 823 1485 non
846 1455 942 1496 longe
963 1465 979 1484 a
1003 1455 1145 1486 Numicii
1168 1455 1256 1486 fonte
1279 1454 1335 1484 ab·

756 1508 842 1538 erat,
872 1512 913 1531 ex
938 1501 1057 1531 montis
1078 1501 1198 1531 Albani
1221 1500 1333 1530 radici-

756 1546 816 1577 bus
839 1557 1040 1588 progressu5‚
1067 1557 1143 1576 mox
1168 1548 1202 1576 iu
1227 1547 1333 1576 lacum

755 1592 909 1629 diffusus,
927 1599 957 1622 et
980 1593 1013 1621 in
1033 1593 1177 1622 Tiberim
1196 1592 1331 1623 delatus.

755 1639 873 1670 Habita
887 1638 1039 1680 Nympha
1055 1640 1140 1669 inter
1160 1639 1233 1669 deas
1250 1639 1331 1669 Lati-

754 1695 874 1715 norum
891 1685 1065 1726 indigenas,
1086 1685 1169 1714 Diva
1188 1685 1284 1715 dcam
1297 1684 1331 1716 h.

754 1731 811 1761 deu
835 1731 943 1767 deam,
970 1731 1050 1760 nihil
1072 1731 1208 1772 amplius
1235 1741 1242 1762 :
1272 1742 1332 1762 nec

754 1778 960 1807 Grammatici
993 1777 1166 1815 audiendi,
1186 1778 1242 1819 qui
1270 1777 1332 1808 dis-

754 1825 984 1865 tinguunt.—1
993 1831 1012 1860 4
1021 1834 1047 1855 ι.
1069 1825 1238 1860 Sacrav1·c;
1255 1833 1329 1854 cuui

753 1870 872 1900 dilectu
899 1871 1041 1911 positum
1070 1870 1224 1906 verbum,
1249 1880 1326 1911 pro.

752 1917 850 1948 dedit.
871 1934 918 1940 ·—
941 1922 1016 1952 142.
1034 1918 1139 1946 Decus
1153 1915 1328 1959 slus-forum

751 1965 846 2005 simp.
863 1974 923 2004 pro
946 1972 1099 2003 aquarum
1124 1961 1331 1993 sontium.—

757 2016 831 2046 144.
852 2011 1020 2050 Ingratum
1037 2007 1139 2038 cubile
1157 2019 1167 2037 .·
1192 2008 1224 2038 h.
1252 2011 1331 2039 imi-

751 2067 840 2093 sum,
861 2062 1017 2095 quatenus
1033 2061 1179 2095 stuprum
1205 2056 1331 2087 Junoui

751 2103 890 2132 invisum
906 2111 920 2130 a
941 2102 1023 2131 Jove
1043 2102 1076 2130 in
1093 2113 1131 2131 eo
1149 2110 1331 2133 exercetur.

751 2147 917 2178 namnum
938 2148 1081 2188 accipere
1094 2171 1101 2181 ,
1121 2158 1216 2188 quam
1235 2156 1270 2179 ut
1291 2149 1331 2178 ad

750 2197 858 2225 lovem
875 2193 1036 2236 ingratum
1047 2217 1054 2227 .
1072 2202 1122 2224 ant
1140 2194 1176 2224 ud
1194 2195 1330 2226 Latinas
