1414 2435
118 39 180 75 348

487 40 523 68 P.
540 38 724 68 VIRGILH
748 38 946 69 MARONIS

116 95 286 132 AEmulus
306 98 459 132 Ascraeo
479 103 610 145 pastor
626 92 700 131 sibi
720 94 880 144 quisque
899 103 1020 144 poetae
1288 107 1318 138 93

120 160 299 194 Securam
318 157 468 208 placido
485 155 650 193 traducit
667 163 822 205 pectore
840 157 968 193 vitam.

118 216 273 254 Talibus
293 218 333 254 in
355 217 489 255 studiis
509 216 647 254 baculo
668 216 759 253 dum
777 216 888 254 nixus
909 217 1055 266 apricas

119 279 250 313 Pastor
270 276 347 326 agit
367 289 497 324 curas,
515 286 552 314 et
571 277 663 314 dum
681 289 758 313 non
777 284 858 314 arte
877 288 1017 314 canora

117 339 308 387 Conpacta
329 337 482 375 solitum
501 337 722 375 modulatur
742 336 928 374 arundine
948 349 1117 383 carmen3

118 397 254 434 Tendit
274 398 469 436 inevectus
487 398 614 436 radios
634 397 866 448 Hyperionis
883 397 1015 444 ardor,
1271 416 1316 430 uo

118 457 338 508 Lucidaque
355 459 521 496 aethereo
540 460 649 510 ponit
668 459 887 497 discrimina
906 459 1068 504 mundo,

118 519 202 562 Qua
217 518 309 567 jacit
327 520 522 556 Oceanum
542 520 711 557 flammas
729 519 769 556 in
787 529 994 569 utrumque
1013 531 1180 568 rapaces.

169 579 215 612 Et
231 577 308 627 jam
326 579 562 629 conpellente
580 593 685 630 vagae
705 588 857 630 pastore
877 579 1030 630 capellae

117 638 196 672 Ima
213 638 442 676 susurrantis
459 639 645 690 repebant
665 639 712 677 ad
730 640 828 677 vada
846 639 1011 689 lymphae

121 698 214 741 Quae
232 697 363 734 subter
381 695 543 736 viridem
560 699 778 737 residebant
795 700 934 736 caerula
951 710 1134 735 muscum.
1273 705 1318 729 10⁵

121 758 141 791 J
145 768 203 792 am
223 757 366 794 medias
383 770 544 807 operum
563 759 682 808 partis
701 767 855 796 evectus
874 767 956 796 erat
973 758 1057 804 Sol;

121 817 249 860 Quum
269 815 403 853 densas
421 826 551 866 pastor
567 817 732 867 pecudes
751 817 911 867 cogebat
927 819 967 854 in
977 817 1155 874 pmbras3

119 877 167 910 Et
185 877 319 925 procul
339 877 514 927 adspexit
533 879 619 915 luco
637 877 804 915 residere
820 877 979 923 virenti,

120 935 229 973 Delia
247 937 353 985 diva,
375 946 441 975 tuo
460 953 469 973 ε
490 951 567 989 quo
587 938 779 989 quondam
798 939 900 975 victa
919 937 1048 974 surore

119 996 232 1032 Venit
250 998 466 1046 Nyctelium
486 998 633 1048 fugiens
653 997 824 1035 Cadmeis
842 1001 972 1048 Agave
1274 1014 1318 1028 ιω

120 1056 296 1094 lnfandas
314 1058 494 1095 scelerata
512 1071 646 1097 manus
665 1071 685 1095 e
705 1058 806 1095 caede
825 1066 1001 1102 cruenta,

123 1118 217 1160 Quae
239 1116 369 1165 gelidis
386 1116 570 1155 bacchata
586 1117 687 1167 jugis
706 1118 896 1168 requievit
913 1118 953 1154 in
969 1125 1098 1160 anti-03

122 1177 313 1214 Posterius
330 1190 478 1227 poenam
498 1178 601 1228 gnati
621 1191 660 1215 se
680 1186 802 1215 morte
820 1178 967 1215 datura.

120 1238 191 1274 Hic
214 1238 326 1274 etiam
346 1237 459 1274 viridi
479 1238 651 1274 ludentes
667 1240 786 1274 Panes
804 1237 843 1273 in
863 1236 1000 1281 herba,

121 1301 166 1335 Et
185 1298 311 1347 Satyri
330 1298 579 1347 Dryadesque
598 1297 737 1334 choros
757 1310 868 1347 egere
889 1297 1022 1346 puellae
1139 1325 1144 1328 -
1274 1306 1318 1328 1¹5

123 1358 308 1395 Naiadum
327 1367 437 1394 coetu.
458 1361 622 1394 Tantum
641 1371 718 1394 nou
735 1357 914 1407 Orpheus
930 1357 1101 1395 Hebrum

119 1420 335 1455 Restantem
353 1417 472 1454 tenuit
494 1417 586 1467 ripis
605 1417 794 1466 silvasque
814 1417 1003 1462 canendo,

123 1481 316 1521 Quantum
338 1484 390 1521 te,
411 1479 556 1522 Peneu,
578 1485 830 1514 remorantem
849 1476 922 1514 Dia
943 1476 1081 1513 chorea
1094 1505 1103 1520 ,

171 1613 210 1641 97
224 1618 270 1623 —
285 1602 358 1631 105.
383 1604 469 1631 Inter
491 1602 619 1632 delicias
640 1602 694 1632 has

125 1649 197 1677 xitae
220 1648 343 1677 rusticae
359 1647 435 1677 dum
451 1655 559 1688 pastor
581 1649 695 1678 baculo

126 1693 236 1729 nixus,
257 1701 287 1723 et
301 1694 425 1724 solitum
443 1694 613 1725 modulans
628 1706 695 1725 car-

125 1751 196 1769 men
219 1747 344 1780 tempus
368 1740 512 1771 canendo
535 1741 631 1777 fallit,
657 1742 694 1771 ad

124 1785 285 1816 meridiem
301 1787 366 1816 sole
379 1798 561 1828 progresso,
579 1789 612 1817 in
630 1799 696 1817 um-

125 1833 210 1862 bram
228 1833 389 1873 compellit
406 1844 542 1874 gregem.

176 1880 248 1909 108.
279 1881 400 1909 Lucum
426 1880 487 1909 sub
513 1879 695 1911 Cithaerone

127 1932 233 1955 monte
249 1926 400 1956 describit
418 1927 527 1956 Dianae
545 1936 669 1956 sacrum
686 1937 694 1957 :

126 1974 157 2001 in
168 1983 263 2012 quem
275 1983 347 2002 casu
358 1980 465 2014 pastor
478 1983 602 2014 gregem
614 1984 694 2003 com-

126 2019 227 2057 pulit,
249 2021 445 2060 prospiciens
469 2021 502 2049 in
523 2019 635 2049 umbra
652 2031 697 2049 re-

127 2064 278 2094 cubante-s
292 2065 431 2106 pecudes
448 2068 480 2095 in
494 2066 570 2096 luco
587 2073 659 2101 tuo,
679 2076 698 2096 o

125 2111 244 2145 Dinna3
268 2113 300 2140 in
316 2123 409 2152 quem
433 2112 595 2152 quondam
612 2113 699 2142 venit

128 2158 235 2196 Agave
248 2180 254 2188 .
273 2158 380 2187 Cadmi
407 2158 488 2193 filia,
510 2171 525 2188 e
545 2158 699 2188 Bacchico

750 1603 856 1632 furore
877 1603 1063 1642 resipiscens
1089 1601 1230 1632 Pentheo
1255 1601 1324 1631 filio

750 1649 876 1679 laniato.

802 1706 812 1724 1
826 1702 861 1731 14
884 1706 951 1735 sqq.
982 1695 1101 1723 lterum
1123 1693 1322 1729 luxuriatur,

749 1752 804 1771 seu
820 1748 921 1781 poeta*
942 1751 997 1770 seu
1019 1739 1256 1780 interpolatoris
1273 1740 1322 1769 in-

750 1789 877 1827 genium
903 1789 935 1816 in
958 1785 1168 1817 describendo
1192 1786 1268 1816 luco
1292 1793 1322 1815 et

751 1840 841 1863 :intro
851 1856 859 1870 ‚
879 1844 943 1874 quo
958 1840 1066 1874 pastor
1083 1831 1236 1862 consedit.
1251 1831 1322 1862 Alia

751 1880 883 1909 aliorum
897 1885 1062 1920 poetarum
1077 1877 1201 1908 lusibus
1209 1883 1321 1907 assuta.

802 1937 813 1956 1
826 1938 835 1955 1
846 1927 876 1957 8.
901 1927 932 1956 Si
949 1936 1008 1966 pro
1023 1927 1130 1955 Peneu
1150 1924 1265 1965 legitur
1281 1935 1320 1953 ex

751 1972 869 2003 Aldina
880 1971 997 2013 pernix
1009 1996 1017 2006 ,
1037 1980 1148 2000 sensus
1165 1977 1211 1999 est
1225 1979 1231 1999 :
1250 1971 1323 2001 Nou

751 2026 874 2049 tantum
891 2017 1040 2059 Orpheus
1058 2023 1154 2046 cantu
1178 2027 1237 2046 suo
1259 2018 1322 2047 He·

754 2065 863 2103 bium,
880 2070 1035 2105 quantum
1054 2070 1101 2097 ee,
1121 2073 1139 2091 o
1163 2062 1241 2098 Dia,
1266 2062 1323 2092 den

754 2112 874 2146 Diana,
893 2109 1008 2139 chorea
1034 2111 1172 2140 Panum.
1198 2111 1324 2150 Satyro-

756 2167 826 2187 mm
849 2163 876 2185 rt
903 2157 965 2196 Dr}
976 2155 1067 2185 uelum
1089 2156 1251 2195 xnluptate
1270 2164 1323 2184 au·
