1414 2435
588 78 711 109 LIBER
734 79 793 110 lx.
1266 79 1285 107 3

95 136 198 182 Quid
218 135 366 173 dubitas
380 134 396 170 Ρ
410 145 510 170 nunc
530 140 677 183 tempus
689 147 825 184 equos,
844 147 944 172 nunc
959 147 1116 186 poscere
1129 146 1264 173 currus
1277 149 1312 191 :m

94 199 244 246 Rumpe
258 206 382 232 moras
400 193 541 242 omnis,
562 202 600 230 et
618 193 771 232 turbata
789 196 915 245 arripe
935 204 1068 233 castra.
1090 212 1105 229 υ

97 257 219 301 Dixit,
239 263 276 291 et
294 254 334 290 in
352 253 484 290 coelum
505 252 662 303 paribus
683 267 722 291 se
738 255 888 292 sustulit
907 255 992 302 alis3

95 317 366 363 Ingentemque
385 313 474 362 fuga
493 313 613 350 secuit
631 312 701 350 sub
718 313 885 351 nubibus
904 310 1044 352 arcum.
1260 320 1287 343 ¹⁵

96 371 289 422 Adgnovit
300 371 468 421 juvenis,
487 371 724 422 duplicisque
743 373 791 410 ad
811 373 935 410 sidera
951 374 1093 423 palmas

98 431 276 478 Sustulit,
293 439 330 467 et
352 431 416 466 tali
436 431 640 480 fugientem
659 440 716 469 est
728 445 822 469 voce
842 439 991 469 secutus
1007 446 1014 468 :

98 506 114 523 «
135 489 207 535 Iri,
227 489 341 526 decus
362 490 462 536 coeli,
480 490 564 538 quis
584 498 620 526 te
636 490 730 526 mihi
748 491 915 527 nubibus
935 499 1055 527 actam

97 549 244 586 Detulit
263 549 302 585 in
322 551 467 585 terras?
488 548 588 584 unde
606 547 688 585 haec
704 558 778 585 tam
797 551 897 586 clara
916 557 1072 599 repente

97 608 342 656 Tempestas?
362 606 528 644 medium
547 607 659 645 video
678 608 872 644 discedere
892 609 1046 654 coelum,

1259 622 1290 638 2¹:

97 667 336 715 Palantisque
356 667 445 715 polo
465 666 588 704 stellas
603 681 613 703 ε
629 679 769 715 sequor
787 665 915 702 omina
933 673 1058 711 tanta,

99 725 282 774 Quisquis
301 726 341 762 in
360 738 463 761 arma
479 737 602 762 vocas.
621 739 637 756 »
658 727 705 762 Et
723 725 776 762 sic
796 725 951 768 effatus,
969 724 1017 760 ad
1032 721 1172 760 undam

97 784 302 829 Processit,
323 796 545 834 summoque
563 784 689 821 hausit
709 785 756 821 de
775 784 924 834 gurgite
942 782 1134 833 lymphaS‚

97 845 221 881 Multa
238 846 339 882 Deos
359 857 492 891 orans,
512 845 760 894 oneravitque
781 845 922 881 aethera
940 844 1052 881 votis.

102 1033 156 1054 cos
165 1022 247 1053 dixit
257 1022 296 1053 ad
305 1023 466 1065 vulgarem
476 1024 672 1064 opinionem.

104 1087 150 1093 -—
164 1070 215 1099 13.
241 1069 381 1099 Turbata
407 1069 514 1109 arripe
546 1077 670 1105 castra,

103 1115 236 1152 invade,
256 1125 396 1155 occupa;
421 1115 542 1144 scilicet
565 1121 610 1146 ut.
625 1125 672 1144 ra-

103 1171 178 1202 pere
193 1162 295 1201 poetis
311 1168 357 1190 est
371 1171 430 1200 pro
446 1171 566 1201 capere.
583 1162 676 1191 Dixit

105 1213 211 1237 autem
225 1213 329 1236 castra
347 1207 579 1245 Trojanorum3
599 1217 630 1236 v.
654 1207 672 1235 8

106 1253 232 1288 urbem,
264 1253 340 1282 alibi
364 1262 486 1289 muros,
509 1262 673 1293 aggerem.

106 1299 187 1329 Nam
203 1300 315 1328 AEneas
329 1299 363 1327 in
377 1298 469 1329 litore
478 1319 486 1335 ,
500 1298 557 1327 ubi
570 1308 675 1327 escen-

107 1342 215 1380 derat,
233 1343 362 1379 urbem,
381 1353 494 1372 novam
521 1343 649 1383 Trojam
662 1366 672 1379 ,

107 1388 310 1426 condiderat,
327 1398 420 1428 quam
437 1388 495 1429 (ut
507 1398 578 1428 sup.
592 1389 655 1417 VII
664 1410 674 1425 ‚

110 1434 198 1475 157)
217 1435 396 1464 Castrorum
417 1433 452 1462 in
476 1443 594 1463 morem
605 1433 677 1473 pin-

108 1481 156 1510 nis
171 1487 269 1520 atque
287 1489 406 1520 aggere
421 1478 534 1509 cinxit.
556 1479 677 1509 Debuit

107 1537 144 1556 ea
157 1527 191 1556 in
207 1532 351 1556 extremo
365 1525 430 1555 fere
449 1525 542 1554 litore
557 1524 676 1554 haerere

108 1571 249 1610 subjecta
276 1571 384 1602 classe.
412 1581 443 1601 v.
459 1570 517 1600 inf.
533 1570 576 1599 68
586 1591 595 1607 ,
619 1571 674 1610 69.

109 1635 155 1641 ·—-
171 1617 224 1647 15.
243 1616 349 1646 Secuit
368 1627 475 1646 arcum
494 1626 573 1656 pro,
592 1626 676 1645 mea-

108 1663 156 1692 vit
184 1673 242 1702 per
271 1671 380 1691 arcum
406 1662 498 1699 coeli,
530 1662 677 1699 incessit,

110 1715 257 1748 tanquam
288 1708 365 1744 Iris,
388 1718 464 1737 arcu
491 1707 594 1744 facto,
618 1717 678 1747 pro

108 1755 245 1783 tramite,
263 1754 365 1783 Ducta
381 1752 533 1792 loquendi
546 1752 646 1782 forma
662 1763 679 1781 a

110 1800 310 1839 navigatione
321 1821 329 1836 ,
343 1796 460 1840 τέμνειν
475 1796 538 1828 ἅλα
549 1819 558 1834 ,
571 1808 680 1827 secare

111 1854 219 1882 mare,
235 1843 325 1874 sulco
343 1844 426 1873 facto
449 1844 484 1873 in
508 1842 659 1873 fluctibus
670 1864 679 1880 ,

111 1890 188 1928 hinc
203 1897 321 1920 terram
333 1911 342 1926 ‚
363 1896 430 1919 tum
458 1890 559 1929 ipsam
573 1887 680 1918 viam.

111 1936 240 1966 Servius
261 1935 365 1964 reddit
385 1943 394 1966 :
431 1948 446 1960 κ
462 1945 571 1964 arcum
606 1934 681 1963 fecit

112 1987 198 2010 secto
214 1980 295 2010 coelo
305 2003 314 2017 ,
326 1980 445 2010 duxit»
459 1980 566 2021 paullo
579 1980 680 2009 aliter.

113 2026 155 2057 cf.
169 2026 209 2056 ad
222 2029 262 2063 V,
278 2026 356 2057 658.
378 2028 498 2056 Versus
527 2026 565 2055 18
585 2024 682 2055 verba

112 2078 190 2101 suut
202 2083 243 2102 ex
257 2071 346 2102 Iliad.
363 2082 398 2108 σ,
418 2071 494 2101 182.

161 2127 215 2148 21.
224 2119 299 2148 Non
310 2128 431 2148 novum
443 2123 490 2146 est
505 2121 679 2147 ostentum:

61 2183 66 2189 ⁴
107 2162 262 2201 palantes
269 2163 349 2204 polo
364 2163 476 2194 stellas
489 2162 596 2193 videre
621 2172 684 2192 me-

725 1023 779 1054 dio
793 1023 864 1061 die3
878 1029 909 1053 et
929 1029 975 1053 est
989 1022 1022 1053 h.
1041 1022 1063 1052 1.
1082 1019 1222 1051 interdiu
1237 1021 1295 1051 ob-

725 1070 824 1100 latum
851 1070 1026 1109 auspicium
1045 1066 1177 1108 (omina
1201 1074 1296 1096 tanta-

726 1116 792 1155 ipse
808 1114 928 1156 dixit);
950 1124 1038 1143 nunc
1059 1120 1164 1142 tamen
1182 1119 1298 1142 ornant

726 1161 793 1190 haec
807 1160 923 1191 coelum
934 1183 943 1197 ‚
957 1159 1044 1200 quod
1058 1158 1238 1199 disruptum
1251 1166 1298 1188 est

726 1206 810 1247 (hoc
841 1205 1002 1236 discedere
1030 1205 1129 1241 dixit,
1156 1214 1235 1233 voce
1263 1204 1298 1233 in

726 1251 785 1281 hac
808 1263 842 1281 re
862 1252 1012 1291 propria,
1034 1260 1094 1290 pro
1118 1249 1297 1285 dehiscere,

726 1297 848 1327 hiatum
868 1297 969 1325 facere
978 1295 1001 1335 )‚
1017 1302 1049 1325 et
1068 1295 1156 1334 quod
1174 1294 1248 1324 alias
1264 1296 1298 1324 in

728 1342 853 1384 fulgure
870 1341 941 1371 fieri
954 1341 1051 1377 solet,
1065 1340 1189 1370 chasma
1204 1339 1278 1369 fecit
1290 1350 1299 1376 ;

729 1389 870 1428 apposita
895 1393 1010 1416 vocant
1033 1386 1247 1416 Grammatici.
1268 1386 1301 1415 Si

727 1434 834 1473 itaque
853 1433 954 1472 ruptis
966 1431 1108 1461 nubibus
1119 1431 1155 1460 in
1170 1431 1301 1460 interio-

729 1489 761 1508 ra
775 1479 933 1518 perrexit,
944 1478 1046 1507 stellas
1060 1486 1209 1517 apparere
1220 1499 1229 1513 ,
1242 1486 1299 1505 nu-

729 1524 824 1554 bibus
846 1524 974 1554 remotis
985 1545 993 1560 ‚
1007 1532 1134 1552 necesse
1156 1521 1228 1552 fuit.
1246 1523 1302 1551 Est

729 1576 834 1599 autem
845 1570 872 1599 is
882 1568 996 1598 modus
1008 1578 1072 1608 quo
1085 1567 1130 1596 dii
1139 1568 1173 1596 in
1182 1567 1301 1596 coelum

730 1614 822 1645 evehi
846 1621 1016 1644 narrantur
1037 1623 1046 1644 ε
1065 1614 1098 1643 vi
1115 1623 1172 1642 sua
1194 1612 1303 1642 diviua

730 1661 879 1691 attollunt
897 1671 929 1690 se
944 1660 979 1689 in
1001 1658 1104 1688 nubes
1122 1665 1154 1688 et
1170 1658 1302 1688 ulterius

730 1707 764 1736 iu
781 1706 896 1736 coelum
912 1705 1114 1746 perveniunt.
1136 1703 1303 1733 Interdum

731 1757 946 1781 memorantur
960 1749 1034 1786 alae3
1049 1750 1084 1778 in
1101 1748 1184 1778 Iride
1198 1754 1303 1778 autem

732 1803 870 1827 novatur
879 1807 927 1825 res
936 1806 994 1835 per
1006 1804 1115 1824 arcum
1126 1793 1283 1823 coelestem
1293 1804 1302 1829 ;

732 1852 789 1882 per
801 1841 902 1871 soleas
917 1849 1073 1880 nusquam
1084 1861 1092 1876 ‚
1107 1840 1169 1868 nisi
1183 1849 1241 1879 per
1255 1848 1303 1868 so-

732 1888 795 1917 leas
813 1887 974 1916 alatas.—
985 1895 1039 1915 22.
1057 1887 1160 1914 Vocat
1183 1884 1306 1923 aliquot

733 1934 814 1964 Pier.
831 1933 876 1961 Ec
897 1930 941 1960 sic
964 1930 1093 1972 effatus.
1113 1932 1253 1969 Languet
1268 1926 1303 1958 τὸ

734 1985 786 2014 et;
803 1977 884 2007 nihil
902 1983 1007 2006 tamen
1021 1987 1038 2005 e
1056 1975 1145 2004 libris
1157 1980 1306 2004 notatum

734 2023 840 2053 video.
849 2039 896 2045 -
905 2031 946 2051 22
957 2038 1004 2044 -
1014 2025 1067 2056 24.
1084 2018 1180 2060 Quod
1193 2019 1303 2060 religio

734 2069 836 2099 facere
875 2067 965 2106 jubet
975 2088 984 2104 ,
1020 2067 1126 2096 omine
1155 2071 1284 2106 accepto
1294 2087 1304 2101 ‚

734 2115 827 2145 etiam
838 2114 906 2143 viso
921 2119 953 2142 et
968 2122 1008 2142 ex
1023 2112 1164 2150 somui03
1184 2111 1304 2142 scilicet

734 2158 889 2191 lustrandi
902 2167 1018 2189 caussa.

1335 168 1342 186 l
