1414 2435
605 66 729 95 LIBER
752 66 810 95 lx.
1272 74 1282 91 1
1296 74 1307 92 1

118 124 277 171 Adnuit3
294 131 331 161 et
348 131 470 160 totum
486 131 583 160 nutu
601 123 809 159 tremefecit
824 122 1041 172 Olympum.

172 187 272 234 Ergo
293 183 424 220 aderat
441 182 626 232 promissa
646 183 744 228 dies,
761 191 798 219 et
814 191 985 231 tempora
1004 184 1130 218 Parcae

120 242 260 279 Debita
277 242 512 292 complerant
519 257 530 289 ;
551 255 669 292 quum
687 242 807 279 Turni
825 241 963 292 injuria
982 244 1144 278 Matrem

118 301 347 347 Admonuit,
365 302 482 339 sacris
501 302 647 339 ratibus
667 301 856 351 depellere
873 301 999 338 taedas.

117 360 190 397 Hic
208 361 374 410 primum
390 374 490 398 nova
508 361 575 398 lux
591 361 709 398 oculis
727 361 886 407 offulsit,
910 369 947 397 et
965 361 1096 410 ingens

1267 376 1313 391 110

118 419 229 458 Visus
244 420 292 457 ab
311 423 464 458 Aurora
482 421 617 458 coelum
638 429 896 458 transcurrere
915 420 1085 465 nimbus,

117 479 287 530 Idaeique
304 480 434 518 chori:
452 490 533 518 tum
549 494 627 518 vox
640 481 833 518 horrenda
851 494 920 530 per
935 493 1045 518 auras

116 540 285 586 Excidit,
309 550 346 577 et
364 543 507 578 Troum
520 541 827 590 Rutulorumque
847 541 995 590 agmina
1013 539 1174 590 complet
1191 555 1198 575 :

117 615 133 631 «
151 602 210 636 Ne
227 600 414 649 trepidate
433 613 555 647 meas,
572 601 730 646 Teucri,
748 600 952 637 defendere
970 600 1097 645 navis,

117 660 223 694 Neve
239 668 381 696 armate
399 672 555 705 manus3
572 659 691 695 maria
709 667 795 695 ante
815 661 1144 704 exurere'Turno,

119 719 244 763 Quam
263 731 387 755 sacras
403 718 559 754 dabitur
578 719 689 767 pinus
705 731 798 755 :vos
816 718 868 755 ite
887 718 1038 764 solutae,

118 779 195 823 Ite,
215 779 305 814 Deae
325 778 449 827 pelagi
456 793 467 824 3
483 778 668 815 Genetrix
681 778 802 828 jubet.
824 795 840 811 n
857 780 905 815 Et
924 791 992 816 sua
1011 790 1171 828 quaeque

118 838 309 875 Continuo
328 850 478 888 puppes
497 837 729 888 abrumpunt
743 838 895 874 vincula
913 837 1024 887 ripis,

118 896 425 947 Delphinumque
443 897 558 935 modo
576 897 756 935 demersis
774 910 928 948 aequora
947 896 1079 935 rostris

117 1064 221 1094 voluit
241 1063 357 1094 dicere.
375 1081 421 1087 -
439 1065 514 1094 106.
536 1063 690 1094 Inferiora

118 1110 186 1140 haec
204 1112 383 1140 Homericis
398 1110 436 1141 Il.
451 1120 484 1146 α,
505 1110 569 1140 528
588 1121 633 1151 sq.
650 1102 688 1148 ᾗ,

118 1154 171 1186 καὶ
187 1154 347 1198 κυανέῃσιν
362 1174 409 1179 --
418 1156 563 1195 judicant
576 1157 689 1186 Gram-

118 1203 224 1233 matici
248 1202 333 1243 apud
350 1202 497 1233 Macrob.
515 1204 555 1238 V,
582 1204 633 1233 13.
649 1205 690 1233 At

117 1259 184 1279 non
200 1249 322 1290 ubique
338 1249 445 1280 eadem
459 1250 614 1279 sententia
634 1250 688 1278 iis-

118 1294 190 1324 dem
208 1296 402 1325 ornamentis
425 1293 611 1335 amplificari
631 1305 688 1335 po-

117 1347 178 1370 test
187 1362 196 1377 ,
213 1347 268 1370 aut
280 1340 385 1371 debet.

169 1396 244 1424 107.
261 1386 380 1416 Debita
402 1386 468 1416 fato
485 1395 493 1416 :
518 1387 589 1416 AEn.
605 1387 686 1423 VII,

124 1442 186 1462 120
193 1431 277 1474 satis
299 1432 379 1462 mihi
401 1431 506 1461 debita
527 1431 687 1461 tellus.—

123 1488 136 1507 1
146 1488 198 1508 10.
207 1477 420 1518 Hicprimum.
429 1478 604 1519 Argutatur
614 1487 687 1508 cum

117 1524 186 1554 aliis
214 1525 356 1555 Catroeus
366 1547 374 1561 ,
400 1524 459 1554 etsi
487 1525 688 1554 Burmannus

117 1580 185 1600 non
201 1570 380 1611 improbat,
399 1569 476 1600 dum
494 1571 608 1610 respici
622 1580 688 1600 cre-

119 1615 167 1645 dit
186 1617 303 1646 seriora
316 1623 475 1657 tempora,
493 1616 611 1656 quibus
626 1617 689 1657 Cy-

120 1660 190 1691 bele
203 1663 388 1692 Pessinunte
400 1662 460 1692 fuit
473 1663 616 1692 arcessita
630 1665 691 1692 Ro-

121 1716 224 1744 mam,
240 1714 271 1737 et
300 1708 426 1748 templis
447 1715 583 1748 recepta.
609 1709 690 1738 Nam

116 1752 257 1792 primum
278 1753 412 1782 refertur
436 1753 475 1782 ad
491 1765 522 1784 v.
543 1764 556 1782 1
568 1764 605 1783 12
625 1761 691 1783 tum

121 1809 187 1829 vox
205 1798 386 1830 audita—1
397 1809 410 1828 1
421 1809 448 1829 1.
456 1799 585 1829 Nimbus
593 1799 690 1829 Goth.

122 1855 185 1876 sec.
208 1845 302 1875 nubes
319 1847 424 1885 Sprot.
446 1855 506 1885 pro
530 1855 594 1876 var.
618 1846 689 1875 lect.

123 1908 169 1913 —
182 1901 257 1922 112.
280 1891 467 1932 Idoeumque
489 1890 615 1921 chorum
631 1893 691 1920 Zu-

122 1936 198 1968 fich.
208 1936 353 1978 ldaeique
370 1937 437 1967 cori
450 1937 584 1968 Dorvill.
601 1935 691 1966 Idcei-

123 1993 184 2022 que
201 1982 292 2013 chori
310 1991 375 2013 tum
399 1994 471 2014 voa:
491 1983 522 2014 lz.
542 1983 692 2013 videntur

124 2028 326 2068 alfiiunxisse
334 2051 342 2066 ‚
353 2036 390 2059 ut
399 2031 560 2060 Donatus:
572 2036 609 2059 ut
620 2039 692 2059 vox

125 2073 214 2104 chori
237 2077 265 2106 I.
289 2075 473 2106 audiretur:
493 2075 547 2106 sed
565 2076 694 2115 languet

124 2120 169 2149 sic
177 2122 294 2158 orati03
305 2132 376 2151 cum
385 2132 456 2152 vooe
465 2121 531 2152 duo
539 2121 692 2153 Rottend.

121 2176 183 2205 per
202 2176 294 2197 aures
315 2178 365 2209 pr.
387 2167 539 2199 Rottend.
555 2178 571 2198 a
586 2178 627 2198 m.
644 2177 692 2208 pr.

742 1081 789 1087 -—
802 1064 911 1095 Paullo
926 1063 1038 1093 durius
1049 1085 1057 1099 ,
1073 1063 1128 1092 sed
1139 1085 1146 1099 ‚
1165 1069 1201 1091 ut
1213 1063 1313 1103 poeti-

743 1121 811 1139 cam
817 1111 992 1140 orationem
1001 1108 1143 1145 decebat,
1150 1109 1313 1146 junctum:

742 1156 866 1186 nimbus
901 1155 1045 1196 Idoeique
1081 1153 1170 1183 chori
1176 1177 1186 1189 ,
1226 1155 1311 1183 visus

740 1202 868 1233 nimbus
878 1225 887 1239 ,
902 1201 1005 1231 nubes
1021 1207 1235 1230 transcurrere
1255 1210 1312 1240 per

742 1249 874 1285 coelum,
890 1254 921 1277 et
938 1248 999 1276 visi
1016 1253 1092 1276 sunt
1106 1246 1215 1282 chori,
1230 1246 1263 1276 h.
1281 1256 1309 1275 e.

742 1295 868 1330 chorus,
883 1293 940 1333 qui
952 1294 1089 1322 Matrem
1103 1291 1198 1321 deum
1212 1292 1311 1321 comi-

739 1341 799 1371 tari
818 1339 956 1375 solebat,
972 1337 1192 1378 Corybantum
1214 1344 1311 1378 puta,

740 1388 775 1416 in
788 1386 875 1416 nube
893 1385 945 1414 issa
964 1384 1091 1414 abditus
1112 1390 1143 1413 et
1156 1384 1311 1413 inclusus.

740 1435 802 1463 Pro
824 1431 1051 1462 commentario
1076 1437 1122 1460 est
1139 1429 1248 1461 Ovidii
1264 1429 1311 1459 lo·

740 1489 796 1508 cus
810 1479 889 1508 Met.
907 1479 1004 1514 XIV,
1024 1476 1088 1506 536
1100 1498 1109 1513 ,
1127 1477 1188 1514 537
1202 1499 1211 1514 ‚
1225 1475 1288 1506 538
1302 1497 1311 1511 ‚

741 1524 799 1553 ubi
816 1523 878 1554 hoc
902 1522 986 1553 idem
1010 1521 1192 1562 prodigium
1214 1531 1312 1562 expo-

741 1571 830 1600 nitur
840 1592 848 1606 ,
863 1570 1039 1599 imitatione
1054 1568 1192 1609 Virgilii.
1209 1569 1312 1598 Etiam

741 1617 776 1646 in
791 1616 886 1645 sacris
907 1615 1060 1645 adventus
1081 1613 1147 1644 deae
1165 1615 1223 1644 etsi
1245 1624 1313 1643 non

743 1663 837 1699 visae,
856 1672 972 1702 magno
1000 1661 1134 1701 strepitu
1163 1660 1312 1690 tibiarum

743 1715 775 1738 et
800 1715 1028 1749 tympanorum
1052 1706 1203 1736 declarari
1232 1705 1312 1735 sole-

743 1754 808 1783 bat.
826 1753 949 1784 Incedit
965 1753 1021 1782 dea
1043 1752 1084 1781 ab
1106 1754 1250 1786 Aurora,
1272 1751 1312 1781 ab

745 1800 874 1829 Oriente
893 1821 902 1836 ‚
934 1799 1045 1828 relicto
1077 1799 1255 1838 Berecynto
1280 1805 1313 1827 et

744 1844 810 1875 Ida,
820 1862 866 1869 —-
879 1855 891 1874 1
903 1855 914 1873 1
923 1845 953 1874 3.
976 1846 1052 1875 Vox
1072 1843 1205 1885 agmina
1226 1853 1311 1872 com-

737 1891 828 1931 plet,
860 1891 988 1931 proprie
1016 1900 1105 1920 aures
1115 1911 1124 1925 ‚
1157 1889 1226 1919 loca
1237 1911 1245 1924 ‚
1277 1890 1312 1918 in

744 1937 859 1978 quibus
878 1936 932 1966 illa
947 1938 1070 1978 agmina
1085 1935 1252 1965 habentur.
1265 1951 1312 1958 -—-

749 1993 763 2012 1
773 1989 824 2018 ¹4·
838 1985 921 2012 Tum
940 1982 996 2011 dea
1010 1984 1151 2012 Teucros
1166 1987 1250 2010 vetat
1263 1980 1312 2010 Ia-

745 2029 874 2064 horare,
899 2035 930 2058 et
952 2028 1087 2058 navibus
1105 2025 1312 2057 defendendis

746 2085 873 2115 operam
888 2074 971 2104 dare.

798 2131 810 2150 1
822 2131 832 2150 1
842 2121 871 2151 8.
883 2123 1018 2161 Puppes,
1029 2129 1096 2150 non
1108 2129 1211 2160 prorae
1222 2128 1230 2149 :
1241 2128 1314 2148 nam

747 2177 869 2208 puppes
895 2165 1030 2196 suntad
1051 2165 1125 2196 litus
1146 2176 1253 2195 versae.
1283 2175 1312 2193 v.
