1414 2435
126 67 190 98 336
586 66 807 97 EXCL'RSUS
832 64 864 95 II

122 129 156 156 in
172 126 234 156 hoc
250 135 385 155 numero
397 135 502 166 nuper
513 125 685 155 Britannus
701 124 831 165 aliquis,
847 125 904 165 qui
922 123 983 154 sibi
1002 124 1094 154 valde
1109 122 1223 154 doctus
1237 122 1326 155 vidc-

124 181 216 210 batur
241 178 401 220 (Heron's
418 179 524 209 letters
543 178 587 219 os
602 178 795 215 litterature,
814 179 876 209 litt.
898 180 938 208 23
954 178 977 219 ).
992 180 1031 208 In
1046 178 1240 208 dramatibus
1258 179 1323 218 jam

122 235 205 262 inter
220 239 346 273 poetam
370 239 402 262 et
419 239 628 273 spectatorem
653 231 744 261 facile
766 233 800 261 in
817 231 850 261 id
871 238 1067 262 conventum
1084 238 1147 269 est,
1165 242 1231 261 esse
1242 241 1323 262 non-

123 287 209 317 nulla
221 309 229 324 ‚
240 298 311 328 quae
322 310 330 325 ‚
345 288 403 316 etsi
412 297 428 316 a
438 294 551 316 natura
564 297 671 316 rerum
688 286 789 316 aliena
799 309 808 324 ‚
822 287 856 316 in
869 297 963 316 scena
974 286 1064 317 aliter
1074 297 1140 317 esse
1154 293 1324 327 nequeant,

122 342 160 370 iis
172 342 269 382 ‘gitur
284 351 345 382 pro
360 341 518 370 concessis
532 342 581 370 uti
593 347 729 381 poetam.

169 397 279 436 Itaque
299 406 333 425 ea
345 418 354 433 ‚
372 406 444 436 quae
460 396 609 425 adversus
626 404 802 436 temporum
820 390 980 426 rationem
998 396 1034 426 in
1051 394 1184 426 AEneide
1201 396 1325 425 moneri

122 457 256 489 possunt
266 471 274 487 ,
291 460 359 480 non
374 449 414 480 ad
430 457 533 491 poetae
550 450 677 480 laudem
693 450 899 480 evertendam
918 451 982 480 vim
997 449 1114 480 habere
1130 449 1325 491 putabimus.

122 506 203 534 Sunt
235 502 292 541 ἐξω
323 507 376 535 τοῦ
410 504 603 548 μυθεύματος
615 528 624 543 ,
649 503 692 548 μὴ
723 503 752 535 ἐν
781 507 825 548 τῷ
850 501 1000 547 δράματι.
1020 506 1076 536 Est
1098 506 1132 535 in
1159 504 1209 534 his
1231 503 1327 541 illud,

124 560 212 600 quod
234 571 338 602 nuper
364 561 397 590 in
419 568 558 591 mentem
583 560 732 591 veniebat
753 570 760 592 :
778 560 898 590 scilicet
919 559 1103 590 Evandrum
1116 558 1181 589 adit
1197 560 1327 595 AEneas,

127 622 219 656 atque
235 615 320 646 idem
342 627 374 646 se
393 616 566 646 Herculem
582 617 743 657 excepisse
757 614 898 656 hospitio
911 621 1037 652 narrat,
1052 614 1108 655 qui
1122 613 1245 654 aliquot
1257 619 1329 642 aeta-

125 670 211 700 tibus
243 678 313 700 ante
341 671 462 700 bellum
488 672 663 710 Trojauum
687 671 821 700 vixerat.
846 671 968 699 Verum
991 669 1101 699 locum
1124 667 1177 698 hic
1199 667 1329 697 haberet

128 724 217 764 quod
232 725 317 765 apud
334 725 507 754 Pindarum
522 732 568 755 est
583 735 591 755 ε
607 723 711 766 κωφὸς
725 722 801 766 ἀντ’,ρ
816 735 876 760 τις,
896 723 926 758 ὃς
941 716 1080 766 Ἠρακλεῖ
1094 721 1197 764 στόμα,
1211 720 1255 765 μὴ
1267 732 1329 752 πα-

129 774 290 819 ροιῧοίὶλει.
308 778 425 820 (Pyth.
440 779 507 816 lx,
529 778 625 819 151.)

173 832 273 862 Aliud
289 839 353 870 est,
371 833 407 861 in
421 842 486 872 quo
503 838 596 872 poeta
611 832 661 861 sui
676 831 796 861 oblitus
811 830 912 861 videri
929 838 1072 872 poterat,
1089 831 1176 873 quod
1194 831 1327 862 deorum

128 887 249 916 monita
263 885 302 916 de
317 885 462 916 adeunda
476 895 492 914 a
510 885 656 924 Trojanis
671 885 760 914 Italia
778 884 874 915 modo
889 885 1019 922 clarius,
1035 884 1132 915 modo
1147 885 1327 921 obscurius,

128 950 223 980 quam
244 950 301 980 par
325 947 410 977 erat,
428 940 587 980 apposuit.
614 939 667 969 Ab
691 938 933 969 obscurioribus
951 939 1082 969 monitis
1101 948 1233 968 exorsus
1247 944 1328 974 erat;

125 993 224 1034 idque
240 1000 340 1031 recte3
367 1004 427 1024 nec
453 995 515 1023 nisi
531 994 565 1022 in
585 994 654 1034 ipso
673 993 771 1022 Itah‘ae
794 992 882 1023 aditu
903 1000 934 1023 et
952 993 1025 1023 sede
1049 999 1201 1034 occupata
1221 992 1329 1023 vatici-

126 1051 254 1081 niorum
273 1057 405 1080 eventus
418 1050 510 1090 plene
528 1049 698 1090 explicitus
711 1059 777 1079 esse
793 1048 894 1079 videri
909 1049 1055 1079 debebat.
1072 1050 1144 1079 Jam
1161 1056 1267 1079 autem
1282 1049 1330 1078 in-

125 1106 313 1146 terpositum
327 1111 373 1134 est
388 1115 490 1134 uuum
507 1104 671 1134 oraculum
681 1126 689 1141 ‚
704 1114 769 1144 quo
783 1104 937 1133 maturius
948 1126 957 1141 ,
972 1114 1067 1144 quam
1080 1113 1138 1144 par
1151 1108 1233 1141 erat,
1250 1104 1330 1134 Tro-

123 1159 205 1196 janis
219 1158 258 1188 de
267 1157 339 1188 sede
353 1169 434 1188 nova
445 1181 453 1195 ‚
470 1159 571 1198 qualis
585 1157 638 1186 ina
653 1157 759 1187 futura
775 1165 855 1188 esset
866 1180 874 1195 ‚
890 1165 1033 1188 constare
1046 1156 1175 1193 debuit,
1192 1157 1329 1194 Creusae,

127 1213 258 1253 inquam
270 1235 278 1250 ,
298 1213 458 1242 monitum
481 1212 541 1241 sub
566 1213 671 1252 ipsum
688 1211 860 1242 discessum
875 1222 916 1241 ex
939 1213 1033 1250 Troja
1051 1210 1108 1241 lib.
1136 1211 1185 1248 11,
1200 1221 1232 1240 ν.
1245 1210 1329 1248 780,

130 1265 191 1302 781
207 1266 297 1325 ’178²
308 1287 316 1303 ,
334 1266 397 1304 783
412 1288 420 1302 ‚
437 1265 526 1306 quod
548 1266 606 1295 etsi
629 1272 786 1305 quantum
801 1265 893 1295 licuit
909 1271 1094 1295 excusatum
1114 1263 1206 1301 dedi,
1222 1263 1330 1294 malim

128 1327 232 1350 tamen
247 1319 327 1349 illud
349 1320 509 1349 sublatum
525 1330 532 1350 :
550 1330 588 1350 eo
609 1320 694 1349 enim
711 1329 820 1349 omnes
839 1319 969 1360 reliquae
987 1321 1124 1350 rationes
1137 1318 1328 1356 turbamur,

127 1374 250 1413 quoties
264 1374 442 1403 accuratius
455 1374 489 1402 in
505 1373 573 1402 haec
590 1373 739 1413 inquiras.
752 1374 831 1403 Saue
848 1374 1009 1414 Hesperiae
1025 1383 1141 1403 nomen
1157 1372 1239 1403 bene
1252 1383 1329 1403 con-

127 1426 275 1456 veniebat
297 1426 452 1456 vaticiniis
464 1449 472 1463 ‚
491 1426 621 1467 quando
647 1425 853 1457 occidentalis
871 1428 959 1468 regio
983 1425 1242 1468 significabatur,
1258 1437 1330 1467 quae

126 1479 178 1509 ina
194 1486 282 1509 aetate
297 1481 378 1510 inter
390 1481 568 1521 incognitas
583 1487 679 1510 terras
694 1479 871 1511 habebatur
884 1491 900 1511 a
910 1482 1041 1511 Graecis.
1052 1482 1214 1511 Hactenus
1226 1481 1327 1511 bene:

127 1533 185 1562 Ad
195 1541 312 1562 terram
330 1533 517 1574 Hesperiam
538 1533 651 1564 venies
659 1546 672 1570 ;
687 1541 718 1564 et
742 1533 918 1564 condonari
933 1540 1077 1574 poterat,
1091 1535 1117 1563 si
1134 1544 1328 1574 quacunque

127 1587 160 1615 in
178 1593 258 1616 terra
278 1586 317 1617 ad
333 1587 531 1617 occidentem
546 1589 605 1617 sita
623 1587 711 1617 sedes
726 1586 823 1628 figere
839 1587 998 1617 volebant.
1013 1586 1115 1617 Modo
1128 1587 1252 1617 Tiberis
1263 1597 1327 1618 me-

129 1641 262 1671 moratio
276 1640 364 1671 nulla
381 1641 459 1671 facta
476 1643 570 1672 esset!
586 1643 632 1671 Ita
649 1648 733 1671 recte
744 1652 822 1671 mox
839 1642 872 1671 in
890 1641 981 1672 Creta
996 1640 1035 1670 de
1049 1641 1212 1681 Hesperia,
1228 1641 1328 1671 mani-

126 1695 236 1725 festius
260 1694 299 1726 de
317 1696 406 1727 Italia
428 1695 498 1725 fieri
521 1702 669 1737 poterat:
693 1698 761 1732 111,
789 1696 850 1726 163
871 1707 917 1737 sq.
939 1697 999 1725 Est
1013 1695 1118 1731 Iocus,
1138 1695 1327 1736 Hesperiam

131 1750 225 1781 Graii
240 1751 432 1793 cognomine
442 1750 549 1782 dicunt
562 1763 572 1781 .·
585 1775 642 1783 .....
662 1750 798 1781 OEnom·
811 1751 934 1781 coluere
946 1749 1013 1779 ‘vin'
1021 1761 1033 1785 ;
1049 1756 1081 1779 et
1097 1759 1197 1790 quum
1213 1749 1253 1780 de
1270 1759 1326 1780 ex·
1362 1741 1366 1745 ’

128 1807 242 1836 teriore
258 1806 344 1836 Italia
359 1806 420 1837 hoc
437 1807 537 1847 accipi
552 1813 658 1847 posset
669 1828 677 1844 ,
693 1816 770 1836 mox
792 1805 831 1836 ad
856 1806 1041 1836 interiorem
1059 1803 1182 1834 Italiam
1204 1805 1326 1835 avocati

128 1866 202 1889 sunt
221 1859 259 1889 ab
277 1860 400 1891 Heleno
419 1860 543 1891 AEneid.
561 1860 618 1891 lib.
635 1861 683 1890 111
695 1883 703 1897 ‚
725 1861 787 1890 381
803 1870 868 1902 seq.

173 1915 300 1945 Ascanii
324 1925 459 1952 nomen,
482 1923 512 1945 et
533 1914 655 1956 profuit
674 1922 776 1956 poetae
790 1915 985 1956 plurimum,
1001 1920 1032 1944 et
1049 1913 1164 1944 obfuit.
1185 1912 1327 1954 Palparit

126 1977 199 1998 sane
224 1969 370 2009 Angusto
397 1976 427 1998 et
453 1969 623 2006 Romanis,
655 1975 686 1999 et
709 1968 833 2000 Julium
856 1968 944 1998 sidus
973 1977 1094 1997 novum
1124 1965 1324 2007 splendorem

127 2023 238 2052 afferre
263 2024 395 2053 carmini
419 2023 539 2054 debuit.
561 2025 682 2053 Verum
705 2030 781 2053 sunt
799 2022 876 2059 alia,
898 2021 1016 2063 quibus
1040 2027 1188 2061 tanquam
1207 2031 1323 2062 scopu-

130 2076 166 2105 lis
185 2085 287 2116 poeta*
304 2078 467 2119 ingenium
489 2088 600 2119 parum
620 2084 748 2108 cautum
762 2077 927 2117 impegisse
946 2073 1045 2104 videri
1063 2081 1177 2115 potest.
1199 2076 1238 2105 In
1257 2085 1324 2105 mu-

128 2130 195 2167 jore
213 2132 316 2170 operis
335 2138 422 2171 parte
446 2132 602 2162 Ascanius
623 2139 669 2162 est
692 2141 772 2172 puer
791 2131 854 2169 jam
873 2129 945 2158 satis
964 2127 1108 2165 adultus,
1130 2129 1275 2169 inprimis
1289 2127 1324 2158 in

132 2182 210 2213 ludo
224 2186 326 2223 'l'rojae
342 2185 397 2216 lib.
414 2188 455 2223 V,
473 2187 536 2223 545
555 2195 623 2228 sqq.
640 2185 721 2227 (ubi
735 2191 837 2216 tamen
853 2182 1025 2224 prudenter
1047 2182 1204 2224 impubem
1218 2181 1323 2214 Iulum
