1414 2435
600 85 722 114 LIBER
745 86 822 114 XII.

120 148 223 181 Vocc
242 151 352 180 vocat
369 157 376 178 ε
391 141 539 191 quoties
553 141 684 177 oculos
702 140 862 189 conjecit
884 140 922 175 in
937 141 1103 187 hostem,

118 204 394 254 Alipedumque
415 202 542 251 fugam
562 213 676 238 cursu
696 200 855 237 tentavit
872 213 1079 249 equorum3

119 268 282 301 Aversos
302 263 412 298 toties
431 274 566 298 currus
585 264 749 298 Juturna
769 261 932 297 retorsit.
1265 269 1315 297 433

120 326 226 368 Heu,
247 322 339 372 quid
358 329 459 371 agat,
480 321 587 357 vario
600 320 858 369 nequidquam
872 320 1030 357 fluctuat
1051 328 1167 365 aestu3

119 383 366 431 Diversaeque
384 387 521 416 vocant
542 380 708 416 animum
724 379 763 415 in
783 379 974 416 contraria
990 392 1102 416 curae.

118 441 218 478 Huic
236 444 450 490 Messapus,
476 440 533 477 uti
549 440 642 476 laeva
664 439 741 475 duo
757 439 855 475 forte
872 438 1028 488 gerebat

117 503 254 546 Lenta,
275 500 367 536 levis
384 513 517 546 cursu,
536 499 693 549 praefixa
711 498 862 536 hastilia
878 499 1000 546 ferro,

117 563 265 597 Horum
281 573 399 596 unum
416 567 522 596 certo
542 568 796 608 contorquens
814 559 944 609 dirigit
958 560 1049 596 ictu.
1266 570 1316 600 490

117 619 295 658 Substitit
307 622 465 667 AEueas,
485 628 522 656 et
536 618 589 656 se?
595 620 746 669 collegit
765 620 804 655 in
825 632 946 666 arma,

116 681 262 730 Poplite
277 679 474 717 subsidens
491 694 498 715 :
521 680 666 730 apicem
681 689 806 716 tamen
822 680 937 717 incita
957 692 1143 717 summum

117 742 234 777 Hasta
250 740 353 785 tulit,
374 752 615 789 summasque
634 741 798 776 excussit
816 740 959 775 vertice
976 740 1119 775 cristas.

115 802 210 835 Tum
229 811 320 834 vero
340 798 549 847 adsurgunt
562 798 646 843 irae3
665 798 889 848 insidiisque
910 798 1107 844 subactus,

115 859 295 895 Diversos
315 857 383 893 ubi
402 858 517 894 sensit
537 870 655 907 equos
675 871 907 908 currumque
923 858 1076 905 referri,
1273 869 1313 897 ὶτιῑ

116 919 237 955 Multa
255 921 276 954 J
279 930 388 954 ovem
407 927 445 953 et
464 919 542 954 laesi
562 925 722 954 testatur
738 918 889 954 foederis
909 932 1014 963 ara53

115 982 135 1015 J
139 991 198 1015 am
216 978 367 1014 tandem
382 977 529 1014 invadit
548 977 692 1013 medios
705 1005 714 1022 ,
733 986 770 1013 et
789 979 914 1014 Marte
935 978 1101 1015 secundo

115 1035 331 1082 Terribilis,
349 1049 485 1073 saevam
504 1035 609 1071 nullo
625 1035 842 1072 discrimine
859 1036 1000 1072 caedem

117 1097 300 1141 Suscitat3
320 1096 539 1144 irarumque
556 1095 677 1131 omnis
697 1096 859 1132 effundit
872 1095 1050 1132 habenas.

170 1155 264 1200 Quis
279 1154 373 1191 mihi
387 1167 487 1191 nunc
499 1162 554 1191 tot
565 1154 701 1192 acerba
716 1155 808 1192 deus
818 1183 828 1201 ,
845 1156 929 1204 quis
943 1155 1109 1192 carmine
1124 1155 1243 1192 caedes
1263 1165 1311 1188 500

114 1214 291 1251 Diversas
303 1242 312 1259 ‚
330 1213 553 1263 obitumque
570 1213 727 1261 ducum,
743 1227 839 1264 quos
853 1227 1006 1263 aequore
1029 1224 1110 1252 toto

116 1360 139 1388 li
155 1358 274 1388 cedunt
299 1356 491 1387 ordines.—
503 1357 586 1393 483,
609 1358 686 1393 484.

117 1406 250 1445 Quoties
286 1414 303 1433 e
331 1403 509 1444 longinquo
540 1405 688 1433 Turnum

115 1449 378 1480 animadverterat
392 1459 531 1489 eumque
546 1449 689 1488 inseque-

116 1496 212 1526 batur
231 1496 276 1525 sic
287 1518 296 1532 ‚
311 1502 348 1525 ut
361 1496 424 1533 jam
448 1494 575 1535 aggredi
595 1494 689 1524 vellet

116 1549 175 1572 etc.
204 1544 342 1572 Tentare
362 1541 395 1571 h.
415 1541 437 1571 l.
461 1551 520 1581 pro
543 1542 685 1580 aasequi,

116 1589 269 1628 attingere
285 1597 293 1617 :
312 1587 421 1617 saltem
440 1588 476 1617 in
490 1597 528 1617 eo
545 1597 610 1616 esse
622 1609 630 1623 ‚
650 1594 687 1616 ut

116 1640 308 1673 assequatur.
333 1633 470 1663 Videtur
500 1640 604 1663 autem
621 1632 684 1673 (cf.

118 1690 149 1709 v.
173 1679 262 1718 465)
278 1681 390 1708 AEneas
411 1678 506 1718 pedes
526 1679 685 1710 incedere.

118 1743 165 1748 —
178 1731 220 1764 49
230 1735 255 1753 t.
272 1725 313 1752 Se
321 1724 450 1765 collegit
464 1725 497 1753 in
513 1726 687 1761 arma,int.

117 1773 150 1801 in
173 1771 343 1811 clypeum,
366 1780 430 1809 quo
451 1771 530 1799 texit
545 1780 596 1805 se,
618 1769 686 1811 ὑφι-

117 1815 214 1852 ζάνων
224 1839 233 1853 ,
249 1815 421 1845 subsidens.
436 1817 498 1846 Res
510 1817 624 1855 passim
634 1816 688 1846 ob⁴

117 1865 304 1902 vim—492.
321 1862 460 1891 Ennium
478 1861 593 1891 Annal,
610 1863 688 1891 XIV

117 1917 226 1939 tamen
247 1908 438 1938 indnvolans
456 1917 560 1936 secum
583 1906 688 1936 abstu-

119 1955 156 1985 Iit
187 1954 280 1985 hasta
310 1954 440 1994 Insigne
467 1960 538 1983 ante
578 1953 688 1983 oculos

118 2000 212 2031 fuisse
221 2000 367 2032 Macrob.
383 1999 547 2031 contendit
561 2001 686 2029 Satura.

123 2047 180 2083 IV,
195 2058 208 2077 1
220 2070 229 2084 ‚
242 2058 313 2088 pag.
329 2047 406 2085 578.
420 2063 467 2069 ——
481 2051 558 2086 494.
579 2047 687 2074 Insur-

119 2099 200 2133 gunt
211 2093 337 2123 Vratisl.
355 2092 499 2122 Subactis
508 2102 580 2133 pars
593 2090 686 2122 codd.

121 2138 206 2178 apud
221 2139 327 2169 Burm.
348 2149 422 2169 cum
444 2138 544 2177 ejusd.
567 2137 616 2168 ed.
641 2149 688 2178 pr.

123 2190 153 2213 et
183 2183 314 2215 Mediol.
345 2187 384 2215 In
407 2184 539 2216 Mentel.
564 2195 612 2224 pr.
639 2183 690 2214 ad-

742 1358 856 1396 scripta
881 1357 985 1397 glossa
1002 1367 1013 1386 .·
1039 1356 1072 1386 id
1097 1363 1142 1386 est
1162 1358 1294 1397 repulsis
1307 1382 1315 1393 ,

742 1402 829 1443 quod
845 1413 912 1433 non
928 1413 1077 1443 assequor
1087 1414 1095 1439 ;
1107 1403 1162 1432 sed
1178 1414 1235 1433 nec
1250 1405 1318 1434 vul-

741 1455 847 1489 gatum
883 1450 956 1478 satis
991 1449 1106 1478 diserte
1147 1458 1314 1490 exponunt

741 1496 849 1534 Intpp.
865 1497 963 1532 Nam,
983 1497 1008 1525 si
1032 1495 1177 1524 subactus
1194 1503 1239 1525 est
1262 1507 1314 1526 co-

740 1547 828 1570 actus
839 1563 847 1577 ‚
859 1542 968 1579 jejuna
987 1540 1024 1570 fit
1041 1543 1154 1571 oratio.
1177 1543 1314 1583 Accipio

740 1586 900 1621 subactas,
932 1594 969 1616 ut
1004 1587 1143 1616 domitus
1154 1609 1162 1624 ‚
1191 1589 1294 1618 victus
1306 1612 1312 1623 ‚

741 1629 910 1674 δαμασθεὶς
921 1656 930 1669 ,
952 1632 991 1662 de
1007 1635 1051 1663 ira
1062 1656 1070 1667 ,
1091 1640 1222 1673 propter
1236 1635 1313 1663 insi-

741 1679 823 1715 dias,
838 1679 957 1719 quibus
979 1680 1113 1720 petitum
1129 1689 1161 1708 se
1180 1679 1312 1709 viderat.

740 1726 790 1755 Sic
813 1725 887 1754 alias
903 1725 1054 1759 adactus,
1075 1731 1249 1764 permotus.
1267 1743 1310 1748 —

740 1770 870 1800 Insidiis
882 1770 1026 1800 subactus
1037 1793 1045 1806 ‚
1063 1770 1108 1798 ira
1123 1776 1254 1809 propter
1267 1772 1313 1800 in-

741 1815 834 1845 sidias
852 1816 912 1845 sibi
930 1816 1026 1844 factas
1045 1816 1157 1844 victus.
1175 1829 1220 1838 —-
1233 1821 1312 1856 499.

742 1862 869 1890 Servius
885 1870 892 1890 :
910 1875 924 1886 α
940 1868 971 1890 et
983 1860 1036 1890 hic
1051 1859 1211 1890 moderare
1226 1862 1313 1891 locu-

742 1920 755 1931 r-
772 1914 822 1936 tus
836 1913 891 1936 est.
906 1908 985 1937 Nam
997 1907 1118 1936 Ennius
1131 1906 1213 1935 dixit
1228 1917 1235 1937 :
1251 1908 1313 1937 ira—

742 1966 757 1978 ιι
772 1963 903 1992 rumque
919 1950 1049 1993 effunde
1067 1952 1250 1994 quadrigas.
1264 1968 1279 1979 »ι

790 2000 866 2029 500.
885 2001 983 2029 Erant
1020 1998 1197 2039 superanda
1225 2010 1313 2030 nunc

742 2051 789 2075 tot
823 2044 880 2074 alia
916 2045 985 2075 loca
1023 2043 1062 2074 de
1094 2045 1313 2086 congressibus

742 2093 952 2132 pugnantium
963 2112 972 2127 ‚
988 2091 1088 2131 ipsius
1111 2100 1240 2131 quoque
1257 2094 1312 2122 AE-

744 2147 812 2167 neae
836 2144 866 2167 et
893 2138 1006 2168 Turni.
1038 2137 1121 2166 Hinc
1153 2137 1314 2168 invocatio

746 2182 798 2214 dei
813 2183 955 2222 alicujus,
975 2183 1102 2214 Servius
1123 2182 1230 2213 laudat
1247 2186 1314 2214 Sta-

1083 2242 1150 2280 23*
