1414 2435
591 94 714 128 LIBER
738 99 796 129 XI.

1237 100 1298 136 ¹73

97 156 410 205 Contulimusque
431 166 563 191 manus
583 169 590 191 :
611 164 779 203 experto*
792 154 956 201 credite,
976 162 1138 205 quantus

98 221 142 255 In
163 218 335 267 clypeum
354 216 550 265 adsurgat,
571 229 647 265 quo
668 215 820 252 turbine
840 225 1017 265 torqueat
1033 215 1189 254 hastam.

99 277 140 314 Si
164 277 239 313 duo
258 283 441 326 praeterea
461 276 552 312 tales
570 276 672 312 Idaea
691 276 836 312 tulisset

1248 284 1296 308 285

96 339 215 373 Terra
233 336 353 382 viros,
375 337 476 373 ultro
494 335 667 372 Inachias
683 336 847 372 venisset
867 335 914 372 ad
935 334 1049 373 urbes

97 397 317 442 Dardanus,
334 405 371 433 et
386 397 505 434 versis
525 397 671 445 lugeret
691 396 838 432 Graecia
858 396 954 432 satis.

99 456 295 506 Quidquid
315 457 417 507 apud
439 456 542 492 durae
566 465 750 492 cessatum
769 464 824 492 est
842 457 979 492 moenia
998 456 1141 506 Trojae,

97 517 273 553 Hectoris
293 519 496 565 AEneaeque
516 529 629 552 manu
646 515 806 552 victoria
827 517 985 553 Graium

98 577 235 622 Haesit,
257 586 293 613 ct
312 577 351 612 in
371 576 572 613 decumum
589 576 748 626 vestigia
767 577 911 612 rettulit
930 588 1081 612 annum.

1249 593 1297 617 290

98 636 223 672 Ambo
243 635 394 681 animis,
414 635 525 672 ambo
542 635 705 684 insignes
726 635 992 684 praestantibus
1012 635 1142 681 armis3

98 695 170 731 Hic
188 695 328 744 pietate
348 695 455 743 prior
474 709 481 730 :
503 703 637 731 coeant
657 695 696 730 in
713 695 854 731 foedera
873 694 1034 739 dextrae,

102 758 188 800 Qua
208 755 337 800 datm-3
358 763 431 799 ast,
453 755 566 790 armis
587 764 816 790 concurrant
834 767 956 799 arma,
977 762 1117 790 cavete.
1138 771 1152 786 n

101 832 116 847 «
133 817 180 850 Et
199 826 380 863 responsa
398 813 508 849 simul
529 826 613 862 quae
633 813 725 859 sint,
745 827 814 850 rex
831 822 1006 863 optume,
1026 814 1126 863 regis

99 873 268 918 Audisti,
290 880 327 909 et
344 885 427 922 quae
447 872 495 909 sit
514 885 650 922 magno
670 873 855 910 sententia
873 872 985 909 hello.
1005 890 1020 906 »

100 1018 131 1041 et
150 1013 261 1040 AEneas
289 1009 444 1050 singulari
476 1010 669 1047 certamine3

101 1057 205 1087 sedin
218 1066 324 1097 pugna
340 1056 402 1085 hoc
419 1056 533 1095 saepius
555 1055 673 1085 factum

101 1113 282 1143 supponere
296 1108 326 1130 et
340 1100 460 1142 fingere
470 1102 545 1131 licet
561 1109 672 1141 poetae.

102 1149 224 1177 —283
238 1170 246 1184 ,
265 1148 341 1183 284.
375 1149 521 1187 Quantus
546 1147 579 1176 in
608 1148 673 1186 cly-

97 1205 195 1234 peum
212 1200 368 1233 assurgat.
395 1195 442 1223 De
467 1204 520 1230 eo,
538 1194 593 1233 qui
611 1194 674 1234 gla-

103 1240 158 1269 dio
176 1239 272 1269 infert
300 1239 437 1276 vulnus,
461 1239 534 1268 alias
553 1239 674 1269 dictum

103 1285 261 1315 vidimus:
291 1295 469 1326 assurgere,
492 1285 543 1314 vel
573 1285 674 1315 insur-

100 1342 177 1373 gere
186 1354 196 1368 ‚
209 1332 301 1372 erigi,
316 1330 348 1360 ιή
361 1330 455 1360 ictum
466 1353 474 1366 ‚
489 1331 520 1360 in
535 1330 671 1367 hastam,

104 1377 137 1407 in
153 1388 259 1407 ensem
276 1375 464 1419 (ἐφύπερθεν
491 1374 623 1418 ἀερθεὶς,
638 1384 675 1406 ut

104 1423 219 1464 Odyss.
241 1434 269 1460 ι,
290 1423 352 1453 383
365 1423 397 1463 );
415 1431 445 1452 at
467 1423 500 1454 h.
522 1423 543 1453 l.
564 1423 596 1452 in
610 1422 675 1462 cly-

98 1480 195 1509 peum
207 1492 215 1505 ‚
233 1471 305 1509 quia
331 1469 412 1499 elato
437 1470 472 1498 in
494 1470 592 1499 altum
607 1469 675 1509 cly—

103 1525 164 1555 peo
187 1515 307 1544 hastam
334 1515 456 1552 vibrat3
484 1526 620 1555 namque
650 1516 676 1544 is

103 1561 256 1591 naturalis
275 1568 381 1591 motus
405 1568 470 1598 est,
492 1568 522 1590 et
545 1561 584 1590 ad
604 1571 675 1590 cor-

103 1617 162 1647 pus
188 1606 345 1637 tuendum
379 1607 473 1637 valet.
497 1606 552 1637 Nil
579 1617 676 1647 expe—

103 1652 198 1682 diunt
221 1653 348 1683 Servius
364 1659 395 1682 et
416 1653 584 1684 Cerda.·--
597 1653 674 1682 285.

105 1698 202 1728 Color
214 1698 317 1733 idem,
338 1699 440 1737 quiin
455 1698 676 1738 pulcherrimis

105 1754 201 1774 verss.
230 1742 321 1772 Iliad.
341 1741 382 1780 β,
412 1744 677 1782 371—374.--
708 1739 709 1743 Ἰ

108 1789 185 1827 287.
202 1788 375 1818 Dardanus
394 1799 453 1828 pro
470 1789 650 1819 Dardanius
667 1799 675 1820 ε

105 1842 143 1865 ut
165 1846 236 1875 sup.
266 1837 324 1872 IV,
355 1835 420 1864 662
433 1857 441 1871 ‚
463 1841 493 1864 et
523 1834 586 1865 hoc
617 1845 677 1875 pro

105 1881 295 1916 Dardaniis,
318 1882 483 1919 Trojanis3
506 1887 678 1920 utrumque

107 1938 148 1958 ex
165 1934 334 1968 poetarum
361 1938 459 1958 more.
485 1928 585 1956 Etiam
608 1927 680 1956 Pin-

108 1973 176 2004 dar.
195 1975 286 2005 Nem.
308 1974 376 2010 ΙΙΙ,
405 1973 468 2003 106
488 1968 679 2015 Δαρδάνωη

109 2026 140 2049 et
154 2019 246 2050 Iliad.
268 2017 304 2058 β,
327 2030 388 2057 701
417 2015 575 2062 Δάρδανος
593 2016 680 2061 ἀϊιῖρ.

109 2082 155 2089 -
179 2066 256 2097 288.
291 2065 467 2106 Quicquid,
501 2071 676 2106 quantum,

111 2110 158 2152 ἐφ’
175 2109 242 2142 ὅσον
254 2134 263 2150 ,
281 2122 338 2153 per
351 2122 444 2142 omne
463 2118 588 2152 tempus
599 2135 612 2149 ,Α
624 2121 681 2152 per

110 2157 199 2197 quod
219 2164 372 2188 cessatum
402 2165 449 2188 est
462 2169 473 2188 :
498 2168 569 2198 quae
593 2167 681 2188 mora

111 2203 230 2234 excidii
255 2203 346 2235 facta.
368 2221 414 2228 —--
439 2204 601 2235 Certatum
638 2211 685 2234 esc

1252 883 1297 915 295

725 1010 934 1050 Apronianus
962 1009 1142 1039 emendarat
1167 1011 1202 1040 in
1230 1013 1299 1041 Me-

727 1056 818 1086 diceo
830 1078 838 1093 ,
853 1066 1029 1097 perperam.
1059 1056 1220 1086 Cessatum
1237 1065 1297 1093 est,

727 1103 833 1143 inquit
857 1104 987 1139 Heius„
1008 1104 1128 1143 optime
1151 1103 1301 1143 exprimit

728 1149 906 1178 tarditatem
926 1148 1012 1179 belli.
1032 1149 1130 1189 Apud
1153 1151 1300 1179 Senecam

728 1201 851 1234 patrem
870 1196 996 1225 Suasor.
1020 1197 1071 1231 ΙΙ,
1090 1206 1122 1235 p.
1141 1195 1182 1224 23
1200 1206 1300 1235 quum

726 1241 874 1270 laudatus
904 1247 983 1270 esset
1022 1241 1150 1270 Abroni
1183 1241 1300 1271 Silonis

727 1295 855 1316 versus:
871 1285 948 1315 belli
964 1296 1053 1315 mora
1069 1285 1209 1315 concidit
1222 1288 1300 1316 Hec-

729 1339 792 1368 tor,
821 1331 1038 1370 subjiciuntur
1063 1331 1131 1361 haec
1157 1340 1164 1361 :
1192 1339 1301 1361 notate

723 1389 795 1418 prce
827 1377 952 1413 ceteris,
989 1385 1111 1418 quanto
1139 1377 1302 1407 decentius

731 1423 881 1465 Virgilius
893 1423 1014 1453 dixerit
1032 1423 1090 1453 lzoc
1101 1446 1109 1460 ,
1126 1423 1215 1464 quod
1226 1424 1301 1453 val-

729 1469 769 1499 de
787 1476 857 1499 erat
871 1469 992 1498 celebre
1009 1480 1020 1498 .·
1039 1469 1202 1510 Quicquid
1216 1469 1301 1510 apud

729 1516 914 1544 -victoria
935 1515 1066 1544 Graium
1094 1515 1196 1545 haesit.
1220 1517 1302 1545 Mes-

730 1561 804 1590 sala
832 1561 958 1597 aiebat,
987 1560 1037 1590 hic
1054 1560 1221 1602 Virgilium
1249 1561 1302 1590 de-

731 1607 831 1636 buisse
847 1606 992 1636 desinere
1006 1617 1017 1636 .·
1037 1607 1125 1648 quod
1137 1607 1278 1648 sequitur
1290 1619 1301 1636 .-

729 1661 761 1683 et
782 1654 816 1682 in
835 1653 1002 1682 decumum
1017 1652 1161 1695 vestigia
1183 1653 1304 1683 rettulit

729 1709 850 1729 anuum
860 1721 868 1735 ,
883 1699 1117 1739 explementum
1133 1709 1209 1728 esse.
1225 1701 1303 1728 17!ae-

729 1755 826 1774 cenas
850 1744 908 1774 Ῐιοσ
934 1744 1030 1773 etiam
1050 1743 1155 1784 priori
1177 1755 1304 1784 compa-

731 1791 835 1820 rabat.
874 1790 1123 1820 Assentiendum
1165 1789 1303 1820 arbitror

730 1835 883 1866 Messalae.
893 1852 939 1857 --
949 1835 1051 1864 Haesit
1060 1858 1068 1870 ,
1082 1835 1236 1865 retardata
1246 1842 1303 1866 est.

732 1881 860 1910 subsitit
887 1881 1020 1910 victoria
1046 1880 1248 1911 Achivorum
1273 1888 1304 1911 et

734 1926 841 1956 retulit
854 1925 1014 1968 vestigia,
1032 1926 1151 1967 relapsa
1169 1934 1215 1956 est
1226 1949 1235 1964 ‚
1252 1937 1304 1957 eo-

734 1983 796 2013 que
819 1972 915 2002 dubia
930 1979 961 2002 et
979 1973 1097 2002 incerta
1111 1973 1173 2002 fuit
1187 1974 1304 2003 Hecto-

735 2019 777 2047 ris
802 2025 832 2048 et
850 2021 954 2048 AEneae
975 2029 1070 2059 opera
1088 2028 1096 2049 z
1120 2018 1179 2049 hos
1198 2025 1303 2049 autem

732 2065 944 2102 Trojanomm
961 2065 1145 2095 fortissimos
1161 2066 1226 2106 ipse
1242 2066 1307 2096 Ho-

733 2121 839 2140 merus
851 2112 1071 2151 pronuntiavit
1081 2110 1171 2142 Iliad.
1187 2122 1214 2154 p,
1227 2111 1245 2142 5
1253 2121 1264 2141 1
1274 2112 1304 2142 3.

735 2157 776 2187 cf.
796 2156 885 2187 Iliad.
913 2167 925 2186 ε
938 2179 946 2195 ,
973 2158 1035 2196 467
1049 2180 1058 2192 ,
1081 2158 1215 2193 468.-
1227 2158 1303 2198 295.

739 2204 818 2243 Quce
835 2202 876 2233 sit
893 2214 1010 2245 magno
1032 2204 1190 2234 sementia
1210 2204 1305 2234 bello.

1117 2265 1181 2303 15*
