1414 2435
91 63 132 92 88
589 64 782 95 AENEIDOS

88 118 190 155 Urbs
208 121 365 155 Etrusca
383 118 474 155 solo.
495 120 676 169 Sequitur
695 119 973 169 pulcherrimus
993 122 1128 164 Astur,
1235 129 1281 152 180

86 182 203 216 Astur
221 192 319 228 equo
339 179 475 226 fidens,
493 188 530 216 et
545 179 839 217 versicoloribus
859 180 983 217 armis.

84 241 311 275 Tercentum
331 239 530 290 adjiciunt,
551 253 655 276 mens
675 240 851 278 omnibus
873 253 947 277 una
968 239 1167 289 sequendi,

86 299 163 345 Qui
182 301 324 335 Caerete
340 299 472 345 domo,
492 299 559 349 qui
575 308 663 337 sunt
682 300 862 338 Minionis
881 300 921 336 in
940 300 1059 346 arvis,

85 360 132 395 Et
151 359 264 408 Pyrgi
283 366 448 404 veteres,
468 359 779 409 intempestaeque
800 360 1007 397 Graviscae.

136 420 225 455 Non
244 431 313 467 ego
334 426 389 463 te,
409 418 594 467 Ligurum
612 418 749 455 ductor
767 418 971 455 fortissime
991 418 1109 463 bello,

1236 427 1283 450 185

84 478 332 524 Transierim‚
352 478 510 527 Cinyra3
531 487 568 514 et
585 477 716 526 paucis
737 478 913 516 comitate
931 481 1106 529 Cupav0,

85 540 200 589 Cujus
221 539 376 576 olorinae
396 547 557 588 surgunt
578 537 625 574 de
642 537 786 574 vertice
805 551 961 588 pennae;
1076 582 1079 584 ,

83 599 234 635 Crimen
253 610 360 634 amor
377 606 565 643 vestrum,
583 597 791 646 formaeque
809 597 955 647 insigne
975 607 1153 646 paternae.

82 660 256 706 Namque
273 658 400 694 ferunt
418 657 524 693 luctu
543 659 714 705 Cycnum
734 657 951 694 Phaetontis
971 657 1103 702 amati,

83 717 269 766 Populeas
288 716 388 753 inter
405 715 549 752 frondis
566 715 818 765 umbramque
837 729 1013 754 sororum

1237 733 1284 757 790

84 779 187 813 Dum
207 776 325 821 canit,
345 785 382 814 et
401 784 575 813 moestum
592 789 699 813 musa
719 776 863 813 solatur
881 789 1068 821 amorem,

85 838 291 874 Canentem
310 835 413 873 molli
431 836 560 887 pluma
579 835 730 873 duxisse
751 844 959 883 senectam,

79 979 189 1008 Burm.
201 998 210 1014 ‚
224 983 255 1006 et
267 983 351 1007 recte
363 999 370 1014 ,
391 976 528 1007 arbitror
540 987 548 1013 ;
563 977 656 1017 quip-

82 1034 122 1064 pe
138 1023 311 1063 elegantius
327 1022 411 1052 dicas
430 1022 523 1052 Pisas
537 1023 577 1052 ab
593 1022 656 1052 ori-

81 1069 161 1111 gine
186 1068 349 1109 Alpheas,
381 1079 477 1110 quam
498 1068 591 1098 Pisas
615 1069 655 1098 ab

84 1114 209 1156 origine
234 1114 372 1155 Alphea.
402 1113 580 1146 Wakefield
608 1125 656 1144 re-

84 1160 181 1191 finxit
197 1171 204 1191 :
230 1162 296 1190 Hos
317 1171 434 1201 parere
455 1161 562 1202 jubet,
596 1161 657 1190 Al-

79 1207 176 1249 pheae
202 1207 242 1236 ab
266 1207 409 1247 origine,
442 1207 526 1236 Pisce
557 1206 652 1241 Urbs,

83 1256 221 1284 Etrusca
245 1253 323 1283 solo.
339 1267 386 1275 --
402 1252 551 1282 Similiter
578 1254 655 1283 Stat.

85 1299 186 1331 Theb.
202 1301 260 1336 IV,
279 1299 341 1338 ¹73
362 1297 444 1328 Huic
454 1309 570 1338 parere
587 1297 659 1327 dati

84 1356 163 1387 quos
179 1352 239 1375 etc.
268 1345 350 1374 Pisce
366 1343 504 1384 Alplzeae
521 1355 545 1374 s.
569 1345 655 1381 Pisa,

85 1392 125 1422 ab
152 1393 190 1422 iis
222 1390 367 1427 condita,
389 1391 445 1430 qui
466 1391 535 1420 Pisa
558 1390 656 1421 Elidis

83 1438 219 1479 profecti
240 1445 344 1474 eraut;
360 1436 445 1466 uude
461 1435 597 1476 Alpheae
615 1436 656 1465 ab

84 1484 217 1526 origine,
231 1494 289 1524 pro
299 1506 307 1518 ‚
324 1483 363 1512 ab
378 1483 498 1524 origine
512 1482 633 1522 Alphea
643 1505 651 1519 ,

83 1541 139 1560 seu
154 1530 256 1560 Eliaca
268 1541 276 1565 ;
290 1536 319 1558 at
335 1529 419 1564 solo,
436 1528 509 1558 sede
526 1538 560 1557 ac
573 1529 635 1557 situ
645 1550 653 1565 ‚

85 1575 162 1606 urbs
194 1577 391 1605 Etrusca.—-
407 1575 443 1604 18
454 1585 480 1604 1.
511 1575 601 1614 Equo
609 1574 655 1616 fi-

82 1622 181 1658 dens,
208 1628 317 1651 ornate
349 1631 408 1660 pro
440 1620 559 1650 habeus
570 1642 577 1656 ‚
615 1627 652 1649 ut

80 1669 212 1698 Homer.
237 1664 411 1703 πεποιθώς,
431 1665 540 1708 ἠνορέῃ
563 1663 652 1695 πίσυ-

80 1723 128 1749 νις
144 1710 199 1744 καὶ
224 1711 334 1755 κάρτεϊ
351 1715 479 1755 χειρὼη
498 1713 573 1741 alias
601 1722 649 1741 su-

76 1759 190 1800 perbus
221 1770 311 1800 equo.
338 1758 582 1788 Versz'coloribns
599 1768 650 1786 ar-

81 1806 139 1835 mis
150 1829 158 1842 ‚
174 1817 190 1836 e
201 1805 332 1835 diversis
342 1805 484 1835 metallis.
495 1805 546 1834 Sic
562 1803 650 1833 Iliad.

82 1862 93 1881 ε
105 1874 112 1887 ,
127 1853 189 1887 502,
208 1849 274 1882 ἐπεὶ
290 1847 407 1881 xxti&
423 1847 522 1880 κλυτὰ
538 1848 653 1890 τεύχεσι

78 1896 208 1928 nemim.
227 1900 349 1940 χαλκῷ.
376 1899 444 1927 Hoc
461 1897 566 1926 malim
591 1896 653 1926 huc

80 1943 202 1973 trahere
219 1955 312 1984 qnam
329 1942 420 1974 zeiza
433 1942 548 1983 τεύχεα.
563 1942 650 1972 Iliad.

81 2000 112 2025 ε,
136 1990 200 2029 295
220 2000 226 2020 ι
253 1988 439 2031 αἰελιῡώργξ
463 1989 548 2030 apud
574 1999 651 2017 run-

80 2036 150 2065 dcm
162 2058 170 2069 ,
191 2035 278 2075 quod
292 2035 330 2064 d·-
346 2043 434 2064 1u‹»tu
451 2037 557 2075 potius
573 2035 652 2063 acci-

77 2081 230 2122 piendum
247 2082 333 2110 vario
349 2092 383 2110 ac
398 2081 502 2117 celeri,
515 2088 549 2109 ut
562 2090 650 2122 mpu-

78 2125 197 2162 θαίολις
218 2134 247 2156 ct
265 2127 322 2156 alia
344 2127 426 2155 dicta
446 2126 648 2156 suun—182

78 2191 123 2197 --
139 2174 212 2209 18]..
232 2174 377 2203 Asturcm
394 2179 574 2214 sequuntur
591 2178 650 2201 trc-

710 978 794 1007 centi
813 987 853 1007 ex
878 978 982 1014 Caere,
1003 982 1034 1006 et
1053 986 1129 1016 agro
1154 975 1195 1005 ad
1217 977 1280 1006 Mi-

709 1025 839 1054 nionem
849 1046 857 1060 ,
870 1024 980 1064 Pyrgis
994 1029 1024 1052 et
1037 1023 1205 1052 Graviscis.
1221 1022 1282 1052 Sed

710 1080 768 1100 cur
782 1077 845 1100 tam
861 1071 953 1110 pauci
969 1080 1009 1098 ex
1025 1069 1103 1098 urhe
1121 1075 1190 1097 tum
1206 1078 1285 1108 opu·

708 1115 794 1145 lenta
808 1117 915 1147 Caere?
931 1116 1013 1155 Quia
1034 1115 1120 1144 mille
1140 1114 1214 1143 hinc
1230 1114 1283 1143 ab-

709 1161 844 1192 duxerat
872 1162 1050 1192 Mezentius
1075 1171 1169 1201 supra
1195 1161 1258 1190 vn
1270 1183 1278 1197 ‚

710 1208 776 1237 652
789 1230 798 1245 ‚
816 1209 894 1238 653.
917 1206 1087 1246 Acll'iciunt
1104 1212 1281 1236 tercentum

709 1254 805 1284 viros
820 1253 862 1290 ii,
888 1252 945 1294 qui
959 1260 1033 1282 sune
1052 1252 1172 1282 Caerere
1187 1251 1282 1282 domo

710 1306 771 1330 etc.
783 1321 792 1336 ‚
805 1300 873 1330 scil.
894 1300 951 1339 qui
973 1299 1070 1329 domo
1086 1304 1161 1328 sunt
1180 1298 1281 1328 Caere-

711 1347 794 1382 tani,
815 1345 848 1376 h.
875 1356 902 1376 e.
925 1345 955 1374 ei
979 1344 1078 1374 additi
1096 1351 1188 1381 sunt,
1207 1355 1281 1374 eum

711 1392 915 1422 comitantur.
937 1392 1085 1421 Burman.
1106 1390 1281 1420 secundum

709 1439 854 1469 Servium
885 1437 1012 1478 supplet
1042 1435 1202 1475 adjiciunt
1226 1447 1279 1471 se,

709 1494 768 1513 nec
777 1484 914 1513 multum
924 1482 1040 1512 recedit
1054 1481 1177 1512 Probus
1187 1504 1195 1518 ‚
1207 1483 1276 1522 qui,

708 1529 862 1569 adjacent
887 1536 918 1558 ee
944 1527 1038 1568 quasi
1057 1527 1158 1568 stt-tta
1186 1536 1260 1557 sunt
1270 1551 1278 1562 ,

708 1575 932 1614 interpretatus
947 1581 1024 1604 erat.
1035 1591 1081 1596 —
1096 1574 1170 1608 184.
1184 1573 1279 1612 Phyr-

701 1620 754 1662 ἔμ’,
781 1620 906 1662 phrigi,
936 1619 1042 1661 Pirgi‚
1070 1619 1222 1649 scribitur
1250 1627 1281 1650 et

707 1666 797 1707 Pagi.
807 1668 887 1697 Sunt
899 1665 1280 1709 numen—Intempestae

707 1713 746 1742 G.
757 1713 836 1742 aeris
846 1713 1044 1752 intemperie,
1055 1721 1156 1752 quum
1171 1713 1205 1741 in
1221 1711 1280 1741 hu·

707 1759 774 1788 miti
788 1769 823 1788 ac
841 1759 972 1799 palustri
992 1758 1065 1788 loco
1079 1764 1182 1788 essent
1198 1758 1277 1787 sitae.

759 1815 770 1834 r
778 1815 832 1845 92.
850 1807 970 1834 Ferunt
979 1805 1125 1845 Cycnum
1136 1803 1275 1839 ciuisse,

707 1850 871 1881 induxisse
886 1851 946 1880 sibi
957 1873 965 1887 ,
982 1857 1110 1880 nactum
1126 1860 1209 1885 esse,
1230 1860 1278 1878 sr-

707 1904 833 1926 nectam
852 1903 1022 1926 canentem
1040 1894 1132 1925 molli
1142 1895 1256 1935 pluma
1270 1918 1278 1931 ‚

707 1942 856 1972 candidas
872 1942 994 1982 plumas
1005 1964 1013 1977 ‚
1029 1952 1100 1981 qnae
1117 1951 1176 1981 pro
1192 1943 1278 1971 canis

705 1995 824 2023 osseum
839 1988 921 2017 exile
937 1993 1032 2022 esset.
1053 1988 1079 2016 si
1096 1988 1254 2027 acciperes
1270 1998 1277 2017 :

705 2044 779 2063 eum
802 2033 949 2067 duxisse,
978 2033 1093 2073 egisse,
1114 2041 1278 2063 senectam

704 2086 870 2109 canentem
884 2079 997 2119 pluma
1008 2101 1016 2113 ‚
1036 2079 1080 2108 sic
1098 2086 1132 2108 nt
1149 2079 1280 2110 haberet

704 2125 826 2166 plumas
854 2136 913 2165 pro
945 2126 1065 2156 canis.-
1082 2125 1114 2154 in
1138 2135 1275 2165 (Tenum

705 2178 862 2201 mutatus:
882 2172 927 2201 uti
945 2171 1008 2201 fert·
1026 2170 1191 2202 Claudian.
1211 2173 1273 2210 V13
