1414 2435
133 91 175 122 52
632 94 825 126 AENEIDOS

126 152 210 186 Jam
228 161 346 186 cornu
365 157 469 199 petat
485 157 522 187 et
542 149 705 200 pedibus
725 153 790 201 qui
809 137 961 203 spargat
979 165 1142 190 arenam.
1163 169 1178 186 n

125 209 277 255 Audiit,
297 219 334 246 et
353 209 437 246 coeli
456 210 616 247 Genitor
633 211 680 248 de
702 221 809 261 parte
828 226 960 250 serena

1273 223 1322 246 630

126 268 295 305 Intonuit
314 268 450 305 laevum
466 284 474 305 :
494 278 602 307 sonat
621 283 697 306 una
714 270 840 308 fatifer
857 285 977 310 arcus.

122 328 266 378 Effugit
283 328 518 366 horrendum
538 329 700 367 stridens
723 331 886 369 adducta
904 333 1059 382 sagitta,

123 389 270 437 Perque
289 398 401 438 caput
421 390 572 444 Remuli
589 391 712 436 venit,
732 399 773 428 et
788 405 880 429 cava
897 402 1069 443 tempora
1088 394 1189 431 ferro

122 448 290 499 Trajicit.
308 467 323 482 «
345 453 381 494 I,
401 449 529 486 verbis
549 450 730 487 virtutem
751 451 879 489 inlude
897 454 1084 502 superbis.

120 508 182 545 Bis
202 509 302 558 capti
321 509 487 559 Phryges
508 508 589 545 haec
606 510 759 546 Rutulis
778 523 959 559 responsa
977 512 1214 549 remittunt.»

1269 521 1318 545 635

120 569 213 603 Haec
230 577 376 604 tantum
392 567 587 604 Ascanius.
608 568 745 603 Teucri
765 569 928 605 clamore
945 579 1174 618 sequuntur,

120 627 346 675 Laetitiaque
364 627 548 671 fremunt,
569 627 788 675 animosque
805 627 853 663 ad
871 627 995 663 sidera
1017 629 1162 665 tollunt.

171 686 343 724 AEtheria
363 695 443 722 tum
463 686 560 722 forte
577 685 686 734 plaga
706 686 863 722 crinitus
885 687 1023 736 Apollo

121 750 295 796 Desuper
314 745 500 782 Ausonias
518 745 616 781 acies
634 745 846 795 urbemque
863 746 1036 793 videbat,

121 804 234 844 Nube
253 804 402 852 sedens,
420 812 533 854 atque
553 804 611 842 his
631 804 815 842 victorem
833 804 983 843 adfatur
1002 807 1127 844 Iulum
1149 822 1157 844 t

124 986 391 1029 matreserentem
400 999 414 1024 ;
426 987 577 1028 aequalem
586 989 690 1025 matri,

120 1037 186 1075 jam
211 1034 365 1065 adultum.
389 1028 564 1077 Ῐσομοίτορα
595 1033 689 1076 αμνὸν

122 1091 163 1112 ex
180 1081 317 1112 Theocr.
331 1080 439 1110 laudat
462 1081 607 1111 Guellius
617 1103 626 1117 ‚
642 1080 690 1110 Id.

122 1139 161 1164 η,
192 1133 244 1163 14.
259 1145 306 1150 ——-
329 1127 407 1157 630.
428 1127 520 1158 Conf.
545 1126 634 1157 Iliad.
655 1137 690 1164 0,

123 1175 187 1211 377
204 1179 235 1203 et
247 1173 333 1203 alibi.
344 1190 390 1196 --
400 1173 442 1202 63
451 1183 478 1203 1.
491 1174 593 1202 Sonat
605 1183 686 1208 ιιηα,

120 1216 218 1262 Λίγξε
234 1217 296 1257 βιὸς
313 1226 372 1250 etc.
389 1219 479 1249 Iliad.
496 1215 535 1255 ὃ,
556 1219 630 1248 125.
644 1235 692 1241 —·

121 1266 200 1295 632.
229 1267 274 1294 Ec
285 1264 377 1306 fugit
395 1265 429 1294 in
453 1267 546 1296 Rom.
570 1271 602 1294 et
623 1265 691 1294 aliis

119 1311 242 1342 Pierius
260 1311 442 1348 invenerat,
464 1312 571 1350 sicque
590 1310 688 1340 Goth.

119 1368 180 1387 sec.
200 1363 231 1386 et
257 1356 311 1386 alii
332 1356 416 1397 apud
441 1358 605 1393 Servium,
633 1357 690 1396 qui

120 1401 234 1443 qsscgic
264 1403 423 1442 praetulit,
454 1401 550 1441 idque
582 1408 690 1432 tuetur

119 1449 279 1479 Heinsius.
297 1449 329 1477 Si
353 1454 459 1477 tamen
481 1448 635 1476 rationem
659 1453 692 1476 et

119 1505 214 1524 usum
230 1495 264 1523 in
281 1493 336 1523 illo
356 1491 424 1535 ἅμα.
442 1489 496 1522 καὶ
514 1502 581 1521 una
597 1499 629 1521 et
643 1491 690 1521 di-

117 1540 268 1581 ligentius
287 1539 480 1574 consideres,
497 1538 587 1567 facile
600 1547 690 1578 appa-

119 1586 201 1616 rebit
210 1608 218 1622 ‚
230 1584 368 1626 Eefugic
379 1586 474 1614 unice
489 1594 598 1613 verum
612 1593 688 1619 esse,

107 1632 264 1672 ‚inprimis
286 1641 385 1671 quum
407 1640 528 1659 summa
549 1629 689 1659 celeritas

118 1679 238 1708 emissa:
250 1677 367 1718 sagittae
379 1683 409 1706 et
423 1677 561 1717 percussi
575 1678 688 1706 Remu-

118 1725 141 1755 li
156 1725 208 1754 hic
227 1723 433 1754 describatur.
454 1740 500 1745 --
513 1722 684 1757 Adducta,

117 1770 254 1800 adducto
267 1780 342 1799 arcu
356 1770 526 1805 concitata3
538 1768 618 1797 forte
629 1777 689 1796 ma-

116 1818 155 1846 lis
176 1818 210 1846 in
233 1827 270 1846 eo
291 1826 435 1852 manere,
457 1822 493 1844 ut
508 1815 618 1855 sagitta
633 1813 686 1843 ad-

115 1863 210 1893 ducta
224 1862 347 1892 dicatur
360 1862 450 1891 nervi
463 1867 607 1902 respectu
623 1870 630 1892 ε
648 1859 687 1889 ad

115 1920 210 1949 quem
233 1910 342 1949 sagitta
367 1907 518 1942 adducta,
543 1906 686 1942 admota,

114 1956 143 1984 ci
171 1956 316 1996 imposita
344 1954 454 1983 fuerat.
485 1953 684 1983 Horrendum

113 2000 427 2041 stridensjungenda.
440 1998 526 2032 Δεινὴ
540 1995 574 2029 δὲ
589 2002 686 2041 κλαγ-

115 2046 157 2089 γὴ
176 2047 276 2090 γένετ’
295 2045 457 2089 ἀργυρέοιο
478 2044 566 2084 βιοῖς.

163 2107 227 2142 63].
240 2129 247 2141 ,
274 2106 351 2136 635.
378 2105 508 2135 Schema
534 2103 684 2134 traductae

114 2153 303 2185 narrationis
328 2152 367 2180 ad
391 2151 570 2190 dialogum,
597 2149 683 2190 quod

114 2199 288 2230 orationem
307 2198 429 2239 egregie
444 2199 578 2234 animat,
594 2202 682 2226 nota-

1265 819 1314 847 640

744 994 819 1018 runt
851 989 964 1029 passim
991 990 1197 1029 grammatici.
1227 990 1314 1020 conf.

745 1034 850 1065 Clark.
867 1034 906 1064 ad
921 1034 1010 1064 Iliad.
1025 1031 1064 1071 ὃ,
1085 1036 1169 1070 303;
1185 1045 1218 1071 0,
1236 1036 1313 1071 348.

744 1080 906 1120 Superbiae
934 1091 1027 1117 vero,
1051 1091 1114 1121 qua
1140 1082 1232 1110 victis
1258 1088 1314 1111 aut

745 1128 831 1156 caesis
852 1126 959 1156 illudit
979 1128 1099 1164 victor,
1123 1126 1226 1168 diguae
1238 1126 1313 1157 hor·

744 1171 812 1201 rida
846 1171 982 1202 heroum
1012 1173 1074 1202 vita
1092 1193 1101 1209 ,
1131 1172 1312 1212 exemplum

743 1224 836 1258 poeta
867 1218 905 1247 ab
933 1219 1072 1248 Homero
1101 1219 1236 1258 repetiit.
1265 1235 1312 1241 —-

745 1264 824 1301 637.
847 1263 982 1293 Animos
1003 1264 1051 1293 ad
1070 1263 1176 1293 sidera
1197 1264 1315 1294 tollunt

745 1309 894 1339 audacter
916 1317 1009 1350 poeta
1024 1310 1163 1346 notavit,
1185 1319 1253 1339 nou
1275 1320 1314 1339 eo

743 1365 855 1392 sensu,
881 1365 946 1395 quo
969 1355 1100 1392 volunt,
1125 1361 1162 1384 ut
1184 1356 1314 1385 Ascanii

743 1407 799 1430 aut
813 1411 888 1430 suos
904 1402 1025 1431 animos
1038 1411 1094 1442 per
1107 1401 1248 1431 favorem
1261 1411 1315 1430 ex-

745 1446 877 1476 tulerint
909 1446 1021 1484 laude;
1054 1446 1110 1477 sed
1145 1457 1312 1482 successu,

744 1491 843 1531 gloria
853 1513 862 1527 ,
881 1501 917 1520 ac
932 1493 1059 1521 virtutis
1073 1502 1129 1521 seu
1147 1493 1311 1522 couscien-

743 1537 786 1565 tia
801 1547 856 1566 seu
881 1537 1033 1576 opinione
1051 1537 1256 1574 ferocientes,
1281 1545 1313 1567 et

743 1582 934 1611 exsultantes
967 1581 1076 1623 efferri
1098 1582 1229 1618 animis,
1259 1591 1314 1613 aut

741 1628 801 1668 ipsi
815 1627 940 1657 animos
961 1628 1077 1669 effi’rre
1094 1628 1264 1667 dicuntur,
1283 1636 1314 1660 et
1347 1653 1353 1657 .

742 1684 829 1705 nuuc
849 1674 977 1714 quidem
1002 1682 1063 1704 tam
1086 1674 1254 1712 sublimes,
1278 1683 1313 1705 ut

742 1720 858 1749 coeluiu
880 1720 941 1749 sibi
961 1722 1114 1761 attingere
1131 1720 1309 1751 videantur.

741 1767 842 1796 Sensu
878 1766 998 1796 facilius
1042 1777 1108 1797 rem
1149 1777 1310 1807 assequare

741 1822 837 1853 quatu
860 1812 976 1843 verbis.
1167 1814 1170 1816 ’

788 1873 865 1903 638.
889 1873 1010 1913 Apollo
1025 1872 1126 1913 gemis
1142 1871 1238 1902 Juliae
1261 1874 1308 1903 in-

740 1919 850 1958 primis
880 1918 1041 1948 studiosus
1068 1927 1076 1947 ε
1110 1918 1152 1946 ita
1181 1920 1308 1948 Actiaca

740 1966 868 1994 victoria
880 1964 917 1994 ad
930 1974 1002 1993 eum
1016 1963 1208 1994 referebatur
1220 1966 1308 2001 VIII,

740 2015 802 2047 704
821 2021 901 2050 sqq„
917 2017 948 2039 et
965 2009 1139 2041 Palatinum
1156 2007 1307 2050 templum

737 2057 770 2085 iu
787 2057 852 2093 ejus
867 2056 1020 2086 honorem
1033 2055 1162 2086 factum.
1172 2073 1219 2079 —-
1229 2057 1307 2098 639.

739 2101 899 2132 Ausonias
920 2101 1006 2131 acies
1035 2101 1222 2142 urbemque,
1250 2113 1307 2144 op-

739 2150 963 2190 pugnationem
982 2154 1173 2182 castrorum.
1190 2159 1244 2178 seu
1258 2159 1308 2179 ur-

740 2194 787 2224 bis
813 2195 1042 2233 Trojauorum,
1075 2204 1166 2224 novm
1191 2195 1304 2234 Trojoe.
