1414 2435
92 73 135 104 86
606 73 799 104 AENEIDOS

87 123 159 171 Hic
178 143 334 181 magnus
355 129 460 167 sedet
478 132 633 178 AEneas,
649 143 853 181 secumque
873 131 1018 169 volutat

88 196 254 230 Eventus
270 190 361 227 belli
379 191 526 237 varios3
543 191 738 241 Pallasque
756 191 907 229 sinistro
1240 200 1287 224 160

87 254 244 291 Adfixus
263 252 373 289 lateri
387 252 465 302 jam
483 252 618 302 quaerit
636 252 778 298 sidera,
799 265 927 302 opacae

88 313 217 350 Noctis
236 312 327 358 iter,
343 313 421 363 jam
440 325 525 362 quae
541 325 672 361 passus
691 322 870 362 terraque
889 313 1073 362 marique.

138 371 295 409 Pandite
311 385 413 409 nunc
432 373 634 418 Helicona,
654 376 762 418 Deae,
781 382 990 421 cantusque
1011 380 1179 416 movete;

88 436 182 478 Quae
199 444 331 469 manus
347 433 493 469 interca
510 432 640 468 Tuscis
660 433 863 467 comitetur
882 431 930 468 ab
947 432 1024 468 oris

88 494 249 536 AEnean‚
272 501 468 540 armetque
489 499 607 536 rates,
626 491 837 540 pelagoque
852 491 1026 528 vehatur.
1241 498 1287 523 165

138 551 322 589 Massicus
341 560 457 588 aerata
475 550 652 601 princeps
671 559 772 588 secat
792 563 947 600 aequora
964 551 1089 600 Tigr1.;

87 610 167 648 Sub
187 624 264 661 quo
285 610 386 648 mille
403 624 536 648 manus
549 611 752 661 juvenum,
770 610 837 659 qui
854 610 991 647 moenia
1011 609 1129 656 Clusi,

87 670 239 720 Quique
262 670 397 707 urbem
411 670 558 720 liquere
578 672 709 715 Cosas,
731 671 816 720 quis
840 671 930 715 tela,
951 671 1115 720 sagittae,

86 731 294 780 Corytique
314 730 416 766 leves
434 729 622 776 humeris,
642 739 679 767 ct
695 730 819 766 letifer
838 743 959 767 arcus.

87 792 173 828 Una
192 799 324 828 torvus
342 790 445 828 Abas
467 805 474 827 :
495 790 586 827 huic
605 799 727 828 totum
746 790 958 840 insignibus
978 791 1091 829 armis
1243 809 1289 833 ¹70

89 854 252 901 Agmen,
273 859 310 888 ct
330 861 464 889 aurato
485 851 654 902 fulgebat
671 852 849 902 Apolline
868 852 1020 901 puppis.

88 997 308 1032 praetervectas
317 991 404 1022 Caere
419 1001 485 1020 esse
499 989 660 1021 adductas.

90 1040 218 1068 Poetam
236 1044 342 1067 tamen
357 1038 463 1066 minus
485 1043 615 1066 cautum
628 1038 663 1067 in

89 1084 138 1114 his
151 1084 246 1114 fuisse
260 1084 397 1114 arbitror
410 1093 419 1114 ;
436 1090 472 1113 ut
488 1090 519 1113 et
534 1083 593 1113 inf.
615 1094 661 1113 VS.

91 1131 156 1160 205
171 1131 206 1159 in
219 1131 302 1161 Ocni
315 1130 484 1160 Mantuani
493 1131 568 1159 navi
581 1130 663 1159 Min-

92 1178 176 1206 cium
193 1187 253 1216 pro
268 1177 385 1218 insigni
399 1175 547 1206 habente.

140 1223 333 1262 159—162.
351 1224 435 1253 Bene
449 1221 597 1252 Pallantis
611 1232 663 1261 ge-

91 1279 235 1299 nerosam
250 1275 282 1298 et
298 1275 434 1298 erectam
449 1268 590 1298 indolem
609 1268 664 1298 de-

92 1316 188 1345 clarat
219 1321 323 1356 poeta.
354 1317 374 1346 J
378 1316 488 1345 uvenis
521 1314 665 1344 discendi

92 1361 228 1402 cupidus
250 1372 291 1391 ex
314 1364 429 1398 AEnea‚
451 1362 508 1402 qui
533 1361 665 1403 longum

91 1409 299 1449 navigationis
312 1419 407 1438 usum
421 1407 559 1438 habebat
572 1430 580 1444 ‚
596 1418 664 1437 mo·

93 1454 135 1484 do
154 1454 293 1484 siderum
318 1455 498 1485 notationes
527 1455 664 1494 quaerit,

93 1511 204 1540 opacoe
223 1500 324 1530 noctis
338 1501 412 1536 iter,
430 1500 462 1530 h.
480 1500 600 1540 quibus
613 1509 666 1529 na-

92 1547 139 1576 vis
159 1557 270 1576 cursus
296 1557 354 1587 per
372 1553 500 1576 noctem
525 1547 663 1586 regitur,

94 1592 189 1623 modo
209 1603 257 1622 res
275 1600 375 1634 gestas
393 1600 424 1622 et
440 1592 500 1621 fata
515 1594 632 1622 AEneae.

145 1639 219 1670 163.
240 1640 278 1668 In
294 1650 327 1668 re
348 1649 364 1668 a
389 1639 489 1679 prisca
512 1639 664 1668 memoria

94 1687 227 1727 repetita
251 1686 361 1715 Musas
383 1686 521 1715 invocat.
547 1695 577 1714 v.
593 1695 664 1725 sup.

95 1731 134 1761 ad
169 1730 293 1762 AEneid.
323 1731 380 1761 lib.
414 1733 476 1761 vll
489 1753 497 1768 ,
527 1731 605 1766 641.
621 1749 666 1754 --

101 1779 173 1809 166.
209 1780 356 1819 Quatuor
399 1779 563 1818 copiarum
598 1783 664 1807 tur-

96 1836 160 1855 mas
176 1824 276 1855 edidit
289 1834 299 1855 :
313 1825 447 1865 primam
461 1824 666 1854 Clusinorum

94 1878 124 1901 et
156 1873 352 1902 Cosanorum
376 1871 465 1901 ducit
488 1869 642 1900 Massicus
656 1881 667 1899 .·

94 1919 149 1958 qui
159 1928 276 1949 nomen
291 1916 420 1958 quidem
433 1927 602 1947 commune
617 1917 667 1946 hn-

94 1963 148 1994 bet
162 1976 234 1994 cum
249 1970 357 1994 moute
373 1964 569 2004 Campaniae,
588 1963 667 1993 nihil

95 2020 170 2040 vero
187 2009 283 2040 aliud.
301 2010 387 2039 Infra
401 2021 430 2041 v,
454 2011 519 2040 655
538 2009 666 2039 Osinius

96 2056 300 2087 Clusinorum
320 2067 375 2086 rex
391 2056 467 2096 (seu
483 2055 559 2095 Lar)
575 2055 667 2085 indu-

95 2102 178 2131 citur
192 2113 198 2133 ι
213 2113 306 2143 quem
320 2102 380 2131 sul)
394 2103 518 2133 Massici
532 2103 667 2143 imperio

95 2148 191 2188 egisse
202 2159 326 2178 neccsse
341 2155 396 2178 cst.
410 2149 502 2180 Conf.
520 2149 564 2178 ibi
578 2151 666 2179 δεῖν.

97 2193 234 2225 Alteram
262 2206 300 2224 rx
324 2195 501 2235 Populonio
524 2202 554 2225 et
581 2194 645 2225 Ilva
657 2217 665 2232 ,

715 1001 739 1021 s,
768 990 901 1021 AEthalia
925 991 1028 1021 insula
1042 1013 1050 1027 ‚
1070 990 1159 1021 ducit
1184 991 1291 1028 Abas,

716 1038 840 1067 tertiam
860 1048 901 1067 ex
915 1038 984 1068 Pisa
1000 1037 1130 1078 As5las,
1147 1045 1290 1077 quartam

716 1093 757 1113 ex
782 1083 869 1113 Caere
892 1091 923 1113 et
947 1085 1059 1113 vicinis
1083 1083 1160 1113 locis
1178 1085 1290 1114 Astur.

717 1129 886 1160 Accedunt
906 1129 1023 1159 auxilia
1043 1141 1059 1159 e
1074 1129 1244 1171 Liguribus
1258 1141 1290 1160 v,

723 1176 785 1206 185
802 1183 859 1206 ete
873 1177 1054 1207 Mantuanis
1069 1187 1100 1207 v.
1120 1177 1194 1216 198.
1209 1177 1291 1208 Clas-

717 1223 758 1252 sis
787 1223 919 1252 omnino
948 1229 1013 1252 erat
1035 1225 1130 1253 XXX
1161 1224 1291 1253 navium

718 1280 748 1299 v.
773 1279 790 1298 2
801 1270 851 1300 13.
878 1270 987 1310 Copiae
1012 1275 1115 1298 autem
1142 1269 1230 1299 mille
1247 1280 1293 1299 sa-

717 1316 834 1356 gittarii
849 1326 866 1345 a
885 1317 1021 1346 Massico
1034 1315 1121 1345 ducti
1132 1327 1141 1353 ς
1154 1325 1294 1357 nongen-

720 1363 744 1391 ti
765 1363 876 1392 armati
898 1362 958 1392 sub
978 1362 1104 1393 Abante
1116 1384 1124 1399 ,
1139 1362 1225 1391 mille
1241 1362 1294 1392 alii

719 1408 779 1438 sub
794 1409 894 1450 Asyla
905 1431 913 1445 ‚
930 1415 960 1438 et
976 1408 1108 1439 totidem
1124 1408 1185 1438 sub
1200 1410 1295 1439 Astu-

719 1465 762 1485 re.
784 1454 1001 1495 Reprehendit
1015 1456 1049 1484 in
1062 1454 1112 1484 his
1128 1455 1292 1485 Gramma-

719 1501 799 1530 ticus
815 1501 900 1541 apud
924 1500 1069 1531 Macrob.
1085 1502 1132 1536 V,
1153 1500 1191 1530 15
1202 1523 1210 1537 ‚
1224 1500 1295 1530 obs·

719 1557 794 1576 cura
810 1548 939 1576 nomina
954 1546 1120 1576 hominum
1131 1568 1139 1581 ,
1154 1556 1293 1586 quorum

719 1592 805 1622 nulla
821 1594 855 1622 in
871 1603 957 1633 seqq.
974 1593 1107 1633 insignia
1132 1592 1210 1622 facta
1229 1603 1292 1622 me-

719 1645 893 1669 morantur.
911 1639 1028 1669 Melius
1044 1639 1154 1679 utique
1168 1639 1294 1669 consul-

720 1692 787 1714 tum
811 1686 920 1715 fuisset
948 1686 1099 1721 carmini,
1122 1685 1149 1714 si
1164 1686 1294 1716 nomina

721 1731 802 1761 clara
823 1739 926 1772 poetae
947 1732 985 1761 ad
1004 1741 1134 1761 manum
1150 1732 1293 1762 fuissent.

721 1779 831 1818 Quum
846 1785 949 1808 tamen
966 1779 1073 1809 omnia
1087 1777 1154 1807 haec
1164 1777 1211 1807 'ad
1224 1788 1295 1819 pro—

722 1823 917 1855 babilitatem
942 1826 971 1855 ei
991 1823 1139 1866 fingenda
1155 1823 1273 1854 fuerint
1285 1847 1293 1861 ,

722 1871 859 1910 querelae
871 1881 945 1901 sane
958 1877 1033 1901 sunt
1050 1870 1159 1900 saltem
1171 1871 1293 1901 otiosae.

722 1918 837 1947 AEmea
859 1917 962 1959 Tigri,
985 1927 1045 1957 pro
1064 1918 1137 1946 navi
1154 1926 1227 1946 cum
1242 1918 1292 1947 in-

720 1964 801 2004 signi
815 1963 936 2004 tigridis
952 1964 985 1992 in
998 1972 1110 2003 prora:
1126 1969 1162 1992 ut
1172 1964 1213 1999 Υ,
1230 1974 1241 1993 1
1253 1965 1292 1993 ¹6

719 2019 805 2049 seqq.
817 2032 826 2045 ‚
842 2017 871 2039 et
888 2009 944 2039 inf.
963 2019 992 2038 v.
1011 2009 1094 2043 205,
1112 2009 1197 2045 206,
1214 2017 1244 2039 et
1260 2021 1290 2041 v.

723 2065 798 2095 209.
813 2055 880 2085 Sub
898 2055 1033 2085 Massico
1047 2065 1161 2085 manus
1171 2062 1291 2090 turma„

720 2101 808 2131 mille
824 2100 973 2142 juvenum
993 2108 1123 2131 emt.—-
1138 2112 1149 2132 x
1159 2113 1174 2139 7
1185 2112 1212 2133 ι.
1228 2104 1294 2133 Au-

721 2155 790 2177 rata
808 2147 961 2189 fulgebat
992 2148 1144 2188 Apolline
1166 2149 1290 2189 puppis.

721 2195 803 2238 Ergo
819 2196 845 2225 is
859 2194 954 2225 tutela
964 2196 1052 2224 uaris
1063 2202 1138 2226 erat.
1154 2195 1214 2226 Sed
1222 2206 1294 2236 poe·
