1414 2435
124 129 189 162 366

485 129 520 167 Ρ.
546 126 728 158 VIRGILH
751 127 945 161 MARONIS

122 189 273 234 Sidera,
294 184 463 225 caeruleis
483 185 616 223 orbem
634 187 823 236 pulsantia
843 187 960 238 bigis,

126 253 281 288 Naturae
299 260 427 284 rerum
445 247 589 297 magnis
607 246 777 285 intexere
795 248 954 295 charti53

128 309 324 347 AEternum
345 306 496 357 sophiae
515 307 759 357 conjunctum
775 307 940 344 carmine
959 318 1097 344 nomen
1289 317 1321 343 ⁴0

130 373 269 408 Nostra
288 378 396 406 tuum
416 367 569 405 senibus
587 367 810 417 loqueretur
828 367 967 417 pagina
984 367 1114 404 saeclis.

133 429 208 468 Sed
226 428 405 479 quoniam
425 427 473 464 ad
493 435 613 464 tantas
629 441 730 464 nunc
750 427 916 476 primum
934 427 1124 463 nascimur
1142 435 1255 471 artes,

129 492 241 528 Nunc
259 489 425 539 primum
445 496 594 525 teneros
614 487 805 524 firmamus
825 486 970 524 robore
989 495 1126 524 nervos
1144 501 1151 522 :

132 552 223 587 Haec
242 557 366 585 tamen
386 549 548 594 interea,
569 560 654 597 quae
672 559 891 597 possumus,
910 546 949 582 in
966 545 1105 596 quibus
1124 546 1195 583 aevi

131 609 256 646 Prima
271 608 486 645 rudimenta
502 616 539 644 et
558 607 701 656 primos
721 607 916 656 exegimus
933 618 1070 652 annos,
1295 612 1325 639 -55

132 670 276 718 Adcipe
297 668 413 713 dona,
432 680 516 704 meo
536 667 697 703 multum
715 667 874 717 vigilata
893 666 1044 713 labore,

133 731 181 765 Et
199 727 391 776 praemissa
408 727 480 763 tuis
501 739 577 763 non
594 740 729 776 magna
749 726 907 763 exordia
925 725 1040 762 rebus
1057 739 1066 759 :

133 787 243 837 Inpia
261 785 443 835 prodigiis
465 792 504 818 ut
524 785 716 831 quondam
737 786 925 822 exterruit.
947 785 1079 834 amplis

135 845 276 895 Scylla,
297 854 492 890 novosque
510 841 637 876 avium
656 839 828 877 sublimis
848 842 887 877 in
907 855 993 878 aere
1011 852 1127 880 coetus

135 903 301 948 Viderit3
320 910 357 938 et
374 900 479 937 tenui
499 899 752 936 conscendens
773 899 899 936 sidera
918 913 1041 950 penna

136 962 314 1002 Caeruleis
334 973 401 998 sua
421 968 519 996 tecta
537 959 870 1009 supervolitaverit
889 960 977 1007 alis;

136 1028 242 1062 Hanc
262 1034 332 1071 pro
353 1032 548 1071 purpureo
567 1033 716 1069 poenam
735 1020 916 1057 scelerata
934 1020 1091 1070 capillo,

136 1086 285 1132 Proque
303 1081 419 1131 patris
439 1080 586 1116 solvens
602 1079 727 1116 excisa
747 1079 916 1116 funditus
936 1079 1053 1125 urbe,

137 1141 346 1190 Conplurcs
365 1139 483 1184 illam,
503 1148 540 1175 et
559 1140 702 1188 magni,
720 1139 916 1185 Messalla,
937 1148 1059 1189 poetae

136 1203 256 1252 (Nam
274 1212 407 1236 verum
427 1199 628 1244 fateamur3
650 1208 748 1235 amat
764 1199 1013 1248 Polyhymnia
1032 1200 1188 1249 verum)
1297 1209 1325 1233 ⁵5

134 1263 263 1309 Longe
284 1259 355 1295 alia
375 1257 575 1307 perhibent
594 1267 774 1295 mutatam
793 1258 962 1295 membra
980 1259 1118 1308 figura;

135 1321 334 1370 Scyllaeum
352 1328 519 1356 monstra
538 1318 577 1354 in
596 1331 727 1355 saxum
745 1331 926 1356 conversa
944 1319 1093 1365 vocari3
1135 1340 1139 1343 -

134 1381 242 1418 Illam
260 1392 357 1423 esse,
378 1377 555 1414 aerumnis
574 1391 686 1426 quam
709 1391 808 1427 saepe
827 1378 993 1428 legamus
1013 1379 1131 1428 Ulyxi

134 1438 303 1477 Candida
323 1437 549 1474 succinctam
566 1437 789 1474 latrantibus
807 1437 962 1486 inguina
979 1439 1156 1476 monstris

133 1498 329 1537 Dulichias
347 1509 502 1533 vexasse
518 1497 628 1543 ratis,
648 1507 684 1534 et
703 1498 851 1547 gurgite
869 1497 908 1534 in
926 1499 1003 1535 alto
1294 1511 1327 1533 σο

134 1648 203 1680 qua:
225 1636 385 1667 invehitur
403 1646 459 1676 prr
484 1635 606 1669 orbem,
633 1645 695 1665 cm-

132 1685 199 1714 lum
210 1707 219 1721 ,
252 1683 342 1724 bigis.
374 1682 485 1711 Sidera
513 1684 610 1712 Lunte
636 1692 695 1722 pro

130 1730 248 1762 sidere.
264 1736 294 1758 et
312 1729 441 1769 pulsare
456 1728 494 1757 dv
511 1738 624 1764 curru,
642 1739 696 1757 seu

129 1777 218 1816 equis
231 1786 328 1805 curru
339 1781 437 1804 tracto
446 1774 547 1804 solum
557 1775 697 1814 quatien-

131 1823 214 1852 tibus
227 1821 379 1851 sollenne.
389 1838 435 1843 —
449 1823 625 1860 Purpureus
638 1831 696 1860 pro

128 1867 276 1909 pulcher,
294 1867 440 1907 frequens
455 1868 565 1907 poetis.

176 1920 230 1950 4²·
248 1913 304 1943 Ad
316 1920 425 1942 tantas
446 1921 530 1942 artes
545 1924 555 1941 .·
572 1923 638 1943 non
657 1912 695 1942 de

129 1961 270 2001 poetica,
285 1966 321 1989 ut
343 1970 504 1999 perperam
527 1966 598 1999 post
617 1966 695 1988 cete-

130 2017 180 2035 ros
202 2006 396 2037 Fomaninus
420 2016 548 2045 quoque
576 2005 693 2035 llistor.

129 2052 189 2082 lin.
214 2052 351 2092 Aquiloi.
377 2063 407 2091 p.
438 2053 475 2088 37
498 2051 606 2081 statuit
617 2073 625 2087 ,
641 2050 695 2080 scd

130 2097 169 2126 dc
183 2097 390 2138 philosopliiae
401 2097 507 2127 studio
521 2098 644 2137 accipe,
658 2096 696 2126 ad

130 2143 217 2182 quod
231 2154 316 2172 nunc
335 2145 473 2183 primum
487 2144 625 2173 accessit.

180 2195 232 2227 47.
266 2190 306 2217 Iit
328 2188 504 2228 pra-missa.
532 2190 563 2218 Si
587 2199 695 2218 sensus

132 2235 228 2271 inest,
242 2233 331 2264 debet
346 2242 436 2275 pocta
450 2234 623 2275 siguificare
635 2256 643 2271 ‚
663 2245 695 2264 se

747 1638 951 1677 praemitltore
974 1637 1061 1676 quasi
1085 1636 1233 1675 exordia,
1257 1639 1315 1668 sci-

748 1684 820 1713 licet
835 1682 1002 1723 praeludia,
1019 1684 1166 1719 carmini,
1183 1693 1248 1724 quo
1261 1684 1315 1714 ali-

749 1729 878 1769 quando
900 1729 1040 1759 Messalae
1063 1739 1111 1759 res
1129 1735 1228 1770 gestas
1246 1740 1316 1770 per-

750 1782 909 1815 sequetur.

799 1823 817 1851 5
823 1827 841 1856 4
858 1832 924 1862 sqq.
941 1821 1038 1852 Multi
1057 1827 1160 1862 poetae
1179 1820 1315 1863 Scyllam

749 1869 782 1897 in
810 1878 920 1897 saxum
941 1867 1126 1908 Scyllaeum,
1145 1867 1316 1908 naufragiis

750 1913 882 1950 infame,
910 1915 943 1943 in
977 1913 1076 1944 Italiae
1102 1919 1250 1943 extremae
1278 1914 1316 1944 ab

749 1960 913 1990 occidente
943 1960 1022 1996 oris,
1049 1958 1136 1989 haud
1166 1959 1262 2000 longe
1298 1971 1319 1990 a

749 2006 829 2037 freto
853 2005 975 2041 Siculo,
1001 2011 1151 2035 mutatam
1177 2014 1315 2036 narrant.

751 2053 836 2082 cous.
851 2052 889 2081 ad
902 2050 1024 2082 AEneid.
1037 2051 1093 2081 lib.
1107 2052 1171 2088 111,
1186 2062 1216 2082 v,
1238 2051 1317 2082 555.

750 2100 831 2129 Nota
853 2109 901 2128 res
919 2103 982 2134 est,
1004 2096 1043 2127 de
1058 2097 1162 2138 Scylla
1181 2096 1318 2128 diversas

749 2143 868 2174 fabulas
896 2142 993 2180 tradi,
1017 2150 1048 2174 et
1071 2143 1177 2184 plures
1197 2143 1319 2185 Scyllas

748 2189 788 2218 ab
811 2190 878 2220 aliis
899 2190 1082 2227 memorari,
1102 2190 1142 2220 ab
1165 2189 1320 2221 aliisoon-

749 2235 851 2266 fundi.
