1414 2435
89 59 131 89 80

588 57 781 92 AENEJDOS

89 116 407 166 Quandoquidem
422 117 610 154 Ausonios
628 118 806 168 conjungi
824 117 964 154 foedere
983 119 1140 156 Teucris

1236 129 1281 152 1⁶5

89 175 202 212 Haud
220 176 383 221 licitum,
400 188 470 212 nec
489 185 614 214 vestra
634 178 735 227 capit
753 177 941 214 discordia
958 178 1088 224 finem;

89 236 183 279 Quae
200 234 337 284 cuique
352 244 407 272 est
424 235 575 272 fortuna
593 235 726 281 hodie,
742 236 856 285 quam
872 237 1033 286 quisque
1049 246 1150 274 secat
1166 249 1282 287 spem,

87 296 182 330 Tros
202 294 413 331 Rutulusve
433 295 532 340 fuat,
550 295 654 332 nullo
676 294 892 332 discrimine
910 296 1083 342 habeb03

88 353 164 388 Seu
181 351 265 389 fatis
285 353 422 390 Italum
441 361 565 391 castra
582 353 781 392 obsidione
801 363 991 400 tenentur,

86 506 151 536 bo:
174 507 239 536 sive
262 506 274 548 (
292 507 380 547 quod
401 509 514 538 Venus
536 509 656 550 putat)

85 552 155 581 fatis
170 553 233 581 suis
249 553 384 593 iniquis,
400 554 466 583 sive
479 553 586 595 (quod
601 557 619 586 J
624 565 658 584 u-

85 608 128 628 no
144 609 174 628 v,
196 598 262 638 68)
287 600 419 630 stultitia
443 601 658 638 Trojanorum

85 650 118 673 et
131 645 289 674 vaticiniis
304 645 388 675 salsis
404 656 442 675 eo
455 656 504 675 res
519 646 656 676 adducta

84 696 149 727 est,
169 697 206 719 ut
221 701 305 720 nova
321 693 416 730 Troja
435 702 521 721 nunc
535 702 657 734 oppug-

83 742 188 766 netur.
203 737 270 767 Nee
285 737 434 774 Rutulos,
449 748 504 766 seu
516 740 655 776 Latinos,

84 791 100 810 a
133 782 204 811 fatis
243 783 502 822 impendentibus
534 784 656 822 libero3

81 837 150 857 non
171 828 353 865 intercedo,
381 840 445 869 quo
469 830 574 859 minus
594 830 657 860 for-

81 879 193 903 tunam
210 874 272 905 sibi
293 875 433 905 debitam
455 885 654 916 consequan-

81 925 144 949 tur.
155 921 345 961 Experiatur
353 929 487 962 utraque
497 932 581 962 pai-S,
596 933 652 952 seu

80 965 201 1003 tristia,
217 977 273 996 seu
296 967 385 1005 laeta,
406 979 466 1009 pro
490 968 652 998 hodiernis

80 1020 188 1041 rerum
211 1013 310 1042 initiis
333 1020 363 1042 et
387 1021 472 1045 actu.
486 1016 552 1055 Ego
572 1025 651 1044 neu-

80 1058 138 1086 tris
152 1057 288 1088 studebo
304 1068 311 1088 :
332 1061 498 1098 evenient,
516 1070 586 1100 quae
610 1060 652 1090 fa-

81 1108 113 1131 ta
139 1103 252 1133 ferent.
283 1106 378 1141 Haee,
401 1094 558 1142 mmor,
582 1116 651 1135 sen-

80 1149 179 1177 tentia
194 1149 298 1178 verbis
311 1150 452 1188 subjecta
465 1158 650 1188 est.-——1o7.

82 1194 288 1235 Quaecunque
314 1196 436 1236 aliquot
451 1197 583 1226 Pierian.
605 1204 650 1226 te-

82 1247 138 1269 net
151 1250 239 1280 spem
258 1242 394 1272 Dorvill.
415 1243 477 1272 Hic
498 1242 592 1272 velim
611 1242 651 1272 ab

81 1286 212 1316 Heinsio
226 1293 257 1316 et
270 1288 453 1318 Burmanno
470 1289 651 1329 appositum

80 1342 164 1369 esse,
183 1343 248 1373 quo
260 1344 354 1363 sensu
368 1334 420 1364 illa
435 1343 443 1364 z
458 1345 556 1374 quam
570 1334 651 1374 qnis-

81 1388 142 1417 qne
153 1386 243 1408 secat
256 1390 342 1419 spem
352 1403 362 1416 ‚
383 1381 575 1421 acceperint.
586 1383 651 1411 Ser-

82 1424 151 1454 vius
167 1427 301 1466 exponit
315 1435 322 1456 ε
337 1440 353 1451 «
366 1428 509 1467 sequitur
520 1450 528 1462 ‚
545 1434 648 1462 tenet,

80 1469 176 1501 habet
189 1480 197 1501 ε
223 1478 259 1501 ut
285 1473 350 1508 VI,
380 1483 446 1512 900
473 1473 534 1503 Ille
559 1472 649 1502 ‘viam

80 1524 170 1546 secat
191 1517 239 1546 ad
257 1528 362 1548 naves,
379 1533 394 1544 υ
414 1518 474 1549 Sed
498 1518 589 1548 viam
606 1529 652 1548 se-

81 1572 156 1591 care
185 1563 279 1604 longe
305 1563 392 1593 aliud
417 1571 471 1594 est.
498 1565 530 1594 Si
557 1571 650 1604 poeta

82 1608 289 1638 archaismum
309 1616 444 1640 sectatus
463 1609 540 1639 secit
554 1611 651 1651 scrip-

80 1654 169 1684 sisset
180 1677 188 1692 ,
213 1662 318 1695 posset
343 1666 408 1686 esse
433 1657 560 1696 antiqua
586 1667 651 1686 vox

81 1710 161 1736 seco,
180 1711 295 1737 secere,
312 1712 371 1742 pro
387 1713 494 1743 seqno,
513 1713 575 1738 ere,
593 1713 651 1732 nn-

81 1745 120 1776 de
130 1757 244 1788 seqnor
250 1748 548 1779 mansit.Tu1-nebus
556 1759 651 1789 expo-

81 1801 185 1823 suerat
197 1793 397 1831 ,νηπία-113111,
413 1796 467 1835 qui
479 1795 598 1835 aliquid
607 1806 650 1825 se-

83 1847 145 1875 cat,
158 1840 218 1869 sibi
235 1847 355 1881 partein
373 1842 479 1871 sumit.
497 1841 608 1882 Scalig.
621 1849 651 1872 et

84 1885 189 1922 Cerd.‚
209 1886 311 1926 aperit
323 1886 381 1916 sibi
391 1887 586 1928 spemfi1ctis
595 1911 602 1921 ,
615 1894 651 1918 ut

83 1934 138 1971 qui
158 1934 240 1962 viam
261 1940 358 1970 secat,
371 1935 482 1975 aperit.
505 1933 564 1964 Sed
583 1934 650 1963 haec

83 1977 161 2008 «lura
171 1986 201 2009 et
212 1979 304 2019 longe
314 1981 408 2020 petita
419 1987 503 2011 sunt.
515 1982 546 2011 Si
557 1980 652 2010 latine

83 2023 198 2054 (licitur
213 2024 366 2061 incidere,
384 2026 576 2061 rescindere,
593 2036 652 2066 pro

83 2069 286 2110 intercipere,
314 2072 441 2102 abolere
451 2085 464 2109 ;
487 2083 648 2108 resecare,

84 2126 142 2157 pro
156 2117 266 2146 tollere
282 2129 293 2146 :
310 2120 413 2158 potuit
427 2127 519 2159 poeta
535 2118 652 2149 audou-

85 2170 132 2194 εει·
146 2162 249 2193 dicere
269 2174 376 2194 secare
390 2174 516 2205 sperata
527 2189 535 2201 ,
553 2175 650 2206 spem.

709 510 755 539 Ut
771 519 841 548 spes
857 509 993 539 extendi
1012 510 1147 547 dicitur,
1163 513 1207 540 sic
1227 522 1283 551 po·

710 560 770 584 test
782 565 910 595 quoque
929 556 1050 592 secari,
1068 557 1220 592 resecari,
1239 557 1285 586 ιή-

711 601 863 641 terrumpi
885 608 923 631 ut
943 601 1101 632 contrahi.
1114 620 1161 625 —
1179 604 1285 642 Quam

711 646 860 687 quisque,
882 649 958 677 Tros
979 648 1146 678 Rumlusve
1158 647 1280 689 fite-ric,

713 703 800 732 spem
813 701 922 729 secat,·
939 693 1075 724 obscura
1091 701 1122 724 et
1137 694 1285 736 ambigua

709 745 756 768 est
775 740 866 769 notio
888 739 1041 770 vocabuli
1057 747 1146 769 secat
1153 752 1166 776 ;
1181 747 1286 780 potest

709 791 859 824 praeterea
879 787 1034 815 sententia
1053 786 1174 826 duplici
1187 785 1283 817 modo

710 832 882 867 constitui,
901 838 955 861 aut
973 838 1008 860 ut
1027 834 1067 861 sit
1080 831 1281 871 explicastva,

710 883 746 905 ut
760 883 934 917 utrumque
952 877 1189 907 hemistichium
1206 888 1283 907 eun-

705 921 777 952 dem
789 933 916 952 sensum
931 922 1044 953 habeat
1059 932 1066 953 :
1081 934 1153 963 qaae
1171 923 1281 963 cuique

706 968 893 1010 estsbrcmza
902 992 912 1005 ,
934 980 1032 1009 qnam
1047 969 1179 1010 quisque
1193 978 1283 999 secat

705 1025 806 1054 spem;
823 1022 877 1044 aut
900 1022 937 1044 ut
958 1015 1052 1044 altera
1068 1026 1140 1055 pars
1164 1016 1205 1044 sit
1226 1015 1279 1044 ad-

706 1062 859 1090 versativa
874 1070 882 1090 z
905 1071 1001 1100 quam
1015 1061 1164 1090 alteruter
1177 1061 1276 1090 fortu-

705 1116 778 1135 nam
807 1113 863 1135 aut
885 1105 1000 1141 habet,
1032 1113 1086 1135 aut
1116 1106 1177 1136 sibi
1210 1107 1277 1147 ipse

704 1151 848 1191 praecidit
860 1158 892 1180 et
906 1153 1028 1181 evertit.
1046 1151 1194 1181 Alterum
1214 1151 1277 1182 hoe

705 1197 789 1227 malo
813 1207 823 1229 ι
843 1198 888 1226 sic
914 1207 1023 1226 secare
1047 1204 1093 1227 est
1114 1197 1273 1235 incidere,

704 1243 892 1283 intercipere
915 1252 1024 1282 spem:
1050 1250 1086 1272 nt
1105 1243 1191 1284 apud
1212 1245 1275 1274 Ho-

705 1296 761 1320 rat.
779 1289 887 1318 ludum
907 1288 1046 1318 incidere
1057 1311 1065 1325 ‚
1091 1300 1150 1330 pro
1153 1289 1275 1333 βιῶ-ε,-

703 1335 882 1374 paullulum
915 1335 1076 1365 diversum
1111 1342 1158 1365 est
1189 1347 1275 1377 spem

704 1381 837 1422 longam
866 1391 1028 1417 resecare,
1057 1381 1164 1412 demto
1190 1383 1274 1412 enim

704 1427 764 1457 hoc
783 1427 821 1456 fit
841 1426 929 1468 quod
948 1428 1082 1457 nimium
1098 1434 1164 1465 est;
1185 1427 1274 1457 dixe-

704 1474 746 1502 ris
760 1479 864 1502 tamen
878 1473 1013 1513 simplex
1023 1495 1032 1508 ‚
1046 1483 1153 1502 secare
1166 1484 1251 1513 spem
1263 1496 1271 1507 ,

703 1519 797 1548 simili
833 1517 948 1554 modo,
975 1516 1138 1562 ἀναλόγως
1165 1519 1274 1559 (quod

703 1571 804 1604 poetae
819 1565 920 1594 facere
934 1564 1032 1603 licet),
1044 1575 1103 1604 pro
1117 1575 1204 1604 spem
1219 1565 1276 1595 tol-

702 1610 767 1640 lere
779 1633 787 1646 ,
803 1617 924 1651 sperata
940 1610 1084 1640 scindere
1096 1633 1104 1647 ,
1123 1618 1159 1640 nt
1180 1618 1253 1641 vota
1265 1634 1273 1647 ‚

699 1656 843 1697 gandia,
864 1656 966 1686 scindi
979 1656 1142 1687 dicuntur.
1162 1658 1198 1686 In
1214 1657 1275 1687 hoc

702 1703 812 1732 saltem
838 1703 1011 1743 analogiam
1038 1702 1154 1739 habes,
1181 1713 1274 1743 quam

702 1759 853 1789 sequare;
875 1749 1013 1779 necdum
1040 1748 1107 1779 vidi
1133 1749 1272 1779 meliora.

703 1796 891 1836 Respiciunt
912 1803 1017 1825 autem
1037 1795 1104 1825 haec
1128 1794 1168 1824 ad
1187 1805 1274 1835 spem

702 1843 835 1871 Veneris
854 1841 892 1871 de
912 1842 1021 1871 futuro
1038 1841 1101 1871 Iuli
1124 1841 1157 1870 in
1186 1841 1273 1871 Italia

703 1898 821 1929 regno,
848 1898 941 1928 quam
965 1887 1062 1917 incidi
1084 1893 1114 1916 et
1135 1887 1274 1916 interimi

706 1945 831 1964 necesse
862 1941 946 1969 erat,
973 1934 998 1963 si
1028 1939 1126 1962 castra
1150 1943 1165 1962 a
1195 1935 1275 1963 Tui·-

706 1990 749 2009 no
765 1979 1031 2019 expugnabantur
1048 1987 1056 2008 ε
1077 1979 1160 2008 conf.
1179 1989 1274 2019 supra

706 2037 736 2057 v.
755 2026 907 2062 42—50,
926 2027 958 2055 in
974 2025 1116 2054 oratioue
1127 2026 1271 2056 Veneris.

756 2082 839 2112 109,
871 2081 946 2101 110.
973 2072 1080 2111 Jungu
1108 2079 1212 2101 castra
1232 2080 1275 2101 te·

707 2125 820 2148 nentur
840 2117 1000 2147 obsidione
1022 2118 1175 2148 Italorum
1192 2129 1202 2147 .·
1220 2128 1275 2148 seu

695 2163 798 2206 facis,
824 2165 911 2206 quod
940 2165 999 2195 fata
1028 2164 1137 2206 iniqua
1149 2187 1157 2202 ‚
1188 2164 1275 2205 quod
