1414 2435
549 35 672 65 LIBER
695 37 723 65 X
730 37 755 65 I.

1191 36 1248 71 163·

59 91 134 135 Qui
154 103 310 140 regnum
330 90 448 128 Italiae
467 100 504 127 et
522 91 664 140 primos
684 91 757 128 sibi
777 101 906 141 poscat
927 91 1099 128 honores.

27 167 35 173 »
57 153 235 199 Ingravat
254 151 334 188 haec
352 163 473 187 saevus
491 153 679 197 Drances,
699 152 896 200 solumque
913 152 1044 188 vocari
1203 168 1250 183 222·

57 211 248 254 Testatur,
264 210 386 247 solum
404 210 511 259 posci
528 211 567 246 in
587 211 791 247 certamina
807 213 989 247 Turnum.

57 269 179 305 Multa
198 269 307 305 simul
327 270 459 306 contra
477 269 592 306 variis
611 269 795 306 sententia
814 269 923 306 dictis

57 328 129 362 Pro
148 329 295 374 Turn03
314 338 351 366 et
369 341 547 378 magnum
567 329 707 378 reginae
725 341 862 365 nomen
883 328 1105 373 obumbrat3

55 387 177 423 Multa
194 388 320 425 virum
339 390 482 426 meritis
501 397 684 426 sustentat
702 390 801 425 fama
820 389 983 438 tropaeis.

108 449 186 484 Hos
202 448 301 485 inter
317 458 461 493 motus,
483 449 609 486 medio
629 450 667 486 in
688 450 867 499 flagrante
888 449 1067 493 tumultu,

1202 456 1250 479 225

55 509 169 554 Ecce,
189 522 304 558 super
321 511 444 546 moesti
463 523 597 559 magna
616 510 810 548 Diomedis
827 510 875 546 ab
895 510 989 547 urbe

54 569 185 617 Legati
204 582 385 619 responsa
403 571 529 607 ferunt
547 585 555 606 :
576 570 671 607 nihil
690 570 865 607 omnibus
888 579 1013 607 actum

54 629 262 664 Tantorum
280 629 446 679 inpensis
465 642 639 679 operum3
656 631 709 667 nil
728 630 844 675 dona,
865 642 988 678 neque
1007 641 1161 672 aurum,

53 689 131 724 Nec
150 701 302 738 magnas
321 690 482 726 valuisse
499 703 647 740 preecs3
670 690 743 726 alia
761 703 865 726 arma
884 689 1026 725 Latinis

54 748 286 793 Quaerenda‚
307 757 371 785 aut
390 762 520 798 pacem
539 750 704 799 Trojano
724 749 770 786 ab
789 762 877 798 rege
898 748 1108 797 petendam.

1199 757 1246 780 230

52 808 188 844 Deficit
207 808 350 857 ingenti
368 808 473 846 luctu
493 822 560 845 rex
578 813 658 859 ipse
678 810 845 845 Latinus.

52 868 217 904 Fatalem
235 870 379 904 AEnean
396 868 594 905 manifesto
614 869 767 905 numine
786 868 879 904 ferri

52 927 240 965 Admonet
260 927 317 963 ira
336 927 467 974 deum,
488 928 699 977 tumulique
719 936 804 964 ante
822 940 889 964 ora
910 936 1086 963 recentes.

52 991 152 1037 Ergo
172 987 372 1024 concilium
389 1000 586 1037 magnum,
606 989 825 1038 primosque
845 1000 1001 1025 suorum

53 1129 132 1156 VIII
170 1127 256 1162 256;
286 1127 350 1162 XI,
381 1126 458 1161 433.
490 1127 622 1166 Recepit

52 1183 180 1213 quoque
201 1172 264 1201 hoc
278 1171 404 1201 Wakef.
421 1174 442 1202 J
445 1173 521 1213 ungi
544 1183 620 1212 quo-

51 1229 112 1259 que
137 1217 257 1248 animis
279 1224 309 1246 et
334 1217 451 1253 armis,
474 1225 512 1247 ut
534 1219 618 1255 ΧΠ,

53 1265 137 1303 788;
157 1265 224 1300 XI,
246 1273 322 1303 291.
337 1281 384 1287 -—
399 1274 476 1304 219.
496 1263 620 1293 Primos

50 1310 201 1346 honores,
221 1315 258 1339 ut
275 1310 460 1349 praeferatur
478 1310 513 1338 in
530 1311 620 1339 Lavi-

50 1359 111 1386 niae
146 1356 352 1386 matrimonio
363 1378 371 1391 ‚
408 1365 545 1395 cumque.
585 1365 620 1385 ea

48 1405 82 1432 in
112 1403 201 1442 regni
228 1402 436 1431 successione.
458 1419 506 1424 -
534 1411 619 1438 220,

50 1459 127 1478 221.
146 1447 238 1478 Conf.
255 1457 326 1487 qnae
347 1457 444 1488 supra
461 1458 501 1476 ex
524 1449 620 1477 AEnea

47 1494 189 1524 audierat
201 1494 341 1523 Drances
358 1504 388 1523 v,
414 1503 428 1522 1
438 1494 477 1523 15
491 1503 558 1532 sqq.
572 1510 619 1515 —-

50 1545 244 1574 222—-224.
267 1540 385 1570 Contra
401 1540 494 1568 etiam
509 1539 618 1568 multae

49 1587 213 1616 sententiae
224 1585 356 1616 diversae
366 1592 454 1615 erant
464 1595 523 1625 pro
537 1586 617 1614 Tur-

47 1643 90 1662 no
107 1642 118 1668 :1
140 1642 277 1671 eumque
299 1637 330 1661 et
352 1632 460 1671 regina
482 1632 616 1668 Amata,

46 1687 117 1717 quae
143 1677 172 1706 ei
193 1677 358 1713 studebat,
384 1683 416 1706 et
433 1677 512 1706 fama
531 1687 617 1718 mag-

46 1733 159 1754 narum
184 1732 291 1752 rerum
315 1728 474 1762 gestarum
496 1729 616 1752 susten-

47 1769 141 1799 tabat.
173 1768 347 1798 Obumbrac
371 1778 466 1803 eum,
491 1774 613 1804 tuetur,

46 1814 186 1846 defendit
197 1837 205 1850 ,
218 1822 256 1845 ut
271 1815 358 1845 Serv.

106 1861 172 1891 225
204 1871 290 1901 seqq.
324 1861 458 1899 Insuper
472 1880 490 1903 ,-
519 1868 614 1899 super

45 1908 112 1938 haec
134 1908 259 1944 omnia,
285 1906 380 1946 legati
411 1905 546 1934 redeunt
571 1904 612 1933 ad

45 1953 231 1984 Diomedem
265 1952 480 1993 Argyrippam
516 1950 612 1980 missi.

45 1999 126 2029 Vide
141 2009 236 2040 supra
248 1998 377 2029 'librum
394 1998 492 2035 VIII,
509 2007 529 2037 9
543 2007 610 2036 sqq.

46 2062 91 2067 --
111 2046 188 2075 230.
212 2046 243 2074 Α
260 2054 334 2086 rege
355 2046 448 2074 Rom.
468 2042 610 2074 Parrhas.

45 2091 180 2121 Dorvill.
197 2094 314 2121 Pacem
324 2107 368 2112 —
373 2089 547 2130 petendum
564 2098 612 2129 ag-

46 2144 191 2167 noscunt.
215 2137 419 2167 Grammatici
464 2135 609 2171 Servius,

674 1127 819 1155 Donatus
846 1126 885 1155 ad
913 1128 1040 1156 Terent.
1068 1124 1243 1158 Rufinian..

674 1171 713 1201 de
727 1171 850 1202 Schem.
868 1174 943 1202 Lex.
955 1182 986 1211 p.
1004 1171 1069 1201 256
1085 1178 1115 1200 et
1128 1171 1166 1201 al.
1179 1194 1186 1208 ‚
1204 1183 1244 1201 ex

674 1217 766 1246 codd.
795 1218 877 1247 nulli
907 1224 1022 1257 praeter
1048 1219 1163 1246 Moret.
1193 1228 1243 1257 pr.

672 1265 764 1293 Voss.
790 1273 839 1302 pr.
869 1264 995 1303 Menag.
1028 1273 1076 1302 pr.
1105 1262 1192 1292 Leid.
1212 1270 1244 1292 et

674 1308 771 1338 Goth.
784 1319 834 1348 pr.
851 1310 960 1348 Quum
975 1310 1083 1347 itaque
1097 1307 1242 1338 codicum

673 1355 842 1383 auctoritas
876 1353 974 1390 desit,
1007 1354 1095 1383 facile
1128 1355 1199 1393 quis
1225 1366 1241 1383 a

673 1401 877 1440 grammatico
908 1401 1051 1429 acumine
1077 1400 1139 1429 hoc
1168 1411 1241 1440 pro-

674 1446 791 1474 fectum
816 1445 978 1475 odoretur.
1004 1445 1138 1476 Molesta
1164 1456 1242 1485 quo·

671 1501 734 1530 que
757 1493 875 1526 oratio,
899 1502 998 1531 quum
1020 1493 1214 1532 praecesserit
1232 1503 1239 1522 :

671 1547 763 1566 arma
789 1537 982 1577 quaerenda‚
1005 1548 1071 1568 non
1097 1549 1242 1578 quaeren-

671 1582 757 1614 dum.
781 1586 888 1623 Itaque
911 1585 1019 1614 Burni.
1043 1585 1160 1613 iterum
1183 1595 1239 1614 ex-

670 1628 754 1668 pulit
771 1629 896 1658 illatum
917 1629 956 1658 ab
980 1631 1110 1660 Heinsio
1127 1638 1239 1669 peten-

671 1674 756 1705 duwe.
773 1677 878 1705 Potest
894 1682 998 1705 tamen
1011 1683 1104 1716 poeta
1119 1677 1238 1713 variare

671 1721 807 1750 votuisse
833 1722 1019 1751 orationem.
1041 1723 1088 1751 Ita
1106 1723 1236 1751 sensisse

669 1765 797 1795 videtur
827 1767 1030 1806 praestantiss.
1061 1765 1234 1797 Ruhnken.

668 1811 708 1840 ad
724 1809 885 1841 Rufinian.
905 1812 926 1841 l.
941 1812 963 1840 l.
979 1819 1010 1840 et
1026 1813 1152 1851 repetiit
1173 1811 1235 1842 hoc

667 1855 790 1886 Wakef.
804 1874 850 1879 —
862 1857 926 1887 232
939 1879 947 1893 ‚
966 1858 1042 1888 233.
1064 1859 1119 1887 Ira
1139 1857 1233 1887 deum

666 1900 826 1942 (propter
852 1902 1011 1932 adversam
1036 1903 1112 1933 belli
1134 1902 1235 1933 fortu-

665 1957 737 1976 nam
750 1958 758 1984 ;
774 1947 860 1978 unde
872 1950 967 1978 etiam
982 1948 1152 1986 subjicitur
1163 1959 1175 1978 .·
1189 1956 1234 1978 tu·

666 1993 744 2022 muli
765 2001 841 2023 ante
861 2005 919 2024 ora
941 1994 1103 2035 recentes)
1124 1994 1233 2024 admo-

665 2047 728 2075 net,
747 2039 880 2070 numine
891 2040 1070 2081 manifest0‚
1086 2041 1167 2071 clara
1181 2051 1234 2070 vo-

663 2085 792 2115 luntatis
825 2085 957 2117 deorum
985 2085 1232 2128 significatione,

654 2130 739 2171 scr-ri
750 2130 842 2172 (esse)
860 2133 996 2163 AEnenm
1003 2132 1146 2173 fatalem
1162 2144 1172 2162 .·
1188 2133 1232 2162 fa-
