1414 2435
119 57 183 87 156

612 54 806 86 AENEIDOS

114 114 343 158 Debentem,
362 122 461 148 vano
476 111 599 149 moesti
616 113 842 149 comitamur
860 110 1018 148 honore.

115 173 271 218 Infelix,
290 171 369 208 nati
386 170 497 208 funus
514 170 667 208 crudele
686 170 849 208 videbis!

114 235 164 272 Hi
181 231 299 270 nostri
318 230 480 277 reditus,
501 230 786 281 exspectatique
803 229 1004 279 triumphi!

115 296 205 330 Haec
224 304 307 328 mea
321 303 457 340 magna
474 290 583 327 fides!
602 293 653 327 At
671 303 748 327 nou
759 318 769 336 ‚
786 290 981 336 Evandre,
999 287 1186 339 pudendis
1276 295 1307 320 ⁵⁵

115 350 344 389 Volneribus
361 351 512 400 pulsum
532 349 733 400 adspicies,
753 362 824 386 nec
842 349 982 399 sospite
1002 348 1127 385 dirum

113 409 274 461 Optabis
288 417 378 446 nato
397 409 509 446 funus
527 418 635 459 pater
652 424 661 446 :
680 409 744 445 hei
761 408 870 454 mihi,
891 416 1074 457 quantum

114 468 335 506 Praesidium
353 468 538 515 Ausonia,
555 477 592 505 et
611 477 795 518 quantum
815 476 857 504 tu
872 467 1018 517 perdis,
1036 467 1135 504 Iule!
1153 483 1168 499 u

166 532 257 567 Haec
273 527 342 566 ubi
361 528 533 574 deflevit,
554 528 635 565 tolli
651 527 865 565 miserabile
883 540 1021 577 corpus

116 592 301 640 Imperat,
321 596 359 626 et
377 596 458 625 toto
477 589 594 626 lectos
614 601 662 625 ex
682 588 828 638 agmine
847 587 962 625 mittit
1092 583 1095 586 ’
1276 596 1308 619 fio

115 650 220 686 Mille
239 649 361 694 viros,
381 648 448 698 qui
466 661 686 698 supremum
705 648 933 685 comitentur
947 648 1150 692 honorem,

115 709 370 758 Intersintque
388 708 507 758 patris
527 708 708 755 lacrimis,
725 707 857 745 solatia
875 708 998 745 luctus

116 769 264 818 Exigua
282 768 459 817 ingentis,
482 768 620 804 misero
640 767 707 804 sed
730 767 859 804 debita
877 768 988 817 patri.

117 827 230 866 Haud
249 840 378 877 segnes
396 827 460 863 alii
478 827 590 864 cratis
609 837 647 864 et
664 827 775 863 molle
795 827 975 864 feretrum

119 887 300 925 Arbuteis
319 895 452 923 texunt
469 886 585 935 virgis
601 895 638 923 et
651 885 792 923 vimine
808 898 972 935 querno,
1278 896 1310 919 65

117 1067 194 1087 vum
210 1063 241 1086 et
255 1055 450 1086 incolumem
465 1066 529 1086 esse
544 1056 687 1087 noluere.

119 1102 287 1134 Manifeste
303 1102 365 1131 hoc
381 1109 544 1131 mutuatus
559 1109 605 1132 est
618 1113 691 1142 poe-

118 1156 148 1178 ta
175 1159 192 1178 a
215 1148 371 1188 Sophocle
394 1157 401 1177 :
431 1149 489 1177 etsi
510 1148 689 1188 paullulum

117 1194 255 1224 inflexit.
284 1194 333 1222 Ibi
361 1194 464 1231 Ajax,
501 1204 601 1233 quum
632 1204 689 1234 per

117 1240 193 1270 deos
221 1240 413 1270 obsecrasset
443 1242 624 1276 Tecmessa,
652 1247 689 1269 ut

118 1287 192 1316 vitae
209 1292 370 1327 parceret,
395 1295 425 1315 v.
452 1286 537 1325 592,
567 1285 630 1325 593
651 1277 689 1316 Ᾰ-

117 1343 177 1376 γαν
197 1342 235 1376 γε
254 1331 370 1367 λυπεῖς.
394 1330 428 1361 οὐ
456 1329 601 1368 κάθοισθ’,
625 1330 687 1375 ἐγὼ

118 1378 194 1414 θεοῖς
208 1378 248 1413 ὡς
268 1374 355 1408 οὐδὲν
377 1374 480 1420 ἀρκεῖν
500 1375 560 1419 ἐίμ’
576 1375 691 1418 ὀφειλέ-

118 1435 171 1460 της
194 1422 260 1462 ἕτι;
275 1434 384 1453 armon
407 1423 522 1460 vides,
542 1423 624 1453 nihil
640 1434 691 1453 me

118 1471 231 1501 debere
264 1470 344 1505 diis,
377 1469 465 1510 quod
491 1469 618 1510 quidem
653 1469 691 1498 iis

112 1523 264 1557 proeseem
275 1519 292 1546 .³
307 1516 407 1545 salute
425 1515 545 1545 scilicet
562 1526 619 1545 sua
637 1515 689 1545 de-

117 1562 357 1603 sperata,nihil
388 1562 523 1602 amplius
554 1560 689 1591 debebat

117 1608 178 1638 diis
202 1610 346 1650 σωτῆρσι.
376 1608 426 1637 sic
449 1607 597 1647 equidem
619 1607 689 1637 loca

118 1655 251 1695 accipio.
272 1654 417 1693 Plerique
440 1654 474 1683 in
498 1654 631 1683 Marone
651 1664 689 1683 eo

119 1700 261 1731 referunt
286 1701 495 1734 senteutiam,
517 1698 605 1740 quod
622 1700 690 1730 Pal-

118 1747 164 1776 las
182 1747 246 1785 jam
270 1745 331 1775 sub
355 1745 486 1775 deorum
515 1745 690 1775 inferorum

119 1799 309 1833 potestatem
327 1793 425 1822 venit.
444 1792 514 1822 Alia
532 1802 691 1822 commen-

120 1845 150 1868 ta
172 1840 273 1871 Servii
291 1839 488 1878 aliorumque
511 1839 618 1879 Iutpp.
646 1849 691 1868 re-

119 1892 227 1925 petere
252 1884 298 1916 nil
322 1885 428 1915 refert.
445 1901 492 1907 —
509 1884 562 1915 52.
592 1884 692 1914 Comi-

121 1939 226 1961 tamus
255 1942 304 1972 pr.
345 1932 462 1962 Moret.
500 1929 693 1960 comitantur

121 1977 187 2008 (luo
207 1980 314 2008 Burm.
326 1988 399 2007 cnm
416 1976 512 2007 Goth.
532 1983 602 2007 tert.
615 1999 624 2014 ,
642 1978 691 2006 in-

123 2025 211 2054 scite.
236 2026 356 2053 Amore
380 2022 513 2054 Oudart.
538 2023 578 2052 ab
601 2033 654 2052 ore
675 2033 691 2052 a

123 2079 171 2108 pr.
204 2080 245 2099 m.
278 2071 394 2100 Moret.
421 2087 467 2092 —
500 2071 592 2099 Fano
619 2069 692 2099 hac-

124 2121 233 2150 tenns,
249 2115 334 2154 qnod
361 2126 399 2145 co
424 2122 570 2145 mortuus
590 2117 623 2146 in
646 2115 692 2144 vi-

124 2166 185 2189 iam
204 2170 269 2190 non
287 2168 462 2192 revocatur.
478 2163 528 2192 Sic
545 2163 590 2191 vl
602 2184 612 2199 ‚
628 2161 694 2191 886

744 1056 843 1086 inane
868 1067 989 1087 munus.
1005 1074 1051 1079 —
1071 1057 1124 1091 54.
1147 1054 1191 1085 Hi
1214 1056 1315 1085 nostri

744 1103 872 1134 reditus.
895 1102 1019 1139 Nostri,
1036 1114 1052 1133 a
1069 1101 1162 1132 nobis
1183 1103 1314 1142 promis-

742 1150 787 1187 si;
806 1149 880 1178 alias
894 1149 996 1190 friget.
1007 1150 1046 1178 Et
1061 1148 1205 1189 sequitur
1216 1157 1224 1178 :
1235 1149 1313 1177 Hoec

743 1206 816 1224 mea
843 1205 965 1236 magna
978 1194 1093 1238 fides&³
1113 1195 1159 1224 At
1181 1203 1243 1222 non
1257 1205 1314 1234 pu-

742 1241 857 1270 dendis
871 1240 946 1282 (sed
972 1240 1116 1282 pulchris
1126 1263 1134 1278 ,
1152 1246 1183 1270 et
1196 1240 1312 1270 hones-

743 1288 782 1316 tis
793 1309 802 1324 ,
819 1287 951 1317 adverso
967 1297 1120 1327 corpore;
1136 1286 1220 1316 conf.
1235 1285 1273 1316 11.
1287 1297 1313 1321 ν,

745 1333 809 1362 288
834 1333 927 1375 sqq.)
953 1332 1138 1363 Vulneribus
1162 1331 1313 1372 pulsum:

743 1378 925 1422 πληγέντα,
962 1389 1158 1420 percussum.
1184 1395 1231 1401 —-
1259 1378 1312 1408 56.

743 1427 877 1454 Passum
902 1424 986 1455 idem
1011 1426 1120 1455 Franc.
1145 1431 1176 1454 et
1198 1424 1312 1455 Hamb.

743 1481 793 1511 pr.
817 1469 997 1501 Wakefield
1029 1470 1171 1501 tentabat
1186 1470 1312 1511 fitsum.

744 1518 819 1546 Non
842 1517 925 1547 ven.
953 1527 993 1546 ne
1015 1516 1082 1546 duo
1104 1516 1168 1546 alii.
1191 1517 1314 1546 Durum
1342 1512 1358 1555 l

743 1561 853 1591 itidem
879 1561 945 1592 duo
969 1573 1042 1592 cum
1062 1561 1180 1592 Medic.
1208 1563 1313 1592 Pierii.

744 1607 823 1637 Diro
838 1609 915 1638 Exc.
932 1609 1040 1638 Burm.
1060 1608 1181 1648 Sospite
1201 1607 1317 1638 volunt

744 1654 866 1684 dictum
890 1665 955 1684 esse
972 1664 1032 1695 pro
1048 1654 1166 1694 sospiti.
1184 1671 1231 1677 —-
1246 1655 1317 1684 Sos-

741 1700 935 1740 pite—nato
948 1711 992 1731 sc.
1004 1711 1076 1730 cum
1089 1700 1218 1730 infamia
1229 1723 1238 1738 ‚
1254 1707 1316 1730 mr—

743 1748 778 1787 pi
802 1747 874 1787 fuga
893 1758 909 1777 e
926 1756 1031 1788 pugna
1056 1753 1180 1776 serrato
1195 1756 1208 1785 ‚z
1227 1747 1316 1785 cujus

745 1792 908 1824 dedecoris
922 1793 1032 1824 dolore
1046 1793 1252 1823 exardescens
1266 1803 1317 1833 pa-

745 1846 793 1869 ter
819 1839 977 1870 infaustus
1003 1838 1064 1869 sibi
1095 1845 1246 1875 mortem,
1273 1838 1318 1867 di-

744 1896 813 1915 rum
820 1885 938 1927 fimus,
955 1892 1053 1926 optat.
1067 1887 1232 1926 Perper-am
1249 1886 1317 1915 Ser-

746 1933 789 1961 vii
814 1932 961 1973 exemplo
987 1933 1129 1971 Interpp.
1145 1929 1315 1971 trepidant.

794 1978 847 2018 59.
882 1977 1036 2020 Deflet-it,
1077 1976 1185 2006 flendo
1219 1975 1315 2006 finem

747 2023 839 2059 fecit,
862 2030 898 2053 ut
920 2023 1126 2063 Cannegieter
1142 2021 1180 2052 ad
1199 2024 1315 2053 Avian.

746 2069 809 2099 fab.
821 2079 869 2109 pr.
880 2069 1033 2109 exemplis
1047 2068 1183 2098 illustrat
1197 2079 1205 2099 :
1222 2079 1316 2110 quern

745 2116 807 2154 jam
825 2116 996 2145 Burmann.
1019 2114 1160 2145 laudavit
1178 2125 1186 2146 :
1203 2126 1262 2145 nec
1276 2122 1319 2146 ta-

749 2171 821 2192 men
841 2160 954 2199 video,
972 2171 1011 2191 an
1027 2162 1159 2193 omnino
1181 2161 1242 2192 hoc
1263 2171 1317 2192 ne-
