1414 2435
111 59 177 94 324
575 55 796 86 EXCURSUS
820 55 851 84 11

109 119 197 150 ditur
210 117 319 148 fanum
335 115 510 148 Diomedis.
530 126 562 146 v.
582 116 698 147 Strabo
715 115 771 147 lib.
792 116 835 153 V,
851 126 885 156 p.
906 115 971 145 328
982 137 990 152 ‚
1008 115 1094 155 3293
1111 115 1175 153 VI,
1189 126 1222 156 p.
1247 116 1313 152 435

110 176 135 205 Β
145 197 153 213 ,
170 172 320 214 aliudque
341 173 425 202 inter
442 170 582 202 Umbros
598 172 683 200 circa
701 171 872 201 Anconam
882 192 891 207 ‚
907 177 944 199 ut
959 170 1077 211 Scylax
1089 177 1197 200 narrat
1211 171 1247 201 in
1260 173 1316 201 Pe-

112 228 194 269 riplo
208 238 278 269 pag.
297 227 316 257 6
330 238 338 265 ;
355 225 440 267 apud
454 226 536 257 Plin.
555 227 604 254 III
615 249 624 263 ,
645 235 686 255 20
704 224 782 254 urbs
801 226 896 265 Spina
907 247 915 262 ‚
934 224 972 254 ad
985 225 1102 254 ostium
1116 223 1193 255 Padi
1205 225 1316 265 Spine-

112 282 233 317 ticum,
258 279 388 309 condita
414 289 436 308 a
463 277 633 308 Diomede.
654 278 742 307 Alias
761 277 800 307 de
818 277 976 308 Diomede
994 279 1190 308 narrationes
1211 289 1243 309 v,
1264 288 1315 319 ap.

112 335 213 366 strab.
234 336 280 364 VI
292 357 300 372 ‚
314 345 385 376 pag.
401 334 478 370 436.
498 335 564 363 Vix
577 333 706 363 videtur
721 334 756 362 in
769 332 819 362 his
834 331 914 362 fides
927 333 1047 362 Graecis
1066 343 1131 363 esse
1148 332 1315 364 habenda:

113 391 169 430 qui
179 414 186 428 ,
203 400 303 430 quum
318 390 448 419 heroem
463 389 634 430 indigetem
651 388 737 418 iniis
752 387 831 417 locis
845 388 908 417 coli
922 387 1096 424 audissent,
1113 387 1219 416 forsan
1227 398 1316 417 more

112 455 170 475 suo
194 445 384 475 Diomedem
407 456 481 475 eum
496 444 694 486 interpretati
715 449 799 472 sunt.
822 444 944 472 Verum
963 452 980 471 a
1006 452 1056 471 me
1077 441 1145 471 haec
1167 452 1205 472 eo
1227 452 1316 472 113110

113 506 422 537 commemoramur,
436 505 473 528 ut
492 498 688 538 intelligatur
698 519 707 535 ,
726 496 866 526 fabulam
880 496 920 526 de
935 495 1100 526 Diomedis
1113 496 1149 525 in
1162 495 1253 525 Italia
1270 507 1317 526 se-

112 552 206 582 dibus
225 552 319 583 fuisse
337 555 410 584 satis
429 552 572 583 nobilem
591 553 676 582 inter
698 558 837 589 veteres,
858 557 894 580 ut
918 557 1012 591 poeta
1035 560 1069 580 ea
1087 551 1137 580 uti
1155 550 1318 590 potuerit3

113 615 206 635 usum
222 613 328 637 autem
343 618 408 638 esse
424 619 458 638 ea
477 608 605 648 poetam
622 606 661 636 ad
675 606 892 636 narrationem
904 604 1085 635 variandam
1100 610 1132 635 et
1143 604 1318 636 ornandam

113 661 358 693 accommodate.

618 747 792 754 -————-

425 844 472 897 E
484 844 540 897 X
553 845 597 898 C
609 845 659 897 U
671 846 717 898 R
731 846 765 898 S
778 845 828 897 U
840 845 874 898 S
930 846 1004 898 ΙΙ.

561 977 634 1017 De
654 973 862 1018 Camilla.

160 1109 208 1139 XI
219 1131 227 1145 ‚
244 1108 307 1138 532
323 1117 391 1148 sqq.
412 1107 476 1147 539
491 1117 558 1147 sqq.
570 1107 685 1137 Pulsus
694 1106 732 1136 ob
743 1105 906 1137 invidiam.
918 1107 1105 1148 Episodium
1116 1107 1179 1138 11οο
1192 1117 1210 1138 a
1222 1114 1318 1157 poeta

114 1173 155 1192 cx
169 1162 306 1202 antiquis
321 1162 475 1193 Italorum
491 1161 631 1190 historiis
641 1184 650 1199 ,
665 1171 721 1191 seu
735 1160 851 1191 fabulis
867 1162 1068 1192 contexuisse
1081 1161 1243 1202 putandus
1259 1168 1315 1192 est.

114 1218 161 1246 Ex
180 1217 290 1247 Servio
307 1215 346 1245 ad
361 1227 391 1247 v.
415 1216 477 1254 567
498 1215 603 1257 colligi
624 1223 743 1261 potest,
763 1216 915 1246 Catonem
930 1215 997 1246 haec
1014 1216 1108 1246 latius
1126 1226 1191 1246 esse
1211 1226 1315 1256 perse-

113 1277 223 1301 cutum
249 1272 284 1301 in
303 1272 411 1312 Origg.
421 1294 429 1308 ‚
449 1281 521 1312 quoe
537 1272 603 1311 ipsa
619 1281 668 1300 res
687 1281 837 1302 excusare
849 1277 974 1314 poterat
994 1270 1111 1300 factum
1127 1281 1185 1312 per
1197 1281 1230 1300 se
1242 1281 1318 1311 por-

111 1331 201 1355 tento
215 1325 334 1362 simile,
359 1333 395 1355 ut
413 1313 510 1355 ha⁴stae
535 1325 693 1366 alligatam
708 1325 864 1356 infantem
881 1334 966 1356 trans
989 1335 1112 1356 amnem
1135 1324 1248 1365 aliquis
1269 1326 1315 1354 ita

112 1381 263 1418 trajiciat,
278 1387 314 1409 ut
328 1381 406 1421 ripae
422 1379 567 1410 adversae
581 1379 734 1421 infigatur
747 1380 835 1411 hasta
848 1404 857 1418 ‚
875 1383 943 1412 sine
959 1382 1089 1412 infantis
1102 1391 1202 1418 noxa,
1219 1389 1315 1421 quam

112 1445 186 1464 vum
201 1435 253 1465 illa
269 1435 410 1465 humeris
425 1442 478 1465 ant
496 1442 584 1476 tergo
600 1435 718 1475 illigata
734 1442 894 1467 transnare
913 1447 1049 1467 amnem.
1064 1435 1162 1477 Quod
1178 1436 1218 1466 de
1237 1437 1315 1477 Pyr-

113 1489 188 1527 rho,
206 1491 294 1531 Epiri
310 1501 381 1531 rege
393 1514 401 1527 ‚
416 1501 518 1531 puero
534 1497 696 1520 narratum
716 1491 807 1521 aiunt
827 1492 947 1529 simile,
961 1492 1056 1532 plane
1077 1491 1237 1521 diversum
1251 1495 1314 1526 est,

111 1544 137 1572 si
156 1544 361 1574 Plutarchum
379 1545 538 1584 inspicias,
555 1545 708 1574 Diversus
723 1553 826 1575 autem
845 1547 958 1586 utique
975 1545 1028 1574 1110
1043 1544 1193 1589 Metabus
1205 1544 1244 1574 ab
1257 1553 1296 1574 eo
1306 1567 1315 1582 ,

113 1597 169 1636 qui
185 1607 225 1626 ex
244 1597 340 1636 Troja
356 1597 459 1627 redux
475 1599 700 1638 Metapontum
717 1599 750 1628 in
767 1606 907 1628 extrema
930 1598 1018 1628 ltalia
1036 1597 1214 1628 condidisse
1234 1598 1314 1629 fere-

112 1651 218 1681 batur.
234 1652 263 1681 Is
275 1674 283 1689 ‚
298 1650 336 1681 de
350 1662 414 1692 quo
429 1651 480 1681 1110
501 1653 619 1693 agitur,
646 1663 702 1682 rex
720 1654 863 1682 Priverni
877 1675 885 1689 ‚
903 1652 991 1693 quod
1012 1652 1206 1683 Volscorum
1226 1653 1317 1694 oppi-

112 1706 188 1736 dum
203 1706 263 1736 fuit
277 1706 386 1748 (nunc
408 1708 496 1736 vicus
512 1707 650 1747 Piperno
661 1707 671 1747 )
683 1731 691 1744 ‚
707 1719 762 1748 per
785 1708 972 1738 seditionem
995 1718 1011 1737 a
1031 1708 1096 1737 suis
1114 1707 1226 1748 pulsus
1236 1729 1245 1745 ‚
1259 1707 1317 1739 Ca·

113 1761 198 1791 milla
220 1760 285 1791 filia
304 1762 424 1791 infante
447 1771 555 1791 secum
578 1761 692 1798 (lucta,
721 1764 880 1793 Amaseuo
905 1764 1053 1801 trajecto,
1079 1763 1114 1792 in
1131 1761 1218 1792 silvis
1239 1761 1315 1792 edu-

112 1816 195 1845 cavit
213 1813 311 1846 filiam
335 1816 447 1846 Dianae
464 1823 691 1846 consecratam.
712 1817 787 1846 Nou
812 1818 995 1858 importuna
1011 1815 1180 1846 est-sabula
1201 1815 1240 1845 ad
1261 1825 1313 1845 va-

113 1869 252 1899 n'andam
270 1871 484 1901 narrationem
501 1871 540 1901 de
559 1871 676 1902 bellico
696 1879 865 1912 apparatu,
882 1878 913 1902 et
931 1878 1016 1901 tenet
1032 1871 1172 1902 animum
1185 1880 1315 1911 exspec-

112 1926 229 1955 tatione
247 1925 385 1956 fatorum
401 1926 558 1963 Camillae,
578 1926 617 1956 tle
636 1937 698 1967 qua
713 1928 927 1957 narrationem
949 1937 1035 1957 1111110
1051 1925 1189 1956 instituit
1207 1932 1310 1966 poeta.

114 1982 235 2010 Interea
250 1980 327 2010 huic
338 1981 481 2021 episodio
495 1982 605 2011 ultima
622 1989 723 2022 poetae
738 1992 850 2011 manus
865 1992 930 2012 non
945 1980 1071 2011 admota
1085 1989 1150 2009 esse
1164 1978 1309 2020 videtur,

112 2044 212 2073 quum
228 2036 366 2065 narratio
381 2046 453 2065 cum
471 2036 540 2076 ipso
559 2035 700 2066 AEneidis
718 2042 906 2077 argumento
920 2035 1053 2064 omnino
1071 2044 1137 2063 non
1151 2035 1226 2064 satis
1241 2043 1314 2065 coa-

111 2087 224 2119 luerit:
244 2090 322 2129 Opis
343 2096 446 2119 autem
470 2101 486 2119 a
508 2092 639 2121 Jnnone
661 2091 762 2120 missae
790 2089 999 2119 ministerium
1025 2088 1081 2117 vix
1106 2098 1199 2125 eum,
1220 2098 1314 2128 quem

112 2142 372 2182 exspectabamus
383 2167 390 2179 ,
408 2144 560 2174 effectum
573 2145 697 2175 habeat.
715 2145 787 2175 Non
804 2149 926 2184 poterat
943 2153 958 2171 a
975 2149 1076 2172 morte
1101 2141 1186 2171 fatali
1208 2141 1314 2172 vindi-

112 2206 181 2226 care
207 2198 372 2227 Camillam
390 2209 477 2228 suam
500 2201 621 2237 Diana3
645 2206 679 2229 31
703 2209 760 2228 nec
781 2198 909 2238 Jupiter
930 2197 1164 2238 Sarpedonem,
1182 2206 1241 2227 11εο
1259 2195 1312 2226 alii
