1414 2435
155 88 172 117 3
182 98 221 118 10
619 87 839 118 EXCURSUS
865 88 896 117 11

155 154 289 185 runtur3
305 148 424 188 quippe
443 146 600 176 Anchises
621 157 639 176 a
668 148 790 177 Venere
805 149 842 178 in
865 155 973 178 monte
1000 148 1070 186 Ida,
1096 159 1198 189 quum
1222 155 1362 180 armenta

157 210 313 245 pasceret,
331 209 450 232 amatus
469 209 516 232 est
531 211 539 232 :
556 208 593 232 ut
607 201 659 231 vel
678 213 718 232 ex
733 202 824 233 Iliad.
841 201 878 241 β,
897 203 960 232 821
982 205 1182 242 memineris3
1199 210 1231 234 et
1245 214 1286 234 ex
1301 206 1363 236 He-

158 258 236 289 siod.
254 259 287 295 0,
313 267 558 297 1007—1009,
579 256 749 297 multoque
765 258 862 299 magis
879 268 918 287 ex
937 259 1068 299 Hymno
1088 259 1278 297 Homerico3
1301 260 1363 289 nisi

159 313 306 343 carminis
329 312 540 357 potiuspepici
562 311 777 353 fragmentum
795 311 878 341 illud
901 318 963 350 est,
981 322 1016 342 ea
1031 320 1136 354 parte,
1158 324 1220 354 qua
1238 311 1364 351 deficit,

158 369 270 410 hymni
288 366 429 397 clausula
444 366 629 407 suppletum
643 365 705 407 (1).
722 365 826 396 Addit
837 367 947 404 Maro,
960 366 999 396 ad
1012 367 1204 398 Simoentem
1221 369 1364 410 genitum

159 432 223 451 esse
239 423 389 458 AEneam,
403 422 476 451 AEn.
492 421 525 457 1,
544 420 609 450 618
624 429 632 450 :
652 422 742 450 Tune
762 419 817 450 ille
831 421 975 458 AEneas‚
994 432 1090 462 quem
1109 421 1281 452 Dardanio
1296 423 1363 451 An-

158 474 253 505 clzisae
269 475 371 504 Alma
386 476 492 504 Venus
508 473 644 515 Phrygii
653 473 768 515 gennit
782 473 952 504 Simoentis
965 475 1012 504 ad
1025 475 1146 505 undam
1159 479 1175 505 ,ν’

205 529 370 558 Nutritum
393 529 523 558 AEneam
551 538 568 557 a
592 527 770 568 Nymphis,
799 535 831 558 et
855 527 988 568 quidem
1011 528 1213 569 DryadibuS‚
1230 529 1367 558 suaviter

159 589 321 612 narratum
341 588 388 611 est
405 582 439 611 in
459 581 570 611 eodem
593 583 725 622 Hymno
751 581 817 611 258
841 592 910 622 sqq.
928 581 1109 611 Educatum
1127 591 1205 611 mox
1219 583 1255 611 in
1273 581 1368 611 Alca-

159 637 228 667 thoi
252 636 367 674 domo,
392 637 450 676 qui
471 637 540 675 ejus
563 646 707 666 sororem
729 637 935 666 matrimonio
962 636 1116 674 habebat,
1132 635 1227 666 docet
1251 637 1370 666 Home-

160 702 214 721 rus
232 690 324 721 Iliad.
337 701 369 729 ν,
390 691 473 728 465,
495 691 573 727 466,
591 692 664 721 Fuit
680 691 735 721 illa
750 690 962 732 Hippodamia
972 714 980 729 ‚
999 702 1094 732 qnam
1108 702 1125 721 e
1136 690 1276 732 legitima
1291 700 1370 720 con-

157 747 232 786 juge
247 744 398 784 Eriopide
411 751 593 785 susceperat
608 744 783 782 Anchises;
800 745 944 776 tradente
960 744 1126 776 Eustathio
1142 744 1181 774 ad
1197 755 1224 775 e,
1237 744 1260 774 l.
1275 743 1370 784 Apud

160 797 410 838 Xenophontem
431 797 469 826 de
486 799 602 828 Venat.
627 808 676 838 pr.
696 799 781 827 inter
805 809 859 828 eos
878 806 1090 835 memoratur,
1116 799 1175 840 qui
1193 808 1209 827 a
1232 797 1371 828 Chirone

161 854 295 883 enutriti
310 852 414 891 fuere,
431 851 586 894 figmento
603 851 810 882 historiarum
827 853 946 882 rationi
960 853 1158 883 adversante.

206 909 298 938 Pavit
313 914 418 937 tamen
434 910 560 944 AEneas,
585 916 673 937 more
689 907 800 947 priscae
822 907 936 944 anatis,
953 914 1095 937 armenta
1117 908 1153 937 in
1172 913 1281 936 monte
1297 905 1371 944 Ida3

161 968 192 990 et
209 960 340 1001 quidem
362 960 424 990 sub
448 961 554 1001 ipsum
574 967 700 1001 tempus
720 959 797 990 belli
818 961 966 999 Trojani;
986 971 1060 991 nam
1076 971 1246 1002 oppressus
1267 960 1320 991 itte
1337 961 1371 989 in

160 1014 332 1044 solitudine
348 1015 388 1044 ab
404 1015 531 1044 Achille
553 1015 610 1043 vix
628 1015 701 1054 fuga
720 1013 782 1044 sibi
798 1014 1020 1052 consuluerat3
1047 1025 1212 1056 quumque
1234 1016 1371 1055 Lyrnes-

160 1080 232 1099 sum
257 1069 467 1109 confugisset,
488 1068 610 1100 Achille
633 1068 673 1098 ad
696 1079 764 1099 eam
783 1068 897 1098 urbem
918 1069 1169 1111 oppugnandam
1186 1069 1370 1106 advolante,

160 1122 286 1163 fugatus
300 1129 331 1152 et
346 1121 421 1152 inde
435 1129 481 1153 est
497 1124 628 1153 AEueas:
645 1123 682 1153 11.
699 1132 715 1152 υ
726 1145 734 1160 ,
754 1123 909 1164 90—96,
920 1123 1165 1163 -187—-194-
1182 1123 1290 1153 Latius
1303 1122 1371 1152 haec

162 1183 374 1218 persequutus
387 1183 454 1207 erat
466 1183 579 1207 auctor
595 1177 791 1218 Cypriorum
805 1187 813 1207 z
836 1177 872 1206 in
887 1178 980 1216 cujus
994 1183 1181 1219 argumento
1197 1175 1284 1218 apud
1299 1179 1373 1207 Pro-

162 1230 247 1259 clum
263 1229 312 1272 (2)
336 1230 404 1261 haec
419 1230 579 1260 habentur
593 1241 602 1261 :
618 1228 759 1273 κᾷπειτα
779 1229 948 1262 ἀπελαύνει
970 1230 1158 1273 (Achilles)
1177 1227 1233 1265 τὰς
1252 1227 1370 1260 Αἰνείου

162 1281 238 1321 βόας
249 1307 256 1321 ,
278 1281 332 1314 καὶ
351 1283 520 1328 Λύρνεσσον
534 1281 589 1316 καὶ
604 1281 751 1318 Πήδασον
767 1285 875 1328 πορθεῖ
888 1303 944 1315 -.

209 1338 298 1368 Idem
320 1345 425 1370 tamen
437 1342 550 1371 AEueas
563 1341 629 1379 jam
643 1347 735 1370 antea
754 1341 862 1371 Paridi
879 1350 985 1370 comes
1000 1339 1211 1381 navigationis
1231 1340 1266 1370 in
1282 1339 1371 1370 Grae-

163 1392 242 1422 ciam
259 1391 387 1422 additus
402 1393 506 1422 fuerat
526 1403 533 1423 :
548 1391 604 1423 καί
618 1392 638 1426 ἡ
652 1385 812 1436 Ᾰφραδίτη
827 1391 950 1424 Αἰνείαν
966 1393 1116 1436 συμπλεῖν
1133 1392 1218 1436 αὐτῷ
1235 1392 1371 1430 κελεύει,

164 1446 247 1477 idem
264 1447 397 1478 Proetus
413 1447 593 1478 secundum
610 1448 745 1478 Carmen
763 1448 918 1489 Cyprium
933 1447 996 1490 (3).

210 1503 322 1541 Quum
337 1501 466 1539 Trojam
481 1502 672 1537 accessisset,
691 1512 708 1531 e
724 1502 880 1531 societatis
897 1512 971 1531 cum
991 1503 1116 1533 Priamo
1132 1502 1219 1543 lege,
1236 1509 1273 1533 ut
1287 1504 1374 1533 auxi-

162 1556 244 1585 lium
258 1555 364 1592 ferret,
375 1555 518 1585 simultas
527 1557 610 1586 iuter
624 1557 730 1597 ipsum
745 1563 775 1586 et
791 1557 953 1586 Priamum
964 1557 1144 1596 Priamique
1159 1555 1244 1587 filios
1251 1557 1372 1587 incide-

165 1617 229 1647 rat3
249 1609 334 1640 unde
348 1618 379 1641 ct
392 1611 481 1640 irasci
495 1621 569 1640 eum
583 1612 724 1648 Priamo,
744 1618 775 1641 et
788 1620 928 1652 pugnam
944 1609 1120 1640 detrectare
1133 1612 1273 1652 suspicio
1286 1619 1368 1642 erat:

165 1663 256 1694 iliad.
270 1675 284 1693 ν
294 1686 302 1701 ,
324 1665 390 1704 459
410 1675 457 1705 sq.
476 1664 648 1695 Resrixisse
665 1664 764 1695 videri
779 1672 914 1706 possunt
927 1665 1024 1694 animi
1040 1675 1074 1694 ea
1088 1664 1127 1694 ‹le
1144 1675 1270 1704 caussa,
1283 1667 1373 1708 quod

166 1720 278 1748 AEneas
300 1728 412 1759 magna
434 1717 521 1759 apud
538 1719 694 1757 Trojauos
713 1720 900 1749 auctoritate
923 1718 1072 1748 utebatur
1088 1718 1178 1750 ltiad.
1193 1722 1229 1758 λ,
1250 1720 1305 1751 58.
1323 1718 1375 1752 At—

164 1769 246 1802 νείαν
262 1771 299 1808 θ’,
314 1769 343 1807 ὃς
354 1768 466 1814 Τρωσὶ,
479 1770 544 1808 θεὸς
559 1771 610 1810 ὡς,
627 1771 708 1802 τίετο
726 1769 817 1815 δήμῳ
828 1785 836 1811 ;
848 1779 879 1802 et
890 1783 914 1810 ε,
932 1773 1010 1811 465,
1022 1773 1086 1810 468
1105 1779 1135 1803 et
1151 1773 1239 1814 quod
1251 1773 1375 1804 sublata

167 1827 279 1857 Priami
303 1827 402 1867 stirpe
427 1837 560 1867 regnum
585 1827 646 1857 sibi
671 1829 858 1869 promittere
881 1829 967 1858 visus
992 1835 1069 1859 erat.
1094 1829 1142 1858 Eo
1159 1829 1246 1858 euim
1261 1828 1376 1858 alludit

209 1977 258 2020 (1)
282 1979 384 2008 Docte
407 1977 445 2009 tle
472 1989 510 2009 eo
531 1989 634 2021 nuper
660 1980 741 2021 egit,
795 1980 858 2017 let,
875 1980 977 2009 Itos&
993 1978 1041 2007 vir
1057 1976 1300 2018 doctus5quem
1315 1979 1371 2009 ite·

166 2026 294 2064 ejusque
323 2031 391 2054 tum
415 2033 639 2066 argumentum
665 2037 741 2056 eou-
797 2036 868 2055 rum
886 2025 1037 2055 deserunt
1049 2024 1112 2054 atii.

168 2072 284 2107 stituit,
311 2077 378 2101 tum
406 2072 544 2102 fabulam
572 2073 743 2103 illustravit
844 2071 895 2114 (a)
922 2073 961 2102 Iu
995 2068 1173 2100 Bibliothek
1197 2070 1255 2100 der
1282 2071 1370 2102 alten

168 2118 350 2147 Gnonnecn
371 2121 524 2149 uostcriu
539 2121 742 2150 Commenta·
799 2118 980 2153 Litterarum
1000 2119 1012 2146 1
1032 2116 1135 2152 Band,
1156 2127 1188 2157 p.
1211 2118 1265 2149 26.

170 2163 310 2193 tionibus
333 2164 371 2193 (le
398 2167 526 2195 Homer.
548 2168 667 2204 llynnn.
687 2166 742 2196 rel.
845 2165 894 2204 (3)
909 2163 987 2194 Eod.
1008 2163 1069 2194 loc.
1088 2174 1158 2204 pag.
1177 2165 1233 2195 23.

171 2219 239 2251 pag.
265 2216 316 2245 πμ).
337 2211 372 2240 tu
390 2210 512 2240 diversa
529 2210 611 2247 abit,
637 2217 672 2240 ut
695 2221 743 2241 so·
