1414 2435
92 74 155 109 354

464 75 497 103 P.
516 73 697 104 VIRGILII
720 73 918 107 MARONIS

96 132 192 170 Avia
212 131 436 169 Cimmerios
455 132 556 169 inter
575 131 752 168 distantia
771 132 876 170 lucos
899 148 906 169 :

99 196 221 238 Quem
243 191 342 228 circa
362 191 487 229 tristes
507 192 713 229 densentur
729 191 768 228 in
785 193 913 230 omnia
932 206 1062 242 poenae.

98 254 194 288 Nam
214 251 363 288 vinctus
382 251 488 288 sedet
507 251 668 288 inmanis
688 252 928 301 serpentibus
948 255 1042 290 Otos
1054 281 1063 299 ‚

99 312 327 348 Devinctum
346 320 500 349 moestus
521 312 656 362 procul
674 311 886 361 adspiciens
901 312 1122 362 Ephialten,

100 372 234 409 Conati
255 384 374 421 quum
393 372 467 409 sint
484 371 679 422 quondam
695 370 912 408 rescindere
931 371 1133 417 mundum;
1254 378 1301 401 235

99 433 144 467 Et
163 431 313 479 Tityos,
333 433 497 477 Latona,
516 439 591 468 tuae
611 443 758 467 memor
778 430 913 467 anxius
933 430 1018 477 irae,

98 490 337 541 Inplacabilis
356 490 413 527 ira
430 490 560 536 nimis,
574 490 675 541 jacet
695 490 792 527 alitis
810 503 906 528 esca.

94 555 259 589 Terreor
273 551 342 588 ah!
366 551 478 588 tantis
497 551 672 588 insistere
683 579 694 597 ,
711 559 878 597 terreor,
898 550 1064 596 umbris,

99 614 159 650 Ad
180 613 329 663 Stygias
349 622 551 650 revocatus
572 625 700 662 aquas.
722 611 798 648 Vix
814 611 970 648 ultimus
987 610 1087 647 amni

102 675 246 716 Restat,
266 680 461 709 nectareas
479 673 612 710 divum
632 672 699 722 qui
718 671 890 721 prodidit
910 684 1013 708 escas
1021 686 1032 718 3
1255 680 1304 706 aio

98 733 272 770 Guttnris
297 733 416 769 arenti
435 733 632 770 revolutus
652 732 691 768 in
711 733 839 769 omnia
858 745 983 770 sensu.

96 792 217 837 Quid,
239 805 369 832 saxum
390 792 524 839 procul
545 791 706 828 adverso
727 792 794 840 qui
812 800 944 828 monte
960 791 1146 834 revolvit,

97 851 349 889 Contemsisse
370 850 480 886 dolor
499 862 613 898 quem
633 850 790 886 numina
809 850 928 886 vshcit
949 850 1129 894 acerbus,

99 911 187 948 Otia
207 918 439 960 quaerentem
458 909 621 946 frustra?
642 912 719 946 Vos
740 909 812 955 ite,
832 909 986 959 puellae,

98 976 173 1016 Ite,
191 970 330 1020 quibus
351 969 466 1006 taedas
488 969 665 1006 adcendit
685 969 803 1006 tristis
823 971 986 1020 Erinnys
1004 985 1011 1005 :
1256 979 1302 1005 245

100 1033 205 1070 Sicut
227 1033 374 1080 Hymen
395 1031 553 1080 praefata
573 1029 678 1066 dedit
696 1029 888 1067 connubia
907 1031 1039 1067 mortis
1057 1046 1063 1065 :

98 1095 224 1140 Atque
243 1089 333 1127 alias
351 1090 424 1126 alio
445 1089 576 1127 densat
596 1103 712 1140 super
732 1089 882 1140 agmine
903 1098 1064 1136 turma53

98 1150 284 1200 Inpietate
302 1149 381 1186 sera
401 1149 604 1186 vecordem
622 1149 803 1187 Colchida
820 1157 979 1186 matrem

97 1210 221 1247 Anxia
240 1209 409 1246 sollicitis
429 1209 674 1246 meditantem
693 1209 847 1246 volnera
870 1209 1010 1259 gnatis;

96 1274 176 1307 Jam
197 1269 421 1307 Pandionias
440 1270 652 1307 miseranda
673 1271 781 1321 prole
801 1271 965 1320 puellas,
1251 1279 1298 1303 2⁵0

95 1335 266 1377 Quarum
289 1344 364 1367 vox
384 1330 434 1366 cit
451 1333 557 1380 Ityn,
575 1341 613 1369 et
632 1334 737 1380 Ityn,
758 1330 862 1381 quod
882 1331 1074 1368 Bistonius
1092 1342 1174 1375 rex,

97 1392 225 1428 Orbus
245 1393 372 1440 Epops
392 1399 524 1428 moeret
542 1392 707 1428 volucris
727 1401 880 1429 evectus
898 1391 936 1428 in
957 1405 1078 1430 auras.

98 1456 145 1489 At
165 1451 423 1488 discordantes
442 1451 609 1488 Cadmeo
629 1452 810 1502 sanguine
828 1452 964 1489 fratres

96 1516 176 1548 Jam
200 1511 411 1547 truculenta
434 1511 558 1548 ferunt
578 1512 786 1561 infestaque
805 1512 960 1548 volnera
981 1523 1118 1560 corpus

94 1680 177 1708 mina
200 1678 345 1707 collocat.
364 1678 401 1706 In
423 1679 556 1707 'l'artaro
581 1678 664 1706 enim

93 1725 316 1754 sceleratorum
351 1724 506 1763 supplicia
542 1724 665 1764 prospi-

95 1782 164 1800 cere
175 1770 287 1800 debuit
297 1770 399 1800 Culex
414 1771 486 1800 :Oti
501 1777 531 1799 et
545 1769 667 1810 Ephial-

95 1824 148 1853 ιω,
177 1816 362 1847 Aloidaruin
388 1825 395 1846 t
422 1818 492 1846 AEn.
511 1817 577 1853 VI,
601 1817 664 1845 582

94 1874 156 1903 seq.
175 1865 281 1904 Tityi,
312 1862 389 1892 ibid.
416 1863 500 1902 595:
522 1863 665 1895 Tantali,

94 1909 290 1946 Danaidum,
319 1908 460 1945 Medae,
487 1909 668 1940 Philomela:

93 1963 122 1985 et
141 1959 294 1992 Procnes,
315 1956 396 1990 250;
413 1955 549 1985 Eteoclis
563 1962 594 1985 et
610 1958 669 1986 1¹0·

95 2003 227 2042 lyniciS,
254 2003 330 2033 253.
356 2001 432 2031 Inde
459 2014 487 2032 v.
519 2003 602 2043 259,
625 2003 664 2032 ad

94 2049 179 2077 sedes
196 2051 323 2089 piorum
348 2048 408 2090 (ad
431 2059 508 2089 quas
526 2059 570 2079 vs.
598 2051 662 2089 295

94 2105 156 2134 seq.
181 2096 347 2134 pervenit)
373 2095 514 2125 deferun-
532 2105 539 2125 :
556 2095 609 2125 sed
630 2096 663 2125 in

93 2141 199 2169 limine
223 2151 349 2181 campos
375 2143 563 2182 Lugentium
588 2153 662 2182 pro-

90 2187 180 2227 spicit
205 2197 210 2216 .·
243 2188 337 2226 inque
370 2189 405 2217 ii«
435 2187 577 2217 heroidas
608 2188 659 2217 ΑΙ-

720 1677 833 1707 cestin.
867 1676 1063 1715 Penelopen,
1099 1674 1291 1716 Eurydicen.

769 1722 833 1752 238
846 1744 853 1758 ‚
873 1723 949 1761 αἶς).
977 1723 1051 1751 Haec
1071 1721 1293 1763 conjungenda

721 1775 795 1798 sunt
811 1778 884 1797 cum
898 1778 979 1798 vers.
997 1769 1074 1805 ²55,
1087 1768 1152 1798 253
1166 1767 1296 1809 maef‘emr

722 1815 806 1844 ultra
825 1816 862 1844 ln
884 1814 1007 1844 diversa
1028 1813 1142 1856 magis.
1161 1814 1292 1844 Errabat

722 1861 842 1892 Umbra
870 1861 988 1891 Culicis
1014 1871 1070 1901 per
1097 1861 1166 1890 loca
1194 1859 1292 1890 infera

723 1909 790 1938 avia
801 1931 809 1944 ,
825 1914 855 1937 et
878 1907 915 1936 ad
929 1907 1027 1936 limen
1043 1907 1165 1937 Tartari
1181 1916 1291 1946 perve-

723 1961 821 1984 nerat.
846 1954 894 1984 Ibi
917 1964 993 1983 vero
1013 1953 1120 1982 territa
1142 1955 1292 1983 monstris

722 2011 898 2042 eorumque
913 1999 1094 2040 suppliciis,
1110 1998 1242 2039 refugit,
1261 2007 1292 2029 et

720 2047 846 2077 tandem
865 2045 1005 2076 defertur
1024 2045 1057 2074 iu
1079 2044 1207 2075 alteram
1221 2055 1290 2086 par-

718 2100 780 2123 tem
791 2116 798 2130 ‚
816 2093 855 2123 ad
871 2092 997 2132 Elysios
1010 2101 1148 2132 campos.

765 2141 841 2169 250.
870 2139 1000 2169 Procrin
1027 2145 1055 2167 et
1084 2137 1289 2169 Philomelam

718 2184 800 2215 rich-t
827 2186 857 2214 iu
883 2187 1030 2217 Τιιτωνο,
1059 2192 1126 2214 tuni
1152 2196 1197 2215 νς.
1223 2186 1286 2215 253
