1414 2435
118 47 182 78 252

619 49 816 82 AENEIDOS

119 123 134 138 α
154 108 239 142 Hoc
261 114 360 152 erat,
379 107 454 143 hoc
475 107 594 154 votis,
613 108 759 158 inquit,
778 108 883 158 quod
903 121 1002 158 saepe
1022 108 1159 159 petivi3

121 167 304 218 Adcipio,
321 166 590 219 adgnoscoque
612 169 721 207 deos!
740 172 825 216 Me,
842 182 902 207 me
923 170 1034 215 duce,
1053 170 1196 206 ferrum
1279 178 1328 202 2⁶0

120 227 335 277 Conripite‚
357 241 380 265 o
397 229 546 278 miseri,
566 243 663 280 quos
681 229 869 281 inprobus
890 229 1036 267 advena
1054 228 1155 266 bello

119 288 303 334 Tei-ritat,
322 289 509 328 invalidas
528 298 571 326 ut
590 290 690 338 avis,
710 298 748 327 et
766 291 881 327 litora
897 298 1024 327 vestra

120 349 167 385 Vi
183 349 359 399 populat3
380 360 485 401 petet
503 351 565 388 ille
584 351 730 401 fugam,
749 351 977 400 penitusque
997 348 1189 400 profundo

120 408 212 444 Vela
232 408 338 447 dabit
358 425 367 446 :
385 423 454 448 vos
472 411 643 447 unanimi
661 411 816 446 densate
834 418 1023 456 catervas,

121 469 168 504 Et
187 481 315 518 regem
334 468 446 506 vobis
464 482 593 519 pugna
613 468 807 506 defendite
826 477 989 519 raptum.
1009 485 1024 501 »
1280 476 1328 500 26⁵

174 529 300 575 Dixit,
318 538 355 567 et
373 529 554 567 adversos
575 530 693 567 telum
711 529 897 567 contorsit
914 530 953 566 in
973 529 1094 566 hostis

122 591 365 627 Procurrens.
386 591 563 627 Sonitum
581 589 646 626 dat
664 588 827 627 stridula
843 601 1002 635 cornus,
1021 597 1058 625 et
1078 600 1188 625 auras

123 652 235 687 Certa
256 660 358 689 secat
379 666 387 687 :
407 652 520 689 simul
540 651 632 697 hoc,
654 649 766 688 simul
785 651 918 700 ingens
938 650 1100 696 clamor,
1117 657 1155 686 et
1173 661 1303 686 omnes

123 710 284 748 Turbati
303 712 432 759 cunei,
451 713 707 762 calefactaque
725 711 843 748 corda
862 711 1040 748 tumultu.

126 772 243 807 Hasta
261 771 412 816 volans,
431 780 474 808 ut
493 771 592 808 forte
610 784 750 808 novem
770 770 1029 820 pulcherrima
1049 772 1211 808 fratrum
1281 787 1330 811 ²70

127 831 299 880 Corpora
316 831 565 868 constiterant
584 839 735 876 contra,
755 843 851 879 quos
869 829 944 866 fida
963 839 1111 867 crearat

127 892 212 927 Una
232 899 288 928 tot
307 889 474 928 Arcadio
494 890 634 940 conjux
652 890 851 939 Tyrrhena
872 890 1059 940 Gylipp03

128 953 276 989 Horum
296 963 416 988 unum
434 950 482 987 ad
500 949 686 997 medium,
708 950 844 987 teritur
862 962 938 998 qua
955 950 1077 987 sutilis
1098 952 1183 988 alvo

131 1081 162 1101 se
180 1071 261 1101 velle
280 1069 462 1112 significent
478 1080 485 1101 :
507 1069 608 1102 Cerda
630 1081 703 1100 cum

131 1118 279 1155 Guellio,
307 1124 344 1147 ut
373 1127 485 1146 manus
516 1117 555 1147 ad
587 1117 705 1146 coelum

129 1164 296 1194 extollant.
313 1163 454 1194 Videtur
474 1163 627 1193 naturalis
645 1163 704 1193 ho-

129 1211 254 1240 minum
281 1217 407 1247 motus,
433 1211 489 1250 qui
513 1216 626 1251 sponte
647 1207 704 1246 fit,

130 1267 231 1298 quum
256 1267 289 1286 re
313 1257 480 1297 inopinata
501 1256 707 1286 vehementer

130 1303 354 1343 percellimur,
374 1309 410 1332 ut
432 1303 474 1332 ad
499 1302 651 1344 agendam
676 1309 707 1333 et

130 1349 362 1390 suscipiendam
382 1359 450 1379 rem
475 1360 534 1380 nos
562 1350 706 1391 accinga-

132 1406 219 1433 mus,
238 1396 386 1437 exprimi.
402 1413 451 1419 —
466 1396 544 1426 260.
562 1398 624 1427 Pro
638 1396 708 1426 vul-

132 1449 227 1482 gato:
246 1443 369 1484 accipio
392 1453 499 1474 omen.
523 1442 628 1473 Facile
652 1453 708 1472 au-

133 1496 195 1518 tem
226 1488 313 1519 xides
332 1513 340 1527 ‚
371 1489 583 1520 Tolumnium
609 1499 710 1530 augu-

135 1534 217 1564 rium
243 1546 300 1576 per
327 1546 360 1565 se
386 1535 593 1577 ambiguum,
617 1542 648 1565 et
674 1536 709 1565 in

135 1586 300 1621 utramque
316 1588 438 1622 partem
453 1583 538 1612 varie
552 1583 708 1622 interpre-

136 1626 277 1662 tandum,
295 1629 328 1657 iu
339 1638 411 1657 eum
420 1639 547 1659 sensum
556 1629 711 1668 interpre-

138 1674 206 1710 tari,
216 1680 251 1703 ut
259 1674 393 1713 aquilam
402 1674 441 1704 de
449 1677 558 1711 AEnea,
569 1684 709 1716 cycnum

136 1718 173 1748 de
184 1721 307 1757 Turno,
318 1721 460 1762 accipiat.
472 1739 517 1744 —
531 1721 608 1757 264.
625 1722 711 1750 Una-

72 1784 109 1810 ξ,
127 1765 238 1815 v''zimes
262 1766 379 1797 Medic.
397 1774 427 1797 ct
443 1768 496 1798 alii
511 1770 637 1809 ingrato
658 1778 709 1797 so-

301 1813 370 1843 imis
384 1813 481 1844 edidit
497 1814 708 1855 Cuningham.

507 1868 572 1891 arie
586 1861 711 1891 Heinsii

165 2219 263 2249 ΙΙΝΙΗῊ
269 2219 296 2237 m
317 2220 338 2236 ὅ(

758 1069 820 1100 dic.
850 1080 924 1099 cum
953 1070 1031 1099 aliis.
1053 1088 1100 1092 —-
1126 1070 1203 1099 268.
1231 1069 1335 1098 Simul

759 1116 827 1146 Izaec
842 1117 926 1146 Ven.
955 1115 1059 1146 Simul
1080 1115 1140 1146 Ιιοσ
1166 1116 1281 1156 iugens
1304 1123 1336 1144 ec

759 1163 886 1192 clamor
907 1161 1029 1193 zulich.
1043 1186 1051 1200 ‚
1076 1161 1162 1193 unde
1184 1162 1336 1192 Heinsius

760 1210 846 1248 conj.
867 1208 892 1238 it
906 1209 1039 1240 clamor.
1063 1212 1102 1239 In
1124 1208 1258 1240 Oudart.
1282 1207 1336 1237 ab·

760 1263 827 1286 erat
842 1255 938 1286 simul
945 1255 1014 1287 hoc.
1026 1256 1086 1288 Sed
1096 1261 1142 1286 est
1153 1265 1161 1286 :
1172 1253 1336 1285 simulhoc

760 1303 879 1333 factum
891 1326 900 1340 ‚
919 1301 1076 1344 simulque
1091 1303 1190 1343 factus
1201 1301 1335 1331 clamor.

760 1367 807 1372 —
831 1349 924 1380 Certa
938 1361 951 1385 ;
969 1348 1102 1380 directo.
1127 1347 1229 1379 Simul
1254 1346 1333 1383 Ιιοσ,

761 1395 859 1426 simul
881 1397 1000 1434 variat,
1021 1396 1055 1426 id
1068 1419 1077 1434 ,
1091 1394 1179 1436 quod
1198 1395 1273 1426 alias
1290 1400 1338 1424 est

761 1442 875 1478 simul,
902 1443 1080 1483 simulque,
1113 1441 1183 1484 ἅμα
1208 1452 1243 1471 τε
1269 1437 1337 1471 καὶ,

763 1491 851 1529 Saepe
865 1489 930 1527 jam
949 1488 1098 1519 vidimus.
1122 1489 1162 1519 cf.
1187 1490 1275 1519 Serv.
1291 1504 1338 1509 -—

765 1536 843 1575 269.
857 1535 981 1565 Cuneos
991 1546 1007 1565 e
1017 1535 1141 1565 theatro
1156 1534 1273 1574 petitos
1286 1544 1337 1563 or-

763 1588 836 1611 nate
861 1591 920 1621 pro
946 1591 1094 1611 consessu
1122 1587 1153 1611 et
1174 1590 1339 1610 consessus

763 1626 932 1658 ordinibus
946 1626 1038 1658 dixit.
1060 1625 1186 1658 'Malim
1208 1627 1253 1656 sic
1275 1626 1341 1656 dic-

766 1682 814 1705 tos
830 1673 870 1703 ab
889 1674 1052 1716 agminum
1069 1672 1182 1715 figura.
1199 1675 1241 1704 V.
1258 1673 1340 1703 infra

765 1733 794 1751 v.
814 1720 892 1758 575.

825 1777 903 1805 270.
945 1768 1049 1797 Hasta
1054 1791 1111 1798 .....
1144 1765 1341 1807 transadigit

765 1825 862 1844 mmm
879 1822 1124 1852 costas.-—-272.
1144 1813 1230 1844 Male
1243 1812 1340 1851 scrip-

766 1868 834 1891 tum
877 1860 1016 1902 Gile'pp0.
1052 1861 1164 1891 Toties
1197 1859 1340 1889 occurrit

698 1924 710 1929 -
764 1907 938 1942 Γύλιππος,
952 1907 1152 1938 notissimum
1166 1914 1284 1935 nomen
1300 1915 1339 1934 ex

765 1952 957 1995 Thucydide
986 1960 1016 1983 et
1048 1952 1116 1982 aliis
1135 1974 1144 1987 ‚
1161 1957 1197 1981 ut
1223 1952 1338 1986 mirer.

766 2011 834 2031 non
870 1998 1072 2030 emendatum
1107 1997 1147 2027 ab
1178 1999 1311 2027 Heinsio
1331 2021 1339 2033 ‚

766 2057 864 2086 quum
882 2045 1115 2086 praestantiores
1138 2043 1232 2079 libri,
1247 2045 1341 2073 etiam

768 2095 862 2123 Rom.
897 2090 1141 2131 adstipulentur.
1177 2090 1310 2131 Gylipso
1329 2113 1338 2124 .

772 2138 938 2177 Gyljppo.
960 2137 1182 2167 aben-aciones.
1200 2155 1245 2161 —-
1263 2138 1341 2175 273.

703 2202 715 2207 ·
769 2183 826 2214 Ad
848 2183 987 2214 mediam
1015 2183 1119 2213 alvum
1148 2192 1208 2214 {res
1225 2185 1342 2215 Mon-et.
