1414 2435
617 58 740 88 LIBER
763 58 839 88 XII.

131 112 338 162 Imperium
358 113 524 150 sollenne
541 124 649 150 socer
669 128 677 149 z
698 114 793 149 mihi
812 113 950 150 moenia
968 114 1107 152 Teucri

133 173 388 219 Constituent,
406 172 571 222 urbique
590 172 697 211 dabit
712 174 873 210 Lavinia
890 187 1039 211 nomen.
1061 190 1077 207 »

187 233 250 270 Sic
265 233 373 283 prior
389 235 544 281 AEneas;
566 234 739 283 sequitur
759 234 812 271 sic
831 234 969 271 deinde
989 234 1167 280 Latinus,
1286 242 1333 275 ²9⁵

134 293 349 342 Suspiciens
367 294 520 340 coelum,
542 294 739 344 tenditque
759 294 807 330 ad
826 293 951 331 sidera
969 293 1140 331 dextram
1161 309 1169 330 :

134 369 149 385 «
170 354 260 389 Haec
279 353 429 399 eadem,
448 356 585 399 AEnea,
606 362 767 399 terram,
788 367 912 399 mare,
932 353 1075 399 sidera,
1092 355 1201 404 juro,

132 414 363 462 Latonaeque
383 427 502 463 genus
521 414 682 464 duplex,
703 418 917 464 ,Ianumque
936 413 1162 459 bifrontem,

133 472 296 521 Vimque
313 472 427 510 deum
446 473 651 520 infernam,
673 482 710 510 et
730 473 817 510 duri
836 473 1003 510 sacraria
1022 475 1131 510 Ditis.

133 531 275 569 Audiat
294 532 377 569 haec
395 534 572 580 Genitor,
590 535 657 584 qui
675 534 817 571 foedera
837 534 993 570 fulmine
1013 533 1150 579 sancit,
1289 549 1336 565 20⁰

134 594 264 641 Tango
285 605 389 639 aras;
410 593 554 631 medios
573 594 670 644 ignis
689 603 727 630 et
746 594 902 631 numina
922 602 1039 631 testor
1059 608 1067 630 :

134 651 246 688 Nulla
266 651 344 690 dies
366 666 499 704 pacem
518 654 616 691 hanc
637 655 760 701 Italis,
778 667 848 691 nec
868 654 1010 691 foedera
1028 662 1198 703 rumpet,

138 712 224 756 Quo
245 724 304 749 res
323 725 486 762 cumque
504 714 656 761 cadent;
677 728 746 750 nec
766 727 826 750 me
845 714 902 750 vis
923 714 998 750 ulla
1017 713 1207 749 volentem

137 772 312 817 Avertet3
332 784 426 818 non,
444 773 476 809 si
494 773 668 810 tellurem
685 772 857 809 effundat
874 772 914 808 in
933 771 1072 818 undas,

137 831 292 868 Diluvio
311 831 490 880 miscens,
507 832 720 883 coelumque
739 832 779 869 in
796 835 956 869 Tartara
975 832 1096 870 solvat
1117 847 1124 868 :
1290 841 1337 865 205

136 1025 218 1054 rium
229 1035 303 1054 cum
310 1025 382 1062 jure
391 1024 467 1054 belli
480 1034 487 1054 :
505 1031 541 1054 ut
555 1024 633 1054 adeo
648 1024 708 1054 sub

137 1080 175 1100 eo
196 1070 320 1110 legibus
344 1071 409 1100 suis
432 1072 543 1099 vivant
565 1071 707 1108 Trojani.

140 1116 291 1145 Sollenne
312 1117 434 1155 accipio
452 1115 631 1155 legitimum
646 1125 654 1145 ;
672 1123 710 1145 ut

138 1162 242 1191 solent
263 1172 318 1198 ea,
347 1171 419 1202 quae
449 1160 588 1201 legitima
612 1168 706 1199 suut,

137 1207 275 1238 sollenni
296 1209 360 1237 ritu
378 1207 514 1247 suscipi,
535 1207 629 1238 tradi.

187 1254 262 1293 198.
280 1255 364 1283 Deos
385 1254 420 1282 in
435 1254 524 1283 Italia
537 1255 710 1284 vetustissi-

137 1310 186 1330 ma
204 1300 373 1341 religione,
390 1310 434 1330 sc.
452 1300 609 1340 Pelasgica
621 1322 628 1336 ‚
646 1300 711 1330 cul·

138 1353 186 1376 tos
201 1348 356 1376 nominat.
369 1363 416 1368 —
431 1356 504 1386 199·
516 1347 588 1376 Vim
602 1346 707 1379 deum.

138 1393 213 1422 deos
237 1392 354 1422 inferos
381 1399 413 1422 et
435 1394 553 1422 Ditem.
570 1393 624 1423 Nil
646 1403 710 1422 am-

136 1439 231 1479 plius,
247 1436 359 1481 κράτος
372 1439 446 1468 θεῶν
461 1449 521 1479 pro
535 1436 618 1473 θεοὺς
635 1449 710 1481 κρα-

136 1484 252 1527 τεροὺς.
263 1503 308 1507 -
324 1485 460 1526 Inferna
476 1492 507 1514 et
523 1485 647 1516 Zulich.
665 1485 711 1515 in-

129 1530 250 1572 fer-ium
265 1533 370 1572 Sprot.
387 1534 471 1562 Ven.
489 1537 520 1561 et
538 1533 616 1562 Exc.
631 1532 711 1561 Bur-

137 1588 243 1608 mann.
263 1579 368 1607 Deum
385 1577 547 1619 infernum
569 1577 708 1608 Gothan.

137 1634 199 1654 sec.
224 1623 307 1653 Duri
330 1624 394 1665 legi
415 1626 450 1660 in
473 1624 623 1654 omuibus
644 1625 709 1662 jam

138 1670 259 1699 Pierius
275 1677 443 1700 monuerat
459 1679 467 1700 :
481 1671 602 1710 recepit
618 1671 710 1701 Com-

139 1714 246 1745 melin.
271 1721 302 1744 et
328 1715 495 1746 Pulmann.
523 1723 553 1745 et
571 1715 711 1746 firmavit

138 1761 288 1791 Heinsius
298 1783 307 1797 ‚
321 1770 382 1801 pro
394 1759 482 1802 vulg.
497 1761 571 1791 diri.
582 1762 634 1791 Ad
644 1772 710 1792 sen-

138 1818 209 1837 sum
224 1806 274 1836 vel
292 1813 441 1837 ornatum
456 1806 503 1836 nil
518 1807 632 1844 refert,
653 1818 710 1837 seu

139 1853 253 1883 durum
271 1853 304 1883 h.
324 1852 571 1889 inexorabilem,
586 1863 642 1882 seu
657 1853 706 1882 di-

141 1910 209 1929 rum
225 1899 355 1929 dixeris.
366 1916 413 1922 ——·
425 1910 501 1929 200.
525 1898 588 1939 Qui
600 1898 708 1928 sidera

139 1947 244 1986 Sprot.
255 1945 394 1976 Numine
404 1945 509 1975 sancit
517 1955 579 1975 sec.
593 1945 709 1976 Hamb.

141 1989 428 2033 numir'zafitlmine
446 1991 568 2022 Zulich.
585 1991 711 2021 ——Ful-

141 2038 246 2076 mine,
262 2045 413 2079 tanquam
426 2045 551 2070 ostento
568 2048 575 2068 :
589 2038 711 2078 aruspi-

141 2084 244 2114 cinam
269 2091 400 2125 spectat.
431 2085 500 2116 Nisi
525 2084 615 2114 malis
636 2094 709 2114 cum

141 2129 208 2159 aliis
223 2130 262 2159 de
281 2132 362 2161 Jove
383 2132 515 2172 perjurii
531 2131 635 2161 ultore
655 2141 707 2161 co-

141 2176 247 2216 gitare,
256 2193 302 2201 -
314 2187 355 2208 20
364 2188 390 2209 t.
406 2177 530 2208 Medios
546 2176 653 2219 ignes,
673 2178 708 2207 in

762 1023 867 1054 medio
883 1024 1026 1064 positos:
1046 1028 1082 1052 ut
1100 1032 1192 1062 saepe.
1203 1020 1336 1061 Elegan-

762 1071 826 1100 tior
841 1077 944 1099 tamen
958 1069 1082 1099 Heinsii
1095 1068 1316 1108 interpretatio
1327 1089 1335 1102 ,

762 1122 800 1146 ut
824 1117 889 1146 sint
913 1122 1066 1155 tanquam
1103 1119 1278 1154 sequestres
1306 1119 1339 1142 et

763 1162 984 1192 conciliatores
1007 1161 1102 1202 pacis.
1117 1178 1164 1183 -—-
1184 1160 1262 1190 203.
1279 1161 1340 1188 Vo-

764 1208 882 1238 lentem
900 1208 982 1237 bene
998 1207 1174 1246 adjectum3
1191 1216 1263 1235 nam
1280 1216 1337 1246 po-

765 1261 824 1284 test
847 1254 952 1283 foedns
971 1254 1080 1293 rumpi
1102 1263 1140 1283 eo
1162 1253 1292 1282 nolente
1307 1259 1339 1281 et

764 1301 868 1330 invito
878 1322 887 1337 ‚
902 1306 939 1329 ut
953 1299 1070 1328 factum
1084 1309 1154 1339 sup.
1170 1299 1252 1334 vn,
1271 1298 1337 1328 586

764 1350 981 1386 sqq—204,
1012 1346 1089 1375 205.
1114 1346 1205 1380 Non,
1233 1344 1259 1373 si
1289 1345 1338 1374 vis

765 1393 829 1422 ulla
854 1400 991 1428 terram,
1022 1401 1129 1427 mare,
1155 1390 1272 1419 coelum
1301 1401 1338 1420 ac

765 1441 932 1469 Tartarum
947 1439 1086 1468 misceat.
1106 1437 1272 1477 Exquisite
1287 1447 1339 1466 au-

765 1492 828 1515 tem
850 1485 914 1515 hoc
942 1484 1070 1514 extulit.
1094 1481 1255 1513 Diluvium
1279 1493 1339 1524 pro

764 1533 853 1572 aquis
868 1530 1101 1561 inundantibus
1111 1552 1119 1567 ‚
1131 1529 1251 1570 quibus
1264 1530 1338 1559 mis-

765 1586 896 1608 ceantur
916 1577 1010 1607 tellus
1037 1583 1068 1606 et
1087 1576 1197 1608 undae.
1224 1574 1338 1617 Effin-

764 1625 824 1654 dac
841 1624 988 1654 tellurem
1009 1623 1042 1652 in
1066 1622 1179 1652 undas.
1199 1623 1249 1652 Ex
1265 1622 1337 1652 vul—

762 1672 828 1712 gari
843 1670 938 1701 modo
952 1668 1111 1710 loquendi
1123 1667 1337 1698 effunduntur

763 1717 857 1747 undae
884 1718 918 1746 in
946 1716 1093 1746 tellurem
1122 1724 1131 1744 ε
1163 1713 1250 1742 unde
1279 1724 1338 1753 per

764 1762 956 1803 hypallagen
980 1761 1102 1790 dictum
1121 1760 1247 1799 putavit
1268 1761 1337 1789 Ser-

764 1810 835 1837 vius
848 1815 879 1838 et
894 1808 956 1837 alii.
974 1806 1035 1837 Sed
1051 1803 1274 1835 constituenda
1289 1812 1337 1835 est

763 1855 853 1883 notio
868 1854 922 1883 τοῦ
940 1851 1091 1893 effundat
1105 1861 1145 1881 ex
1164 1851 1262 1881 altero
1274 1851 1336 1880 sol-

763 1907 824 1929 vat.
851 1899 1013 1930 Tellurem
1036 1898 1115 1927 mari
1138 1896 1286 1927 obrutam
1305 1903 1336 1927 et

763 1944 948 1975 dissolutam
975 1954 1010 1973 ac
1049 1942 1252 1983 liquefactam
1287 1944 1336 1973 vis

764 1992 864 2029 major
874 1991 975 2021 diluat
985 1996 1016 2020 et
1028 1988 1216 2019 effundatin
1229 1998 1333 2020 mare:

764 2045 914 2078 tauquam
953 2036 1076 2077 glebam
1101 2035 1205 2073 illam,
1233 2033 1333 2074 βῶλον

763 2081 861 2127 ὑγρὰν
874 2107 882 2120 ,
897 2082 1018 2114 Medeae
1048 2081 1133 2123 apud
1160 2081 1333 2113 Pindarum

762 2130 856 2171 Pyih.
868 2132 924 2167 lv,
941 2130 981 2168 67
1000 2139 1047 2170 sq.
1068 2128 1187 2159 Coelum
1200 2127 1234 2159 in
1254 2131 1332 2159 Tar-

761 2183 833 2206 tara
848 2176 943 2214 solvi,
963 2176 994 2207 h..
1019 2186 1046 2206 e.
1065 2175 1242 2206 resolutum
1258 2185 1333 2205 cum
