1414 2435
116 62 158 101 76
613 60 807 91 mxl-:mos

111 122 213 157 Num
230 130 351 168 puero
372 128 555 154 summam
572 115 680 163 belli,
704 130 795 154 num
811 116 966 154 eredere
985 117 1138 154 muros?
1281 134 1311 158 70

112 179 398 228 Tyrrhenamve
414 176 544 223 fidem,
561 185 626 215 aut
646 177 766 228 gentis
789 177 931 227 agitare
952 177 1122 227 quietas?

112 239 209 286 Quis
226 239 317 275 deus
337 237 377 273 in
395 237 587 283 fraudem,
607 250 691 286 quae
711 236 807 274 dura
822 239 991 287 potentia
1012 237 1132 288 nostri

112 300 223 349 Egit?
243 297 321 335 Ubi
336 298 399 334 hic
417 301 536 344 Juno,
556 298 764 335 demissave
784 297 953 335 nubibus
972 298 1069 335 Iris?

110 357 315 407 Indignum
333 366 388 394 est
413 357 527 394 Italos
543 357 696 408 Trojam
716 358 952 395 circumdare
969 357 1128 394 flammis

110 418 355 462 Nascentem‚
378 425 415 453 et
432 416 556 466 patria
573 419 745 453 Turnum
766 418 970 454 consistere
987 426 1105 463 terra,
1281 426 1311 459 7⁵

112 476 183 514 Cui
199 476 392 513 Pilumnus
410 489 521 523 avus,
541 476 603 512 cui
624 475 712 512 diva
730 476 878 513 Venilia
897 486 1018 513 mater
1035 480 1042 511 !

111 537 215 582 Quid
235 537 314 582 face
331 537 515 586 Trojanos
535 545 617 573 atra
635 535 714 573 vim
734 536 833 573 ferre
851 536 1020 572 Latinis?

116 601 218 634 Arva
240 597 361 634 aliena
374 597 468 646 jugo
487 609 681 646 premere,
699 606 812 645 atque
834 605 1006 632 avertere
1025 594 1196 645 praedas?

113 754 144 778 et
158 746 232 777 inde
241 748 390 777 Etruscos
406 746 497 785 petiit
509 747 631 775 AEueas.
641 764 686 768 —-

116 804 170 832 71.
187 792 321 834 Agitare
337 791 375 820 ad
394 798 566 830 utrumque
583 791 686 820 diver-

114 850 150 870 so
163 839 308 879 paullum
321 847 416 867 sensu
427 836 536 866 retulit
552 846 560 867 :
573 844 686 878 gentes

113 884 240 926 agitare
254 883 393 924 quietas,
409 884 542 919 excitas,
558 883 597 912 ad
610 883 686 912 belli

113 931 296 961 societatem
332 929 494 970 impellere
513 940 522 967 3
555 928 686 968 Tyrrhe-

115 987 193 1006 nam
216 975 321 1019 fidem
351 975 475 1016 agitare
491 997 499 1012 ,
532 985 660 1005 movere
675 998 684 1013 ‚

113 1023 300 1059 sollicitare,
323 1022 503 1051 societatem
528 1028 559 1050 et
583 1020 685 1051 foedus

114 1070 197 1099 ciere
213 1091 222 1106 ‚
251 1074 398 1108 expetere
414 1079 422 1105 ;
453 1077 513 1107 pro
543 1066 684 1108 vulgari,

111 1124 301 1154 permovere
319 1113 503 1154 Tyrrhenos
513 1135 522 1150 ‚
545 1119 582 1142 ut
596 1114 685 1142 auxi-

111 1159 150 1189 lii
171 1159 293 1190 ferendi
314 1169 422 1189 caussa
442 1160 622 1188 societatem
638 1160 687 1188 in-

114 1212 189 1235 eant
205 1205 307 1248 :fides
327 1212 374 1235 est
391 1206 539 1241 societas,
556 1203 619 1234 fide
641 1206 688 1234 in-

115 1252 266 1292 terposita
281 1251 370 1281 facta.
387 1251 471 1281 conf.
488 1250 527 1280 ad
548 1253 596 1281 lx
607 1274 616 1288 ,
633 1261 686 1291 79.

116 1314 164 1320 —-
180 1307 234 1335 72.
254 1297 336 1326 Dira
351 1307 410 1327 sec.
434 1298 550 1327 Moret.
562 1318 571 1334 ‚
587 1297 686 1333 male;

115 1343 198 1372 dura
213 1350 278 1380 est,
297 1353 368 1384 quae
384 1343 479 1384 cogit.
498 1341 570 1372 vide
583 1353 613 1373 v.
633 1343 686 1378 45.

115 1390 237 1418 Nostra
263 1395 334 1418 ante
356 1389 543 1425 Heinsium,
569 1389 624 1429 qui
648 1399 689 1418 ex

115 1434 236 1464 Medic.
262 1436 389 1474 Menag.
413 1441 444 1463 et
468 1435 570 1475 Bigot.
598 1445 690 1475 repo-

116 1481 181 1509 suit
197 1479 297 1509 nostri
310 1486 461 1519 tanquam
477 1481 637 1519 antiquius
658 1487 690 1509 et

115 1524 252 1555 doctius.
273 1524 459 1563 Corruptela
476 1531 581 1553 tamen
595 1525 689 1554 etiam

114 1572 298 1601 Romanum
314 1568 455 1598 codicem
468 1569 582 1598 invasit
596 1577 627 1598 et
642 1581 689 1598 cc>

114 1622 199 1645 teros
235 1625 344 1644 omnes
355 1637 363 1650 ,
397 1615 490 1644 etiam
522 1613 685 1644 Rufinian.

115 1660 155 1691 dc
172 1661 294 1692 Schem.
313 1661 405 1690 Dian.
419 1659 440 1701 §
460 1670 488 1697 7.
507 1677 553 1682 —
567 1661 606 1690 Iu
627 1660 688 1690 hoc

113 1717 210 1737 versu
229 1707 355 1746 respicit
374 1716 419 1736 vs.
447 1706 593 1742 38—44.
608 1707 689 1746 Quis

117 1751 194 1782 deus
215 1753 303 1793 egit?
326 1758 357 1781 et
383 1752 410 1781 si
433 1752 504 1791 quis
525 1751 622 1788 deus,
648 1762 688 1781 nu

117 1809 174 1839 ego
189 1799 237 1839 egi
250 1799 264 1827 ?
288 1799 326 1827 In
350 1797 430 1827 hanc
442 1797 599 1838 fraudem
614 1808 624 1826 .·
643 1805 688 1827 est

107 1844 204 1885 fraus
222 1854 310 1873 nunc
332 1843 449 1872 malum
461 1866 469 1880 ,
490 1841 549 1876 ἄτη
562 1866 571 1880 ,
587 1850 623 1873 ut
645 1850 690 1874 to-

116 1891 190 1927 ties3
203 1889 383 1931 periculum
397 1890 524 1919 Servius
537 1890 690 1930 interpre-

118 1943 212 1966 tatur.
238 1935 313 1976 Qm's
329 1935 452 1965 derum.
465 1946 475 1964 .·
489 1946 560 1975 quet
576 1943 691 1975 poten-

116 1981 162 2010 tia
192 1980 291 2011 nostrl
307 1980 394 2021 quod
418 1991 536 2011 numen
562 1990 688 2011 meum:

117 2027 181 2057 fere
197 2034 231 2056 ut
248 2026 368 2057 AEueid.
387 2027 442 2058 lib.
458 2029 492 2064 1,
515 2027 532 2056 8
553 2037 615 2067 quo
634 2037 688 2056 nu-

119 2073 205 2101 mine
223 2073 308 2102 [τωο.

164 2128 179 2155 7
190 2123 217 2152 Ι..
244 2119 445 2158 Comparatio
473 2118 511 2148 nd
537 2118 688 2149 invidjam

116 2164 271 2196 instituta.
288 2163 459 2205 Indignum
474 2172 566 2197 estu..
584 2164 687 2207 Quid,-

739 755 798 786 pro
815 754 823 775 ε
840 744 866 774 si
881 744 1049 785 indignum
1067 752 1112 775 est
1127 757 1135 783 ;
1153 757 1193 776 an
1208 748 1312 778 miuus

739 791 925 831 indignum,
953 802 992 820 an
1021 791 1218 823 tolerabilius
1243 795 1311 823 est?

742 837 890 877 Trojam,
910 837 1038 875 Trojam
1051 848 1183 876 novam,
1200 846 1310 870 castra.

738 901 785 906 —
804 883 857 921 76.
884 882 1051 912 Pilumnus
1075 885 1158 914 inter
1179 884 1310 922 heroes,

739 939 795 959 seu
821 928 897 959 deos
924 930 1005 959 Lam·
1030 929 1203 971 indigetes,
1232 931 1311 968 fuit,

738 985 827 1005 nunc
843 976 926 1005 inter
947 977 1049 1005 Turni
1068 977 1200 1015 majores
1222 976 1312 1007 habi-

740 1027 808 1057 tus,
825 1023 888 1058 IX,
909 1026 946 1056 4;
963 1023 993 1051 X
1006 1043 1014 1058 ‚
1032 1022 1110 1062 619.
1126 1023 1256 1052 Venilia
1272 1033 1313 1053 ex

739 1066 858 1097 deabus
888 1067 1031 1103 marinis,
1054 1078 1110 1098 seu
1130 1067 1310 1108 N5rnphis‚

740 1113 801 1142 fuit
811 1135 819 1150 ‚
836 1113 906 1142 data
922 1123 938 1142 a
952 1119 1045 1153 poeta
1057 1136 1065 1150 ‚
1081 1113 1215 1143 aliorum
1228 1114 1310 1144 forte

740 1159 905 1200 exemplo,
937 1160 1053 1188 Dauno
1088 1160 1123 1188 in
1150 1160 1312 1190 matrimo-

740 1206 849 1242 nium,
878 1211 946 1235 orta
978 1215 994 1233 a
1026 1204 1192 1242 Pilumno,
1221 1216 1312 1236 soror

741 1252 864 1281 Amatae
887 1251 1000 1281 Latino
1022 1258 1144 1291 nuptae.
1169 1251 1209 1281 cf.
1227 1253 1291 1281 VII
1303 1275 1312 1288 ‚

744 1296 902 1327 366.Vult
916 1303 1021 1326 autem
1036 1303 1129 1336 poeta
1143 1296 1312 1335 declarare,

741 1344 890 1373 Turnum
909 1353 974 1372 esse
988 1342 1022 1371 in
1039 1342 1127 1372 Italia
1140 1349 1268 1380 natum,
1284 1350 1315 1373 et

742 1387 915 1430 defendere
931 1395 1047 1418 terram
1061 1399 1152 1419 suam
1165 1388 1314 1419 adversus

742 1433 878 1464 advenas
887 1434 972 1476 (lene
982 1434 1116 1464 verbum
1127 1444 1135 1465 :
1146 1434 1314 1464 consistere

742 1478 878 1519 delegit)
899 1489 906 1509 :
930 1486 1061 1515 contra,
1088 1481 1243 1518 Trojanos
1260 1479 1313 1508 ad-

741 1534 836 1553 venas
850 1523 969 1554 benum
983 1524 1126 1554 intulisse
1139 1527 1314 1556 Latinis.—

744 1580 798 1606 77,
814 1569 1001 1610 Atrafhce;
1017 1570 1051 1598 in
1069 1569 1131 1599 hoc
1147 1578 1178 1600 et
1196 1581 1242 1611 sq.
1258 1581 1313 1600 ex—

742 1622 866 1655 aggerat
885 1617 1049 1645 notionem
1075 1615 1150 1645 boui
1166 1627 1222 1657 per
1235 1618 1313 1647 Tro·

739 1661 831 1699 janos
862 1661 956 1695 moti,
987 1660 1063 1690 dum
1093 1671 1128 1690 ea
1157 1662 1314 1699 cumulat,

741 1716 813 1746 quze
832 1707 866 1735 iu
891 1706 975 1736 bello
992 1704 1061 1736 fieri
1078 1706 1197 1743 solent,
1222 1709 1280 1738 etsi
1298 1719 1315 1737 a

741 1753 887 1790 'l‘rojanis
911 1763 946 1781 ea
975 1752 1052 1781 facta
1079 1763 1145 1782 esse
1169 1753 1314 1783 nondum

741 1805 864 1827 constat
896 1807 904 1828 ;
926 1797 1008 1839 fite-e
1035 1799 1141 1839 itaque
1172 1801 1311 1839 proprie.

742 1844 828 1874 Male
844 1845 930 1874 Serv.
947 1843 1085 1884 explicat
1107 1854 1188 1873 servo
1210 1844 1292 1874 bello
1303 1869 1310 1879 ‚

743 1900 801 1919 nec
819 1889 898 1919 bene
923 1891 1095 1920 Burmann.
1122 1890 1252 1920 remittit
1275 1891 1313 1920 ml

742 1935 798 1965 lib.
821 1936 903 1972 vn,
926 1935 990 1971 456
1010 1934 1065 1964 ubi
1080 1934 1313 1976 Alectofaccm

742 1982 843 2011 Turni
863 1982 981 2018 pectori
999 1981 1150 2011 immittit.
1168 1983 1240 2012 Non
1254 1993 1314 2012 nm-

742 2027 788 2068 gis
798 2025 917 2066 praedas
926 2033 1053 2067 egerant
1063 2028 1191 2065 Trojaui
1199 2050 1206 2064 ‚
1219 2039 1313 2068 quam

742 2071 888 2101 incendia
919 2083 975 2113 per
1005 2083 1094 2113 agros
1125 2082 1311 2113 sparserant.

742 2117 802 2149 Sed
830 2117 868 2147 ad
897 2118 1048 2147 insidiam
1079 2118 1252 2149 faciendam
1279 2131 1314 2150 ea

743 2165 848 2195 omnia
877 2171 1119 2203 commemorat,
1147 2176 1217 2206 quae
1243 2165 1314 2197 fieri
