1414 2435
471 95 530 124 AD
556 93 719 124 LIBRUM
742 95 817 125 xn.
1176 95 1240 134 329

50 155 94 185 cis
111 165 118 186 :
133 153 186 184 sed
201 155 334 185 solvitur
349 149 473 183 obsidio
489 163 566 183 mox
584 153 646 183 alio
661 153 772 193 praelio
791 153 890 190 facto,
907 162 972 193 quo
985 152 1162 183 Mezentius
1179 154 1244 183 vic-

51 217 101 241 tus
111 233 120 248 ‚
139 220 218 240 caeso
235 208 303 238 filio
320 209 421 238 Lauso
432 230 440 245 ‚
457 218 566 249 pacem
581 218 654 237 cum
673 208 811 238 Ascanio
824 207 907 238 facit.
923 208 1077 237 Disertius
1091 207 1160 237 haec
1173 218 1243 238 nar-

52 271 119 294 rata
141 274 158 292 a
181 264 315 304 Dionys,
340 264 371 300 Ι,
400 263 442 298 64
454 285 462 300 ,
489 263 532 292 65
565 273 604 292 ex
633 262 746 302 priscis
773 260 999 303 scriptoribus,
1028 262 1084 302 qui
1106 261 1174 291 haec
1201 262 1242 291 ita

53 316 264 353 tradiderant,
287 318 322 347 L.
346 316 452 347 Julius
471 317 572 348 Caesar
585 315 642 345 lib.
658 318 673 345 I
692 322 723 345 et
738 316 778 346 A.
795 316 976 346 Postumius
997 315 1030 344 iu
1050 315 1107 345 lib.
1128 314 1168 344 de
1186 314 1243 344 ad-

51 378 141 400 ventu
158 373 274 406 AEnecv,
298 370 442 407 fuerant,
463 377 499 400 ut
516 381 557 400 ex
573 371 705 399 Victore
722 371 764 400 O.
785 370 825 400 G.
842 372 881 406 R,
903 369 941 398 15
964 369 1125 399 discimus.
1140 367 1245 398 Avide

52 430 155 453 autem
169 425 390 465 cognoscimus
403 435 437 453 ea
447 447 455 461 ‚
473 433 544 464 quae
556 423 758 453 vetustissimi
775 424 943 463 scriptores
956 422 1005 451 his
1020 422 1059 451 de
1074 422 1169 452 rebus
1185 427 1245 451 tra-

51 477 218 516 diderant3
242 480 350 508 Livius
375 480 459 508 enim
483 479 518 507 111
541 488 652 519 magna
675 479 896 508 narrationum
919 477 1096 507 diversitate
1122 483 1245 506 tantum

50 543 145 562 unam
158 533 222 563 fere
236 534 379 573 sequitur
389 555 397 570 ,
419 543 486 562 non
501 542 624 572 semper
640 543 677 562 eo
692 543 765 562 cum
781 532 902 571 judicio
914 554 923 569 ‚
939 543 1013 562 eave
1030 542 1104 561 011111
1122 531 1246 561 subtili-

51 594 113 618 tate
124 611 132 626 ,
153 598 224 628 quae
241 599 329 618 nunc
344 598 361 617 a
379 588 532 628 scriptore
548 597 654 617 rerum
672 587 848 627 priscarum
864 587 983 626 requiri
996 587 1084 616 solet.
1100 587 1180 626 Quae
1195 585 1247 615 alii

51 642 173 672 diversa
186 643 327 680 tradant,
344 643 542 683 potissimum
557 641 624 671 haec
644 648 720 670 sunt
734 651 741 671 z
757 641 859 670 Etiam
880 640 1014 670 alterum
1031 650 1105 670 cum
1118 639 1248 671 Rutulis

50 696 169 726 bellum
184 697 286 726 Turni
301 695 382 726 odiis
397 703 428 726 et
441 696 579 726 consiliis
596 695 750 725 tribuitur
768 705 783 724 a
797 695 887 725 Livio
903 696 934 731 I,
950 705 968 724 2
981 716 990 731 ,
1003 693 1105 734 quiin
1118 693 1246 733 reliquis

50 750 113 781 fere
128 761 201 780 cum
217 751 374 792 Dionysio
389 751 565 787 consentin
579 760 638 780 nec
653 749 835 778 discesserat
850 748 888 777 ab
902 759 939 778 eo
951 748 1118 788 Appianas
1130 769 1138 783 ,
1152 756 1247 786 quan-

50 813 117 835 tum
138 816 178 834 ex
196 806 356 845 Excerpto
380 804 534 835 Photiano
553 803 719 844 intelligas.
736 803 930 832 Mezentium
942 825 950 840 ,
972 812 1077 842 regem
1091 802 1226 831 Etruriae
1237 823 1245 836 ,

52 858 225 890 Caeretibus
247 865 316 888 tum
337 858 569 898 imperitantem
593 856 721 887 tradunt
745 862 777 886 et
793 856 899 886 Livius
918 862 950 885 et
973 855 1167 896 Dionysius3
1182 856 1244 885 Eu-

50 912 248 953 ryleontem‚
272 919 394 942 mutato
425 912 574 948 nomine,
600 911 773 941 Ascanium
802 909 937 947 factum,
953 920 1009 939 seu
1034 909 1159 939 Creusae
1188 919 1243 938 seu

50 967 186 996 Laviniae
217 967 400 996 successisse
411 989 419 1004 ‚
452 967 617 1006 Appianas
643 965 705 995 loc.
733 965 817 994 citat.
844 964 1024 995 Secundum
1051 964 1177 993 Livium
1207 964 1240 998 Ι,

54 1022 70 1050 3
101 1031 164 1062 pax
190 1023 273 1051 inter
304 1021 478 1051 Ascanium
505 1020 765 1059 Mezentiumque
790 1019 833 1047 ita
858 1023 1050 1047 convenerat
1061 1039 1069 1053 ‚
1087 1024 1122 1046 uc
1136 1017 1244 1046 Etrus-

52 1074 96 1103 cis
125 1073 310 1113 Latinisque
319 1073 441 1116 sluvius
462 1072 600 1108 Albula,
623 1082 717 1112 quem
737 1082 822 1101 nunc
846 1070 980 1101 Tiberim
1002 1077 1143 1107 vocant,
1162 1068 1243 1112 finis

51 1133 142 1157 esset.

97 1180 186 1211 Nihil
202 1179 279 1210 hinc
299 1181 334 1209 iu
349 1180 534 1210 Latinorum
556 1179 651 1209 rebus
674 1178 878 1209 memorabile
899 1178 1059 1214 occurrit,
1079 1177 1139 1207 nisi
1158 1177 1245 1218 quod

52 1245 136 1264 anno
155 1244 170 1262 a
191 1232 321 1263 condito
339 1233 470 1263 Lavinio
488 1234 647 1274 trigesimo
668 1233 706 1262 ab
730 1233 867 1263 Ascanio
886 1232 968 1262 Alba
991 1231 1157 1268 conditur,
1175 1230 1246 1261 loco

50 1287 282 1328 opportuniore
293 1309 301 1324 ,
316 1297 412 1327 quam
427 1287 479 1316 cui
493 1287 658 1316 Lavinium
672 1287 857 1327 impositum
871 1285 982 1314 fuerat.
996 1284 1196 1314 Transfertur
1207 1284 1242 1312 iu

51 1352 117 1372 eam
131 1343 221 1382 regni
234 1341 321 1371 sedes
337 1351 344 1372 :
364 1351 558 1382 regnumque
572 1341 612 1370 ab
628 1341 700 1371 sede
719 1339 830 1370 Lavini
845 1338 1043 1380 Transferec,
1066 1345 1098 1367 et
1110 1338 1241 1378 longam

52 1397 154 1425 multa
168 1395 208 1425 vi
223 1395 344 1425 muniet
358 1395 476 1425 Albam
496 1397 566 1426 AEn.
583 1396 617 1433 Ι,
638 1405 702 1433 270
715 1418 723 1433 ,
743 1405 781 1433 27
792 1405 819 1425 1.
835 1395 968 1424 Mortuo
981 1393 1117 1423 Ascanio
1135 1402 1242 1422 succe-

52 1450 98 1480 dit
112 1450 227 1480 Silvius
241 1461 281 1479 ex
299 1450 427 1480 Lavinia
442 1456 604 1490 susceptus
620 1452 724 1480 AEneae
736 1472 744 1486 ‚
763 1449 901 1489 hincque
919 1447 1064 1488 procedit
1081 1447 1174 1476 series
1191 1447 1242 1476 illa

51 1514 160 1544 regum
180 1503 397 1540 Albanorum,
424 1514 560 1544 quorum
583 1504 714 1533 nomina
734 1513 790 1533 seu
813 1501 925 1532 tradita
948 1507 1149 1541 acceperant,
1168 1511 1242 1537 seu,

51 1565 88 1587 ut
102 1558 209 1588 CCCC
227 1568 383 1587 annorum
396 1545 566 1586 decursuri]
580 1555 762 1595 explerent,
779 1566 819 1585 ex
830 1561 919 1595 parte
933 1555 1040 1585 saltem
1058 1556 1245 1584 invenerant

52 1613 220 1654 scriptores
240 1613 375 1643 Romani
396 1612 582 1641 vetustiores
594 1633 602 1647 ‚
628 1620 668 1639 ex
691 1609 806 1650 quibus
821 1609 889 1638 haec
912 1609 1033 1639 duxere
1049 1610 1243 1650 Dionysius,

52 1667 158 1696 Livius
169 1687 177 1702 ,
196 1666 309 1695 Victor
323 1668 362 1696 O.
379 1665 420 1695 G.
437 1667 476 1695 R.
491 1671 522 1695 et
542 1663 637 1695 Ovid.
653 1665 732 1694 Met.
751 1665 849 1701 XIV,
865 1664 931 1703 609
946 1673 1032 1703 seqq.
1044 1684 1052 1699 ,
1070 1663 1147 1691 item
1161 1663 1242 1702 Syn-

54 1719 151 1749 cellus
166 1724 197 1747 et
206 1718 372 1748 Eusebius.
387 1718 578 1747 Memoravit
594 1719 686 1747 Maro
699 1717 833 1748 Silvium
843 1740 852 1753 ‚
869 1719 998 1747 Procam
1011 1739 1019 1752 ‚
1036 1716 1147 1755 Capyn
1157 1737 1164 1751 ‚
1177 1716 1243 1744 Nu-

53 1773 199 1802 mitorem
222 1778 253 1800 et
276 1770 408 1801 Silvium
432 1772 561 1800 AEneam
583 1780 591 1800 ;
612 1770 669 1800 lib.
690 1771 756 1807 VI,
785 1770 986 1808 760—77o‚
1004 1768 1139 1807 repet-ito
1157 1767 1245 1797 Silvii

55 1826 182 1856 nomine
194 1848 201 1862 ‚
225 1822 483 1864 quandoquidem
506 1833 615 1852 omnes
630 1830 838 1864 cognomento
859 1821 946 1852 Silvii
958 1831 1055 1861 usque
1075 1820 1122 1849 ad
1136 1812 1246 1850 c'oudi-

56 1887 121 1908 tam
141 1880 277 1909 Romam
302 1877 394 1906 Albae
409 1883 636 1917 regnaverunt,
657 1883 691 1905 uc
705 1883 750 1905 est
763 1875 910 1915 scriptum
929 1874 1052 1905 Annal.
1067 1873 1245 1916 Pontfical.

55 1932 110 1963 lib.
125 1933 173 1961 rV
187 1931 271 1972 apud
286 1931 409 1961 Victor.
428 1932 466 1961 Ο.
484 1931 523 1960 G.
541 1932 581 1960 R.
603 1941 654 1968 17.
669 1929 771 1959 Etiam
794 1928 933 1969 Thybris
944 1951 953 1966 ,
973 1929 1029 1968 qui
1045 1927 1112 1956 aliis
1125 1926 1247 1957 Tiberi-

57 1996 134 2022 nus,
152 1991 223 2015 ante
238 1985 385 2014 Latinum
404 1990 506 2013 tamen
518 2006 525 2020 ‚
540 1989 734 2013 memoratur
749 1982 804 2012 lib.
822 1983 920 2019 VIII,
940 1983 1022 2011 330:
1043 1982 1121 2010 Tum
1138 1989 1243 2021 reges,

59 2049 213 2081 asperque
227 2038 363 2069 immani
377 2050 506 2080 corpore
524 2038 655 2078 Thybris
667 2049 677 2067 .-
692 2039 723 2067 Α
736 2049 798 2078 quo
808 2045 884 2078 post
898 2034 1115 2079 Italifltwium
1132 2045 1248 2076 cogno-

60 2093 146 2123 mine
164 2093 299 2133 Thybrin
315 2093 484 2124 Diximus:
502 2092 609 2123 amisit
623 2103 735 2122 verum
750 2100 842 2122 ‘vetus
862 2091 982 2122 Albula
1002 2101 1128 2121 nomen.
1147 2090 1247 2120 vetus

60 2149 126 2177 haec
145 2147 204 2177 fuit
219 2149 476 2179 commemoratio
499 2148 538 2178 de
560 2148 683 2179 Tiberis
698 2148 846 2184 nomine;
867 2149 901 2178 L.
927 2147 1072 2177 Cincium
1088 2152 1118 2175 et
1133 2147 1173 2186 Q.
1189 2147 1249 2176 Lu<

62 2203 173 2233 tatium
198 2203 344 2234 Catulum
367 2209 528 2233 auctorem
553 2204 669 2234 excitat
685 2203 807 2233 Victor.
824 2204 863 2234 Ο.
881 2202 920 2232 G.
935 2203 973 2232 R.
992 2200 1030 2230 18
1042 2223 1051 2237 ,
1077 2199 1116 2229 ad
1138 2210 1245 2231 eorum

1056 2265 1121 2302 28*
