1414 2435
116 87 157 115 70
609 78 803 111 AENEIDOS

113 138 208 180 Quae
227 142 358 170 contra
376 133 536 171 vetitum
553 134 765 174 discordia?
786 136 880 183 Quis
900 146 1020 175 metus
1032 166 1041 182 ‚
1062 145 1127 174 aut
1141 137 1230 186 hos,

113 197 190 231 Aut
209 194 278 231 hos
297 206 401 231 arma
415 195 541 245 sequi,
559 195 778 247 ferrumque
797 198 978 248 lacessere
995 198 1136 234 suasit?
1271 214 1300 231 ιο

112 352 202 376 caute
231 347 391 387 praemissa
418 345 519 376 videri
546 352 682 386 possunt

111 393 168 424 lib.
187 395 201 422 I
211 416 219 430 ,
240 393 304 422 263
320 393 447 422 Bellum
462 393 576 433 ingens
591 400 682 432 geret

112 438 213 468 Italia
236 446 295 469 etc.
316 440 382 469 Nec
401 439 528 469 Servius
551 437 590 467 ad
607 438 640 468 h.
656 438 678 469 l.

111 496 179 515 rem
211 484 348 525 expedit.
375 484 489 515 Refero
517 484 622 521 hunc,
649 491 681 514 et

112 531 176 561 fere
195 532 300 561 omnia
316 531 401 567 loca,
421 531 455 560 in
471 530 588 571 quibus
605 530 680 560 deo-

110 588 184 607 rum
196 579 393 606 interventus
406 578 590 617 exponitur,
598 578 682 606 inter

111 634 164 660 ea,
182 633 253 663 quae
271 622 435 652 AEneidem
458 622 603 652 nondum
625 623 679 653 ab·

111 670 248 699 solutam
273 675 420 710 arguunt.
435 669 564 705 Voluit,
583 677 680 709 puto,

111 715 179 745 haec
202 721 405 756 praestruere,
425 722 462 744 ut
477 714 628 752 debebat,
645 717 680 745 in

111 761 345 802 superioribus,
358 767 390 790 et
404 760 536 791 deorum
550 761 682 792 consilia

113 808 247 838 omnino
263 814 467 848 attemperare
485 808 592 848 paullo
609 808 681 837 dili—

113 855 239 894 gentius
252 853 348 883 rebus
361 856 394 883 in
404 855 492 884 Latio
505 855 615 895 gestis;
627 853 682 884 sed

112 910 198 930 mors
207 899 320 929 incidit
329 907 471 930 conatus.
484 902 605 930 Interea
614 911 684 941 pos-

112 953 188 976 sunt
201 946 269 976 haec
284 953 316 976 et
335 947 394 976 alia
410 947 511 977 videri
527 957 567 976 ex
581 957 619 976 eo
634 958 685 988 ge-

113 1003 204 1029 nere,
229 1002 299 1033 qnae
325 994 415 1022 tacite
442 1004 460 1022 a
481 1000 592 1034 poeta,
616 999 683 1022 tan-

113 1049 209 1078 quam
241 1039 340 1076 facta,
367 1041 446 1079 poni
471 1046 647 1080 potuerunt
675 1049 683 1069 :

112 1084 254 1125 adeoque
281 1096 330 1115 res
357 1085 419 1114 hoe
449 1085 546 1115 modo
573 1095 683 1125 proce-

113 1131 194 1161 dunt
217 1141 226 1161 ε
245 1132 334 1161 Juno
358 1132 452 1160 nimis
470 1131 586 1172 cupide
602 1132 683 1160 fave-

112 1184 162 1207 rat
173 1179 302 1214 Turn0;
320 1184 356 1206 ut
368 1178 461 1206 etiam
471 1178 599 1217 Jupiter
610 1187 682 1207 con-

112 1223 230 1253 sultum
252 1223 397 1260 duceret,
425 1233 556 1253 avocare
578 1233 647 1252 eam
665 1233 682 1252 a

113 1279 237 1310 pugna3
255 1269 326 1299 vide
343 1279 438 1309 supra
454 1272 523 1299 AEn.
541 1269 596 1300 lib.
614 1271 680 1306 lx,

113 1326 143 1346 v.
160 1316 224 1345 802
243 1325 289 1355 sq.
304 1314 420 1346 Eadem
430 1316 569 1345 Junonis
584 1317 683 1356 impo-

112 1363 210 1391 tentia
229 1369 335 1392 motus
363 1363 492 1402 Jupiter
511 1362 682 1391 concilium

110 1407 245 1437 deorum
253 1407 375 1444 indicit,
384 1415 418 1437 ut
428 1407 559 1438 deorum
569 1408 684 1445 studia,

110 1455 250 1485 Junonis
263 1455 407 1495 inprimis
418 1477 426 1491 ‚
443 1455 602 1494 reprimat.

157 1511 190 1539 9.
204 1500 281 1540 Quis
289 1500 365 1530 deus
374 1508 430 1530 cmc
438 1500 494 1530 hos
506 1502 558 1531 Jo.
573 1500 681 1531 Schra-

111 1545 206 1576 derus
233 1547 267 1575 in
293 1546 432 1582 schedis,
463 1553 500 1575 ut
522 1546 579 1575 inf.
613 1548 654 1584 73
671 1557 679 1577 :

114 1592 190 1632 Quis
215 1592 293 1622 deus
317 1592 351 1622 in
361 1591 518 1633 fraudem
536 1609 583 1614 —
604 1592 678 1633 egit.

109 1639 276 1680 Ingeniose
284 1661 292 1676 ‚
303 1640 375 1679 quis
385 1639 496 1679 neget?
507 1637 602 1668 modo
615 1649 679 1668 non

109 1684 173 1714 hoc
199 1685 368 1715 molestum
394 1692 489 1720 esset,
523 1684 610 1725 quod
638 1686 680 1713 ila

112 1737 158 1761 est
174 1740 182 1761 :
197 1730 267 1771 quis
282 1731 359 1761 deus
371 1742 432 1761 ‘vos
444 1731 520 1760 deos
536 1731 679 1767 adduxit,

111 1776 203 1808 vobis
219 1779 337 1808 suasit?
352 1779 473 1807 Verum
499 1777 579 1807 bella
599 1776 682 1807 liunt

110 1830 165 1853 aut
181 1824 372 1864 cupiditate,
387 1831 440 1854 aut
458 1831 543 1854 metu
557 1824 629 1854 mali
647 1834 682 1853 ac

110 1871 243 1909 periculi
260 1871 353 1901 nobis
369 1871 419 1901 vel
434 1871 501 1900 aliis
515 1871 682 1900 imminen-

111 1918 166 1953 tis,
195 1916 281 1957 quod
307 1917 474 1958 depulsum
501 1918 594 1947 imus.
620 1918 682 1946 Ve-

112 1968 212 1993 tuerat
229 1965 358 2004 Jupiter
377 1963 494 1993 bellum
513 1965 596 1994 inter
620 1963 682 1992 Ita-

111 2008 158 2038 los
176 2015 207 2039 et
222 2011 376 2048 Trojanos
389 2009 468 2040 fieri.
484 2009 571 2051 Quid
585 2009 683 2049 igitur

112 2055 318 2086 metuendum
335 2057 421 2086 emt?
436 2063 472 2086 ut
490 2066 577 2086 nunc
599 2054 682 2085 bello

113 2102 160 2131 vis
179 2101 398 2141 depelleretur.
419 2104 474 2134 llis
490 2101 683 2144 respondent

113 2149 248 2178 Veneris
263 2150 356 2178 verba
374 2149 440 2179 haec
463 2149 574 2180 Cernis
588 2156 623 2177 m
635 2148 683 2178 in-

115 2194 232 2225 sulcem
258 2195 386 2232 Rutuli‚·
409 2213 455 2219 —-
479 2207 544 2226 ηοη
570 2195 681 2226 clausa

733 346 925 388 teguntjam
944 348 1062 378 moenia
1084 349 1236 385 Teucros,
1254 358 1300 378 τε.

736 403 778 422 20
799 411 845 416 —-
863 399 916 429 24.
942 396 1026 435 Ergo
1051 402 1153 424 metus
1179 394 1300 431 aderat,

734 438 822 468 alteri
850 439 982 470 deorum
1009 440 1133 477 ordini,
1163 452 1202 471 ne
1232 451 1303 470 suc·

734 485 920 515 cumberent
932 486 1020 515 malis
1035 488 1180 525 Trojani;
1195 487 1300 523 alteri,

733 541 774 560 ne
790 541 911 561 novum
926 533 960 560 in
974 532 1062 561 Italia
1077 543 1208 573 regnum
1221 536 1301 564 Tro-

731 577 880 615 janorum
897 577 1096 608 conderetur„
1115 580 1180 608 Nec
1198 586 1303 609 tamen

733 623 800 652 haee
817 623 878 653 sibi
900 623 1083 664 persuaderi
1103 634 1211 664 passus
1227 626 1301 655 Wa-

732 668 849 699 kefield
875 679 882 699 :
905 684 922 695 «e
947 670 1045 710 Quod
1070 670 1233 711 vulgatur,
1254 671 1303 700 in·

734 717 818 755 quit,
837 717 1067 756 ineptissimum
1085 724 1131 746 est
1149 723 1180 746 et
1193 716 1302 746 defen-

735 761 768 791 di
781 763 902 802 nequit.
919 777 934 788 n
950 780 996 784 —-
1014 763 1094 803 Quis
1110 769 1229 800 metus,
1250 773 1304 792 cn-

732 809 856 846 jus-nam
879 809 952 838 mali
968 816 1020 838 aut
1044 809 1178 849 periculi
1196 808 1304 849 depel-

734 854 838 892 lendi,
861 855 1010 891 adduxit,
1027 861 1063 884 ut
1078 861 1211 895 utraque
1233 865 1304 895 pars

737 900 855 930 bellum
883 902 1044 931 moveret?
1065 902 1168 931 Docta
1191 902 1303 931 oratio.

735 964 782 969 ——
800 958 850 977 10.
872 949 999 977 Ferrum
1014 947 1184 982 lacessere,
1203 953 1304 988 poetae

736 993 822 1023 idem
853 1000 899 1023 est
928 993 1015 1034 quod
1045 994 1118 1023 alias
1151 1004 1279 1023 movere
1295 1015 1303 1026 ,

735 1042 873 1070 Lucretii
883 1040 1029 1080 exemplo
1040 1049 1047 1070 ε
1058 1041 1208 1080 Namque
1220 1038 1305 1068 alias

737 1087 828 1116 aliud
841 1097 888 1115 res
903 1092 1078 1115 commovet
1089 1093 1185 1126 atque
1202 1085 1303 1115 laces-

735 1131 777 1161 sit
804 1132 860 1162 lib.
895 1134 951 1168 IV,
987 1132 1083 1161 1033.
1115 1133 1167 1162 Sic
1195 1138 1303 1162 noster

735 1177 817 1207 dixit
829 1178 984 1208 lacessere
994 1187 1124 1219 pugnas
1138 1176 1194 1219 (V,
1212 1176 1304 1218 429),

735 1224 820 1254 bella
835 1225 912 1265 (XI,
931 1223 1024 1265 254),
1039 1231 1070 1253 et
1082 1223 1134 1253 alii
1148 1224 1304 1254 lacessere

736 1281 844 1306 mare,
863 1281 957 1306 arva,
978 1277 1051 1306 etc„
1074 1269 1160 1300 unde
1176 1269 1303 1300 taudem

735 1317 837 1357 poetis
851 1316 1036 1357 simpliciter
1055 1323 1120 1353 est,
1140 1315 1302 1353 incedere,

736 1362 902 1397 accedenu
917 1369 952 1392 ut
966 1364 999 1392 iu
1009 1362 1065 1392 illo
1076 1363 1218 1393 Horatii:
1232 1362 1305 1403 Qui·

735 1419 861 1449 cunque
878 1408 1019 1448 Bithyna
1042 1408 1170 1439 lacessit
1185 1408 1304 1448 Carpa-

735 1454 835 1485 thium
858 1455 995 1496 pelagus
1019 1455 1147 1490 carina,
1177 1455 1304 1495 navigat

733 1511 790 1540 per
817 1511 918 1536 mare,
943 1501 1017 1540 quia
1045 1501 1138 1529 remis
1164 1507 1271 1530 movet
1296 1510 1303 1530 ε

733 1546 874 1587 adeoque
887 1545 925 1575 ad
938 1545 1074 1575 eundem
1084 1557 1174 1586 paene
1183 1556 1304 1576 morem

733 1592 771 1622 ad
799 1604 834 1623 ea
855 1591 1052 1625 deflectitur,
1075 1603 1147 1632 quae
1171 1594 1303 1623 omnino

734 1647 903 1679 geruntur,
920 1638 1019 1673 liuut;
1038 1638 1147 1668 itidem
1165 1639 1305 1670 Lucretii

734 1685 900 1726 exemplo.
925 1696 955 1715 v,
979 1695 1007 1715 c.
1035 1686 1091 1721 lv,
1116 1685 1180 1721 348
1208 1684 1303 1714 simu-

735 1732 844 1768 lacra,
876 1734 954 1773 Qua·
979 1731 1040 1760 sita
1064 1739 1139 1761 sunt
1155 1731 1188 1761 in
1213 1731 1299 1772 luce,

736 1779 972 1820 lacessuntque,
994 1785 1030 1808 ut
1050 1777 1232 1808 videamus.
1246 1779 1303 1808 La-

737 1831 779 1856 tet
793 1837 833 1856 ex
849 1826 1012 1866 primitivo
1026 1824 1146 1860 lacere,
1165 1834 1302 1860 morere,

735 1872 869 1908 ducere,
886 1871 973 1902 unde
993 1869 1143 1905 allicere,
1163 1868 1300 1903 illicere,

735 1920 824 1949 notio
850 1920 902 1948 τοῦ
934 1915 1094 1956 impellere
1110 1937 1119 1952 ,
1150 1922 1186 1944 ut
1212 1916 1304 1945 toties

734 1965 914 2000 Lucretius,
933 1962 1052 1997 visum,
1075 1971 1186 1996 aures,
1202 1961 1302 1991 Iaces·

734 2021 815 2046 sere,
845 2011 892 2040 uti
919 2009 1012 2038 etiam
1037 2018 1158 2037 movere
1176 2007 1299 2042 visum,

734 2067 842 2091 mir-es,
867 2055 978 2085 eodem
998 2064 1091 2084 seusu
1110 2053 1230 2083 dictum
1249 2065 1303 2085 oc·

734 2103 844 2133 currit.
868 2103 1010 2132 Duxerat
1037 2100 1112 2130 binc
1131 2100 1303 2141 Virgilius,

734 2148 821 2190 quod
845 2159 939 2189 supra
956 2149 1034 2182 vu,
1053 2147 1118 2177 526
1141 2146 1278 2177 vidimus
1294 2157 1303 2178 z

737 2196 816 2227 AEra
833 2195 898 2225 sole
913 2194 1059 2225 lacessita
1069 2205 1081 2230 ,·
1097 2200 1127 2224 et
1142 2193 1198 2224 inf.
1218 2194 1302 2229 XII,
