1414 2435
115 61 155 92 44
572 59 576 61 >
611 43 808 86 AENEmos

114 116 159 149 In
179 120 343 161 partem,
362 121 445 160 quae
462 117 567 161 peste
583 121 705 158 caret,
722 122 803 149 tum
823 110 991 162 pondere
1011 109 1126 148 turris

1256 118 1304 146 350

117 170 324 208 Procubuit
341 171 488 218 subito,
506 180 544 209 et
561 173 698 209 coelum
715 180 820 209 tonat
839 185 949 209 omne
969 172 1130 222 fragore.

119 231 331 268 Semineces
348 230 396 267 ad
415 240 572 278 terram,
591 231 733 269 inmani
751 232 850 269 mole
869 241 1015 279 secuta,

117 291 343 339 Confixique
361 292 438 329 suis
454 293 554 339 telis,
576 300 613 328 et
631 301 786 342 pectora
804 291 901 328 duro

58 395 65 397 ⁴
117 351 328 388 Transfossi
345 352 450 402 ligno
468 353 637 389 veniunt.
658 352 732 389 Vix
751 365 849 389 unus
867 352 1052 398 Helenor,

118 412 165 447 Et
183 414 306 460 Lycus
327 413 463 463 elapsi,
483 423 645 461 quorum
664 413 867 461 primaevus
885 412 1070 458 Helenor,
1263 420 1310 448 ⁵⁴⁵

118 472 283 509 Maeonio
302 473 381 522 regi
400 486 513 522 quem
530 485 639 510 serva
656 473 852 522 Licymnia
869 473 1000 509 furtim

118 532 345 578 Sustulerat‚
365 532 568 582 vetitisque
588 531 636 568 ad
654 532 806 582 Trojam
823 531 977 569 miserat
995 531 1126 578 armis,

119 592 216 628 Ense
234 591 327 628 levis
344 591 466 637 nudo,
486 604 694 641 parmaque
710 591 894 642 inglorius
914 590 1012 628 alba.
1082 591 1086 593 ’

119 653 233 700 Isque
251 650 320 688 ubi
338 665 378 688 se
396 652 516 688 Turni
532 652 657 689 media
675 652 774 689 inter
793 651 909 689 millia
927 651 1042 699 vidit,

118 785 233 814 turrim
263 784 400 825 ligneam
431 785 526 815 fnisse
561 785 690 816 creden-

118 830 197 860 dum
212 837 257 860 est
268 853 277 868 ,
296 833 323 861 si
337 833 477 862 exterius
495 831 623 861 adhaesit
635 832 690 862 fax

119 876 202 906 allisa
217 884 248 906 et
260 877 365 908 affixa.
378 896 426 901 —
443 879 461 908 5
466 884 519 913 4ο.
534 877 637 907 Pestis
649 878 690 908 de

117 922 286 960 incendio,
311 931 348 953 ut
370 925 421 960 V,
445 925 530 961 633,
552 925 690 954 incensis

117 968 262 1000 navibus.
279 971 366 999 Dum
383 981 492 1000 omnes
509 971 544 1000 in
560 970 688 999 alteram

117 1016 214 1044 turris
236 1022 375 1055 partem,
400 1027 472 1056 quae
501 1018 617 1046 intacta
649 1016 688 1046 ab

116 1061 183 1101 igni
206 1068 271 1098 est,
294 1063 494 1099 concedunt3
519 1063 592 1098 illa,
617 1072 688 1102 quae

116 1107 186 1137 solo
221 1108 367 1147 imposita
409 1115 440 1138 et
473 1114 689 1148 superstructa

117 1160 184 1183 erat
205 1153 294 1194 (non
310 1153 519 1183 fundamento
539 1164 632 1183 saxeo
653 1155 688 1183 in

115 1205 231 1229 terram
244 1200 335 1241 acto)
349 1207 460 1241 utpote
469 1200 570 1241 lignea
581 1206 685 1230 etmo-

116 1246 206 1283 bilis,
223 1247 258 1276 iu
273 1247 386 1287 aequali
401 1245 542 1287 pondere
555 1246 687 1275 inclina-

116 1299 180 1329 tur,
195 1299 226 1322 et
235 1294 367 1323 corruit.
379 1310 427 1315 —-
438 1294 515 1328 542.
526 1291 687 1322 Videntur

115 1340 278 1378 sequentia
297 1339 335 1368 ad
351 1338 432 1369 hanc
450 1349 557 1369 rerum
576 1338 688 1368 faciem

114 1394 181 1414 esse
197 1384 384 1416 revocanda.
400 1387 531 1416 Turrim
552 1385 689 1427 ligneam

115 1440 203 1460 nunc
226 1438 429 1462 corruentem
452 1432 527 1462 ferri
550 1433 585 1461 in
608 1441 689 1471 prae-

114 1486 189 1517 ceps
209 1479 245 1508 in
266 1484 388 1518 partem
414 1478 690 1519 oppugnatoribus

116 1522 290 1553 adversam.
306 1525 352 1561 Ii,
368 1525 425 1564 qui
441 1525 475 1554 in
495 1525 575 1552 turri
593 1530 668 1553 sunt
679 1545 687 1559 ,

117 1567 304 1609 affliguntur
317 1571 403 1611 gravi
421 1570 517 1599 turris
533 1570 625 1598 ruina
638 1579 688 1599 so-

115 1613 166 1650 lo,
182 1617 297 1655 partim
312 1616 407 1646 hastis
425 1626 557 1645 suorum
574 1622 687 1645 mutuo

118 1660 261 1691 transfixi
277 1671 286 1692 :
300 1662 332 1693 h.
347 1663 483 1693 veniunt
499 1662 546 1691 ad
558 1669 687 1693 terram.

172 1708 237 1744 545
256 1720 324 1750 sqq.
351 1711 453 1739 Ornat
478 1709 686 1746 Helenorem,

117 1758 172 1788 sed
188 1757 319 1788 Homeri
334 1756 464 1796 vestigia
475 1756 581 1796 legens
598 1755 685 1786 Iliad.

118 1803 150 1839 ζ,
172 1805 212 1834 23
230 1813 317 1843 seqq.
335 1813 492 1842 amquam
511 1803 610 1843 regis»,
631 1812 687 1832 seu

119 1852 178 1880 viri
201 1851 355 1890 principis
380 1848 526 1890 Phrygii,
545 1859 603 1889 pro
622 1860 688 1889 quo

117 1898 292 1927 Maeonium
306 1897 422 1926 dixisse
441 1896 581 1939 ridetur,
597 1907 614 1926 e
626 1906 690 1925 ser-

121 1954 157 1972 va
174 1943 340 1973 fllium.—
353 1944 428 1980 547.
446 1941 558 1972 Verieis
571 1941 689 1971 armis:

119 2000 191 2029 quae
232 1997 364 2019 tractare
403 1989 547 2019 noudum
586 1994 690 2029 posset

118 2043 253 2075 proptr-r
271 2043 406 2066 teneram
427 2035 688 2070 adolescentiarn3

120 2090 192 2110 nam
211 2090 275 2111 erat
289 2082 465 2122 primawws.
480 2081 564 2111 Male
583 2082 689 2120 Intpp.

119 2134 192 2167 post
221 2130 365 2158 Servium
397 2127 434 2156 ad
472 2130 689 2158 Romanorum

117 2182 240 2206 morem
257 2176 290 2205 in
309 2175 406 2204 nervis
423 2183 438 2203 a
454 2174 563 2203 militia
581 2171 688 2214 prohi-

741 785 816 816 bitis
827 785 977 816 refernnt.
985 803 1032 808 ——-
1042 784 1119 820 548.
1131 786 1314 827 Parumque

741 831 895 875 inglorius
914 831 1011 868 alba,·
1033 831 1135 861 media
1155 841 1222 860 vox
1240 835 1313 863 satis

741 880 846 919 arguit
871 885 997 918 poetam
1026 887 1093 907 non
1128 876 1313 916 simpliciter

741 924 909 955 λεύκασπιν
939 924 991 953 vel
1026 918 1225 953 λευκασπὶδα.
1257 935 1312 956 vo-

741 971 837 1001 luisse
859 972 1012 1006 innuere,
1030 969 1177 1011 fitlgemi
1201 970 1312 1011 clypeo

741 1017 942 1053 instructum,
972 1023 1009 1046 ut
1047 1015 1132 1055 apud
1169 1016 1310 1057 AEschyl.

741 1065 826 1102 Sept.
854 1062 893 1091 ad
921 1061 981 1092 Th.
1009 1071 1053 1101 90
1068 1083 1077 1097 ‚
1111 1071 1171 1090 nec
1204 1059 1312 1105 ἄσημα

742 1106 826 1138 ὅπλα
845 1107 1006 1147 Euripidis
1030 1107 1183 1137 Phoeniss.
1207 1118 1312 1149 1119,

742 1165 814 1194 quae
847 1153 1074 1183 moderationis
1109 1152 1156 1182 ibi
1189 1153 1312 1195 insigne

738 1201 898 1231 habentur
911 1201 945 1229 in
955 1199 1146 1240 Amphiarao
1157 1211 1166 1236 3
1180 1210 1292 1230 verum
1302 1223 1311 1238 ‚

740 1248 800 1277 nisi
817 1246 960 1276 variandi
979 1251 1109 1276 ornatus
1128 1255 1237 1276 caussa
1253 1257 1310 1287 po-

739 1295 822 1330 suit,
841 1303 962 1323 morem
991 1293 1099 1322 nescio
1125 1302 1222 1331 quem
1262 1304 1311 1324 re·

740 1341 890 1380 spexisse,
904 1349 970 1379 quo
984 1339 1080 1378 picta,
1094 1348 1130 1368 ac
1143 1337 1250 1369 caelata
1263 1349 1312 1369 ar-

741 1393 912 1427 gumento,
935 1391 1024 1415 scuta
1051 1385 1179 1415 virtutis
1197 1390 1228 1415 et
1250 1385 1312 1416 cla-

742 1443 853 1462 rorum
877 1433 1054 1462 facinorum
1074 1436 1165 1460 erant
1177 1430 1312 1473 insignia

742 1489 777 1508 nc
799 1479 939 1518 praemia.
955 1479 1067 1516 Itaque
1081 1476 1238 1514 Helenor,
1254 1480 1313 1508 etsi

741 1535 819 1554 mox
851 1524 974 1554 fortiter
1002 1524 1035 1552 in
1060 1522 1166 1552 hostes
1193 1524 1311 1561 irruat,

741 1581 840 1610 quum
852 1577 957 1600 tamen
968 1592 976 1605 ,
990 1568 1101 1599 ardore.
1114 1569 1248 1607 juvenili
1261 1571 1311 1602 ab

740 1623 866 1657 reptas,
894 1616 972 1646 clam
1006 1615 1102 1645 domo
1133 1615 1311 1655 profectus,

741 1663 828 1692 nulla
852 1673 936 1692 arma
960 1672 1068 1692 secum
1086 1661 1225 1699 tulisset,
1241 1663 1312 1693 vul-

740 1709 868 1751 garibus
887 1709 979 1738 armis
995 1709 1096 1748 prima
1121 1707 1241 1738 militiae
1257 1711 1312 1740 sti·

740 1755 854 1795 pendia
865 1765 988 1785 merens
999 1777 1007 1791 ,
1017 1755 1083 1794 ipse
1095 1750 1212 1795 ἅσημφς
1221 1776 1232 1791 ,
1241 1755 1312 1785 nnl-

739 1801 778 1831 lis
793 1802 897 1843 clypei
918 1800 1096 1841 insignibus
1110 1799 1263 1837 discerni,
1281 1809 1311 1832 et

741 1848 885 1889 dignosci
898 1854 1032 1889 poterat.
1050 1847 1167 1878 Contra
1182 1857 1227 1877 vs.
1245 1848 1309 1878 582

743 1895 889 1925 Arcentis
915 1892 1002 1923 filius
1031 1893 1135 1922 clarus
1146 1914 1155 1928 ‚
1184 1896 1310 1935 conspi-

743 1951 836 1976 cuus,
850 1938 1015 1980 chlamyde
1028 1948 1187 1980 purpurea
1197 1938 1309 1971 dictus.

742 1988 861 2016 Iterum
882 1988 949 2022 XI,
972 1996 1033 2023 7¹1
1063 1984 1191 2016 Camilla
1214 1987 1314 2017 eradit

742 2043 856 2073 equum
875 2031 982 2062 comiti
980 2031 1185 2072 'paribusque
1200 2033 1314 2063 resistit

742 2079 775 2109 in
789 2077 887 2108 armis
903 2079 989 2108 Ense
1008 2077 1107 2118 pedes
1134 2079 1238 2115 nudo,
1250 2090 1311 2120 pu—

742 2136 779 2156 ra
794 2136 854 2166 que
870 2124 1010 2154 interrita
1020 2133 1146 2165 parma.

790 2172 866 2211 5029.
885 2171 1005 2202 Turri'
997 2181 1031 2201 m
1047 2170 1170 2212 fastigio
1185 2179 1309 2213 aperte,
