1414 2435
120 62 190 97 180,

616 64 711 94 AENE
716 64 812 95 IDOS

116 136 130 152 «
150 122 272 168 Larga
293 118 464 167 quidem,
485 121 653 166 Drance,
673 133 822 170 semper
840 119 910 157 tibi
929 119 1040 169 copia
1059 118 1184 164 sandi,

114 182 211 216 Tum
229 192 345 227 quum
364 178 464 215 bella
482 192 614 216 manus
634 189 816 229 poscunt,
836 179 1084 230 patribusque
1101 178 1245 216 vocatis

115 239 260 274 Primus
281 238 390 284 ades;
411 238 477 274 sed
497 251 573 274 non
590 239 770 288 replenda
787 248 843 276 est
861 239 966 275 curia
982 237 1110 275 verbis
1123 266 1133 283 ,

1267 244 1316 269 380

117 300 210 342 Quae
231 306 312 333 tuto
333 296 403 333 tihi
421 310 556 347 magna
573 298 720 344 volant,
740 297 830 334 dum
850 297 1003 334 distinct
1022 297 1171 333 hostem

115 359 241 406 Agger
260 370 484 404 moerorum,
504 371 573 394 nec
590 357 775 394 inundant
793 357 974 406 sanguine
995 357 1114 393 fossae.

116 416 279 453 Proinde
300 425 390 454 tona
409 418 582 467 eloquio,
601 417 753 454 solitum
774 416 863 463 tibi;
883 429 1020 465 meque
1040 415 1186 453 timoris

115 479 244 526 Argue
262 486 302 514 tu
315 505 324 522 ‚
342 478 514 523 Dr'ance;
535 477 689 528 quando
709 484 763 514 tot
781 476 915 525 stragis
935 488 1090 512 acervos

116 538 353 572 Teucrorum
373 543 438 572 tua
457 535 591 575 dextra
609 534 732 580 dedit,
750 535 966 585 passimque
984 532 1136 584 tropaeis
1269 541 1317 566 385

114 596 276 645 Insignis
297 608 430 645 agros:
451 596 569 646 possit
587 595 679 645 quid
698 595 827 632 vivida
841 594 963 631 virtus

117 655 325 704 Experiare
346 655 450 701 licet;
468 668 537 692 nec
551 655 662 705 longe
676 655 818 692 scilicet
833 655 960 691 hostes

119 714 324 760 Quaerendi
340 714 448 752 nobis
466 730 473 751 :
493 715 736 751 circumstant
756 714 922 763 undique
940 725 1080 750 muros.

118 777 222 810 Imus
242 775 280 810 in
301 773 506 810 adversos?
527 773 620 823 quid
641 776 788 810 cessas?
808 788 855 810 an
874 774 943 809 tibi
963 776 1118 810 Mavors

119 836 285 870 Ventosa
304 834 341 870 in
360 834 508 883 lingua,
528 833 766 883 pedibusque
786 832 983 882 fugacibus
1003 832 1082 869 istis
1268 842 1316 874 390

118 894 276 942 Semper
295 893 389 929 erit?

120 953 252 990 Pulsus
272 955 366 1003 ego?
384 961 449 989 aut
468 953 667 1002 quisquam
685 953 840 998 merito,
857 951 1075 997 foedissime,
1097 952 1247 1001 pulsum

120 1015 283 1062 Argum,
303 1012 418 1049 Iliaco
439 1012 626 1049 tumidum
647 1013 714 1062 qui
733 1025 901 1049 cresccre
921 1011 1105 1060 Thybrim

120 1071 327 1121 Sanguine,
347 1081 384 1109 ct
406 1073 572 1110 Evandri
589 1081 706 1109 totam
723 1086 809 1109 cum
825 1072 941 1121 stirpe
960 1069 1106 1107 videbit

122 1213 190 1233 cam
209 1202 341 1233 formam
364 1204 547 1243 compositis
568 1205 697 1244 praeive-

121 1255 208 1279 runt.
238 1266 285 1272 ——
316 1244 401 1279 380(
423 1249 483 1279 Sed
516 1260 603 1279 nunc
630 1260 697 1280 nou

122 1303 247 1335 tempus
269 1301 315 1324 est
337 1296 474 1325 orationi
496 1296 530 1324 in
551 1297 637 1325 curia
654 1297 696 1325 fa·

122 1340 251 1372 ciendae.
264 1358 312 1364 -—
326 1342 387 1371 381
403 1364 412 1379 ‚
429 1342 505 1371 382.
520 1343 636 1382 Magna
651 1342 696 1372 lo-

125 1388 249 1428 queris,
264 1387 341 1417 dum
363 1388 446 1417 intra
468 1389 584 1417 moenia
608 1394 695 1417 tutus

123 1434 163 1463 ab
178 1433 268 1463 hoste
289 1434 384 1469 lates,
406 1433 543 1462 necdum
555 1457 563 1471 ,
586 1443 693 1463 muro-

124 1490 196 1509 rum
217 1481 454 1520 oppugnatione
476 1480 573 1515 facta,
603 1480 695 1509 fossae

123 1526 274 1569 sanguine
288 1536 441 1555 caesorum
458 1525 695 1566 implentur.—

126 1571 202 1601 382.
221 1573 332 1612 Agger
353 1582 518 1600 tna-rorum
533 1583 543 1600 .·
559 1572 696 1611 scriptu-

123 1627 189 1646 ram
206 1618 324 1657 recepit
339 1628 355 1646 e
373 1617 466 1647 codd.
484 1618 592 1647 Heius.
608 1617 692 1647 conf.

123 1673 195 1703 sup.
216 1663 255 1692 ad
272 1663 327 1692 lib.
343 1665 391 1700 X,
413 1669 454 1698 24
469 1670 499 1692 et
522 1669 596 1699 144.
619 1663 693 1692 Edi-

125 1715 192 1738 tum
206 1709 303 1750 vulgo
315 1718 322 1739 :
335 1720 493 1738 mut-onum
504 1732 513 1745 ‚
533 1708 619 1749 quod
634 1711 696 1739 Ro·

124 1765 206 1786 man.
233 1762 350 1786 tuetur.
368 1758 466 1785 Porro
482 1755 592 1796 fossas
610 1755 695 1795 apud

125 1801 274 1832 Priscian.
287 1801 344 1831 lib.
356 1803 433 1832 VIII
449 1802 509 1842 legi
526 1802 627 1832 Pierio
642 1801 696 1831 ob-

124 1854 295 1878 servatum.
315 1849 360 1878 At
378 1859 408 1878 v.
427 1859 496 1888 sup.
516 1847 554 1877 ad
572 1850 620 1885 X,
641 1853 694 1883 24.

126 1893 210 1923 lllud
225 1904 300 1924 vero
319 1894 420 1924 multo
436 1896 540 1923 minus
557 1893 695 1934 proban-

125 1939 222 1977 dum,
250 1940 336 1980 quod
368 1941 521 1971 Canterus
542 1942 588 1970 VI
613 1942 695 1971 Nov.

126 1987 196 2016 Lcc.
218 1986 234 2014 8
256 1987 411 2024 conjecit,
435 1993 466 2017 et
490 1996 506 2015 a
530 1986 630 2017 Cerda
648 1997 696 2015 re-

127 2033 263 2071 positum
278 2033 373 2063 video
384 2043 391 2063 ;
404 2040 435 2062 et
451 2032 612 2062 inundant
625 2031 695 2073 s.f,

126 2078 324 2116 postulante,
348 2085 381 2108 ut
404 2080 463 2117 ait,
483 2080 656 2115 sententia;
679 2088 696 2107 a

125 2133 187 2162 qua
210 2126 317 2163 utique
338 2125 504 2154 aberravit.
528 2126 608 2155 Nam
625 2131 693 2154 est:

126 2168 241 2210 Magna
251 2170 401 2211 loqueris,
415 2171 490 2201 dum
501 2171 603 2201 adhuc
614 2170 697 2200 muri

751 1203 791 1234 ab
817 1202 908 1233 hoste
934 1209 964 1232 te
993 1206 1139 1231 tutantur
1167 1203 1198 1229 et
1223 1197 1319 1230 fossas

750 1249 895 1279 nondum
920 1249 1047 1289 sanguis
1068 1245 1221 1282 inundat,
1244 1245 1277 1275 h.
1290 1256 1318 1275 e.

749 1295 826 1325 urbs
838 1294 984 1324 nondum
995 1299 1215 1335 oppugnatur;
1232 1290 1319 1332 quod

749 1341 938 1382 exquisitius
954 1341 1053 1370 altero
1068 1338 1164 1369 modo
1177 1337 1292 1368 extulit
1311 1347 1319 1367 :

749 1398 808 1417 nec
831 1386 990 1416 inundant
1010 1384 1168 1428 sanguine
1182 1383 1286 1425 sossoe
1308 1393 1320 1412 .·

748 1440 785 1462 ut
797 1433 959 1462 inundant
972 1432 1116 1462 absolute
1130 1433 1171 1460 sit
1188 1429 1318 1460 dictum.

748 1480 818 1508 Nec
835 1477 1048 1518 supplendum
1061 1488 1101 1507 ex
1115 1484 1215 1506 amec.
1231 1475 1318 1510 dnm,

749 1531 785 1553 ut
812 1525 853 1553 sit
880 1523 1024 1552 necdum.
1040 1540 1086 1545 —
1107 1523 1183 1551 383.
1208 1523 1318 1560 Quum

747 1570 853 1609 itaque
876 1569 975 1598 muris
994 1567 1095 1597 adhuc
1112 1567 1212 1597 hostis
1230 1565 1318 1595 disti-

748 1622 870 1644 neatur.
893 1613 1028 1643 Proinde
1050 1613 1088 1643 ad
1109 1614 1241 1643 formam
1265 1613 1318 1642 τοῦ

751 1655 828 1697 εἶτα,
845 1659 973 1696 ἔπειτας
989 1670 1059 1699 qum
1072 1669 1173 1700 quum
1188 1659 1230 1688 ita
1245 1658 1318 1688 sint.

748 1724 794 1730 —
814 1708 891 1742 331..
917 1706 1073 1746 Quando,
1093 1716 1152 1745 pro
1174 1703 1320 1745 quando-

749 1752 887 1793 quidem.
904 1770 950 1776 —-
970 1753 1163 1792 389—391.
1187 1751 1319 1791 Compa-

749 1806 819 1828 raut
837 1799 873 1829 ΙΙ.
890 1809 929 1836 α,
958 1799 1043 1835 226,
1064 1808 1141 1835 227.
1157 1813 1204 1820 —
1219 1798 1315 1826 Imus.

750 1847 837 1886 Quin
855 1847 954 1882 imus;
971 1855 1025 1886 age
1046 1853 1153 1874 eamus
1171 1842 1318 1872 adversus

749 1892 889 1922 hostem!
918 1909 963 1914 —-
992 1892 1068 1930 39¹.
1095 1887 1317 1929 NequIcquam

750 1938 848 1967 armis
861 1937 1040 1967 tenebimus
1058 1935 1177 1965 hostem
1193 1934 1317 1975 supple-

750 1991 835 2015 verat
853 1983 968 2014 Medic.
985 1993 1000 2012 a
1014 1992 1056 2013 m.
1073 1991 1122 2021 pr.
1138 1991 1317 2020 nunqnam-

750 2042 790 2060 ne
804 2028 1038 2070 sinessallacia
1053 2027 1154 2057 ‘ver-ba
1171 2026 1257 2057 Leid.
1270 2044 1317 2051 ·—

751 2076 942 2116 393—395.
958 2074 1071 2105 Omnia
1087 2074 1118 2102 in
1134 2073 1233 2111 majus
1248 2083 1318 2103 ane-

750 2129 789 2152 ta.
810 2121 948 2152 Arcadas
967 2120 1066 2153 dixit,
1082 2130 1182 2159 quum
1197 2118 1236 2149 de
1251 2129 1317 2149 uno

750 2167 831 2199 duce
865 2166 1012 2198 Evandro
1044 2167 1202 2207 cogitaret.
1234 2166 1318 2196 Ante
