1414 2435
130 53 191 86 184

623 49 817 80 AENEIDOS

123 112 208 146 Non
229 107 300 143 erit
319 104 588 151 auxiliqnobis
605 106 768 152 AEtolus‚
786 113 823 142 et
841 105 934 155 Arpi
956 119 964 140 ε

122 173 172 205 At
191 170 385 216 Messapus
404 164 493 211 erit,
510 165 675 215 felixque
693 166 933 212 Tolumnius,
954 174 991 202 et
1009 178 1103 215 quos

123 231 195 265 Tot
211 226 342 276 populi
360 224 495 262 misere
516 224 648 271 duces;
668 238 737 262 nec
757 224 866 262 tarda
884 233 1064 274 sequetur

1264 230 1312 259 430

124 287 255 326 Gloria
274 285 438 322 delectos
454 285 582 332 Latio,
602 293 639 322 et
654 285 908 323 Laurentibus
928 286 1039 335 agris.

123 350 188 384 Est
207 355 244 383 et
261 346 486 382 Volscorum
505 346 656 395 egregia
675 345 722 382 de
742 354 851 395 gente
871 345 1044 390 Camilla,

122 410 267 457 Agmen
285 419 397 456 agens
414 406 603 456 equitum,
621 416 658 444 et
673 405 842 443 florentis
861 418 934 442 aere
950 414 1129 442 catervas.

123 466 238 512 Quod
258 465 289 502 si
308 478 368 502 me
388 466 510 502 solum
528 466 666 502 Teucri
685 465 725 502 in
745 465 950 502 certamina
969 472 1145 514 poscunt,

122 526 243 576 quue
261 526 402 575 placet,
424 533 646 574 tantumque
664 525 775 562 bonis
792 523 1056 561 communibus
1076 523 1204 567 obsto,

121 590 209 624 Non
228 585 322 623 adeo
341 586 409 623 has
429 598 543 622 exosa
560 598 693 622 manus
709 585 880 622 Victoria
899 585 1014 634 fugit,

123 648 176 682 Ut
195 654 299 682 tanta
316 645 524 694 quidquam
541 657 612 694 pro
632 658 699 695 spe
718 653 865 682 tentare
886 657 1068 681 recusem.

122 704 194 741 Ibo
215 703 348 740 animis
366 711 516 750 contra,
535 704 596 740 vel
615 717 794 754 magnum
814 712 966 754 praestet
984 703 1190 748 Achillem,

124 766 314 812 Factaque
332 762 490 799 Volcani
507 762 682 799 manibus
700 763 807 812 paria
823 763 957 800 induat
976 775 1080 799 arma

126 823 195 860 Ille
213 822 300 858 licet
322 835 329 855 :
350 820 460 858 vobis
477 822 639 858 animam
658 821 774 868 hanc,
794 834 1002 870 soceroque
1022 821 1157 857 Latino
1271 832 1319 857 4⁴0

127 885 278 919 Turnus
298 893 387 930 ego,
405 881 509 918 haud
528 882 594 918 ulli
612 889 785 918 veterum
804 882 945 918 virtute
964 881 1169 923 secundus,

128 940 277 978 Devovi
294 955 302 976 ε
323 940 445 977 solum
463 942 598 977 AEneas
618 950 729 977 vocat
737 955 748 986 ;
769 949 805 977 et
824 948 950 985 vocet,
971 952 1051 976 oro.

128 1003 163 1037 N
168 1013 209 1036 ec
227 1001 396 1036 Drances
415 1000 559 1050 potius,
579 1000 658 1036 sive
677 1009 732 1037 est
752 1000 832 1037 haec
848 1000 905 1036 ira
924 1000 1099 1045 deorum,

131 1062 257 1097 Morte
276 1059 373 1108 luat3
390 1059 469 1098 sive
489 1069 545 1098 est
564 1061 684 1098 virtus
702 1069 738 1098 et
757 1060 895 1111 gloria,
914 1060 1030 1097 tollat.
1054 1076 1067 1091 υ

131 1185 251 1221 solido,
270 1187 304 1216 in
327 1188 501 1228 integrum,
526 1187 561 1217 in
576 1187 699 1218 incolu-

132 1243 215 1262 mem
227 1238 342 1262 statum
352 1255 360 1268 ,
383 1233 528 1263 restituit.

181 1277 245 1314 [428
256 1302 264 1316 ‚
280 1284 358 1318 4²9·
379 1279 571 1319 Compar-ant
588 1281 702 1309 Home-

133 1325 237 1354 ricum
253 1326 330 1367 παρ’
343 1322 448 1367 ἑμοίγε
460 1322 514 1355 καὶ
528 1323 633 1362 ἄλλοι,
650 1324 703 1356 Οἵ-

135 1370 173 1414 γέ
189 1381 228 1412 με
242 1368 412 1414 τιμῆσουσι.
425 1371 550 1401 AEcolus
562 1378 594 1401 ec
603 1372 704 1412 Arpi.-

134 1427 206 1457 sup.
229 1420 294 1458 239
311 1428 357 1457 sq.
379 1418 561 1457 Messapus,
583 1416 622 1446 de
638 1428 704 1458 quo

134 1463 192 1492 lib.
211 1467 274 1494 v11
288 1487 296 1501 ,
312 1464 375 1502 691
397 1473 465 1503 sqq.
488 1469 519 1492 et
542 1463 629 1493 alibi.
650 1465 705 1493 To-

136 1509 275 1539 lumnius
292 1509 332 1538 cf.
349 1508 406 1538 inf.
418 1509 479 1539 XII
490 1531 499 1546 ‚
518 1509 595 1539 258.
611 1509 706 1539 Felix

137 1561 243 1585 autem
258 1556 289 1585 h.
306 1560 419 1594 potens
429 1575 438 1590 ,
452 1554 568 1584 florens
579 1554 706 1594 opibus,

136 1600 264 1630 videtur
300 1599 516 1629 infelicitatem
545 1599 708 1630 Diomedis

139 1648 303 1687 respicere.
313 1663 358 1668 —-
371 1646 528 1681 430.Not1
540 1645 610 1676 edd.
625 1657 706 1675 nou-

141 1692 246 1723 nullae.
265 1693 334 1723 Nec
354 1691 449 1721 tarda
474 1699 622 1732 tanquam
645 1692 706 1722 ele-

141 1740 266 1779 gantius
290 1739 410 1778 recepit
443 1738 620 1768 secuudum
648 1740 706 1769 Ge.

144 1784 320 1814 Fabricium
350 1784 497 1814 Heinsius
530 1795 570 1814 ex
609 1786 710 1816 Servii

145 1831 351 1861 auctoritate:
368 1831 507 1861 cuiVen.
527 1838 557 1860 et
572 1842 630 1871 pro
644 1842 710 1862 var.

143 1876 218 1908 lect.
248 1879 376 1918 Menag.
407 1877 596 1907 accedebant
614 1888 621 1908 :
642 1888 714 1908 cum

147 1923 244 1953 Goth.
271 1935 332 1953 sec.
365 1924 468 1954 Ceteri
493 1924 585 1955 codd.
606 1935 715 1954 omues

148 1976 280 2000 tuentur
307 1970 463 2010 vulgatam
482 1980 489 2001 :
518 1981 575 2000 nec
601 1981 714 2010 pan-a.

153 2017 217 2044 Nec
241 2023 334 2046 canta
356 2018 434 2047 Exc.
451 2017 558 2047 Burm.
577 2018 715 2057 Sequen-

151 2068 202 2089 tur
222 2063 323 2102 Rigor.
335 2080 380 2086 -—
393 2065 431 2093 Et
452 2071 557 2104 parata
574 2064 631 2093 erit
649 2063 716 2103 glo-

152 2108 195 2135 ria
211 2108 284 2147 ipsis
302 2110 429 2139 Latinis.
441 2127 487 2133 --
503 2111 579 2145 432.
595 2111 641 2140 Dc
659 2109 716 2140 Ca-

153 2152 238 2182 milla
251 2153 306 2185 lib.
319 2156 380 2184 VII
390 2177 397 2191 ,
415 2155 452 2186 ad
468 2155 487 2186 f.
499 2173 545 2180 —
557 2157 632 2191 433.
651 2155 717 2186 Flo-

753 1196 854 1218 rentes
868 1199 947 1224 cere,
960 1187 1115 1229 fulgentes
1127 1198 1157 1218 v,
1168 1197 1238 1228 sup.
1252 1190 1322 1218 [ΕΠ.

754 1236 829 1272 VII,
843 1235 920 1271 804.
936 1235 1136 1274 Tantumque
1144 1234 1232 1263 bonis
1241 1244 1323 1263 com-

756 1280 899 1310 munibus
929 1279 1016 1310 obsco
1039 1290 1051 1309 .-
1077 1286 1107 1310 et
1136 1281 1171 1310 in
1201 1287 1324 1309 tantum

756 1327 871 1357 obsum
896 1322 1072 1357 co'mmodis
1095 1325 1253 1366 publicis,
1269 1333 1325 1360 ut,

757 1373 819 1402 nisi
837 1372 922 1402 solus
948 1372 1160 1409 dimicavero,
1179 1371 1326 1402 concidat

758 1419 906 1448 universa
925 1429 1006 1459 resp.
1021 1419 1071 1450 sic
1085 1419 1213 1449 Servius
1224 1440 1232 1455 ,
1248 1425 1279 1447 et
1295 1428 1324 1446 v.

759 1465 822 1501 437
845 1471 938 1494 tanta
948 1475 1009 1503 pro
1029 1474 1102 1504 spe,
1127 1471 1163 1493 ut
1180 1463 1265 1493 solus
1278 1463 1324 1492 di-

759 1519 812 1538 car
824 1520 962 1538 servasse
978 1519 1076 1549 remp.
1086 1525 1132 1531 —·
1148 1510 1211 1544 443
1225 1531 1233 1544 ‚
1249 1514 1326 1544 444.

759 1555 930 1586 Sententiae
956 1555 1036 1584 forte
1059 1554 1152 1583 nimis
1177 1561 1274 1584 acutae
1290 1554 1328 1584 ad

761 1607 908 1630 nostrum
920 1610 1057 1630 sensum.
1068 1602 1145 1630 Tres
1159 1600 1253 1630 habet
1263 1603 1330 1630 Scr-

761 1647 831 1675 vius
871 1646 1145 1686 interpretationes
1156 1669 1163 1683 ,
1195 1657 1330 1686 quarum

761 1692 849 1722 nulla
877 1693 950 1722 satis
985 1691 1150 1722 commoda
1162 1714 1170 1729 ,
1200 1694 1257 1722 etsi
1291 1692 1329 1722 ad

763 1749 866 1768 veram
882 1737 1119 1778 quodammodo
1133 1738 1249 1769 ducere
1265 1749 1331 1778 pos-

764 1792 847 1814 sunt.
867 1784 959 1815 Solus
972 1795 1045 1814 cum
1059 1787 1153 1815 AEuea
1174 1785 1240 1814 vult
1258 1795 1332 1814 cou-

767 1831 856 1871 gredi
870 1833 1014 1868 Turnus,
1031 1832 1123 1860 etiam
1139 1842 1174 1861 ea
1191 1830 1229 1860 de
1246 1841 1331 1859 cam-

768 1888 800 1906 sa
811 1899 819 1914 ‚
847 1889 886 1908 ne
912 1887 986 1907 cum
1016 1878 1140 1907 Drance
1165 1877 1332 1917 quicquain

768 1925 834 1953 sive
856 1923 1018 1959 secundae,
1041 1924 1106 1952 sive
1129 1922 1267 1953 adversm
1291 1926 1333 1952 rei

769 1970 1001 2006 communicet,
1017 1975 1115 2008 utque
1129 1969 1153 1998 is
1175 1976 1203 1999 ct
1226 1980 1240 1998 a
1256 1969 1335 1999 calu·

770 2017 897 2052 mitam,
914 2022 943 2044 et
962 2026 977 2044 a
1000 2014 1146 2044 felicitate
1174 2026 1336 2046 successus

771 2062 861 2092 absit.
889 2062 925 2091 Et
949 2068 1044 2090 ‘vocet
1068 2063 1197 2097 AEucas,
1225 2069 1260 2092 ut
1278 2073 1336 2102 ego

771 2108 856 2138 solus
870 2118 942 2137 cum
955 2118 992 2137 eo
1005 2117 1190 2148 congressus
1203 2107 1240 2138 de
1255 2118 1335 2138 sum·

771 2165 821 2184 ma
839 2153 913 2184 belli
940 2155 1117 2195 transigam.
1139 2155 1204 2184 Nec
1233 2155 1338 2184 Dran-
