1414 2435
577 72 701 102 LIBER
726 73 784 102 XI.

39 160 47 167 ,
77 127 254 165 Volvitur
271 128 334 165 ille
352 127 532 165 excussus
552 126 672 165 humi.
694 129 848 166 Catillus
870 130 994 176 Iolan,

79 192 351 239 lugentemque
367 189 518 234 animis,
538 188 728 237 ingentem
749 202 910 240 corpore
931 200 967 227 et
983 191 1114 238 armis,

79 249 219 299 Dejieit
235 248 493 295 Herminium,
510 250 615 286 nudo
635 250 697 286 cui
715 250 858 286 vertice
875 250 978 287 fulva

79 309 276 355 Caesaries,
296 309 466 358 nudique
488 309 660 356 hu1neri3
680 322 749 346 nec
769 310 924 346 volnera
943 318 1102 357 terrent3

77 370 219 405 Tantus
239 368 278 404 in
295 381 401 404 arma
421 377 524 418 patet
546 383 553 403 :
574 370 670 406 latos
689 369 779 404 huic
799 368 907 405 hasta
926 382 994 418 per
1012 382 1136 406 armos

78 429 173 463 Acta
194 428 339 473 tremit,
361 428 606 478 duplicatque
623 429 749 464 virum
771 429 949 464 transfixa
966 429 1109 465 dolore.

1231 439 1281 466 655

77 485 265 523 Funditur
283 494 364 522 ater
382 486 525 535 ubique
546 499 661 523 cruor
679 501 687 522 ε
708 487 798 524 dant
819 487 952 524 funera
970 488 1072 524 ferro

79 549 292 592 Certantes,
311 546 587 597 pulchramque
607 556 741 597 petunt
761 560 830 596 per
850 547 1006 583 volnera
1023 555 1195 584 mortem.

131 610 181 643 At
201 607 342 644 medias
363 608 462 644 inter
481 608 602 645 caedes
622 608 784 644 exsultat
805 610 993 654 Amazon,

78 670 207 705 Unum
227 677 375 706 exserta
394 668 491 706 latus
510 681 666 719 pugnae,
688 667 908 718 pharetrata
929 667 1100 715 Camilla,

77 866 123 872 —-
142 848 221 883 640.
248 846 400 883 Catillus,
421 847 478 888 qui
501 847 649 877 Tiburtes

80 894 200 936 agebat.
215 893 255 923 cf.
270 904 341 933 sup.
361 894 426 933 519
436 917 444 930 ‚
460 901 490 923 et
505 893 561 923 lib.
573 895 648 930 VII,

78 941 145 979 672
155 951 164 977 ;
175 939 317 979 adeoque
328 940 409 970 [olas
423 947 453 969 et
466 941 650 970 Herminius

78 987 163 1016 inter
181 987 336 1025 Trojanos
360 993 391 1016 et
405 987 555 1016 Etruscos
571 986 650 1015 refe-

79 1032 182 1063 rendi.
199 1050 245 1054 —
269 1033 353 1069 643,
380 1033 458 1068 644.
483 1033 552 1062 Nec
575 1032 650 1061 vul-

80 1089 160 1108 nera
187 1085 328 1113 terrent;
359 1085 467 1108 tantus
498 1078 531 1107 in
558 1088 652 1107 arma

75 1130 169 1164 pacet
182 1133 193 1152 :
210 1130 275 1153 arte
293 1123 454 1153 cohaerent
477 1134 549 1152 cum
565 1123 628 1153 illis
642 1133 649 1153 :

81 1169 166 1199 medo
188 1169 241 1198 cui
257 1169 378 1198 vertice
387 1169 483 1210 fulva
499 1168 651 1199 Coesaries

79 1214 220 1255 nudique
255 1214 388 1245 humeri.
418 1215 564 1245 Habebat
591 1225 652 1244 nu-

80 1261 158 1290 dum
181 1267 277 1301 caput
299 1267 330 1290 et
354 1261 505 1290 humeros
527 1260 649 1298 nudos,

80 1313 118 1336 ut
134 1308 207 1336 satis
225 1313 404 1347 appareret,
424 1317 497 1336 eum
516 1306 649 1336 vulnera

79 1363 147 1382 non
169 1354 296 1389 timere;
323 1359 464 1389 tantum,
488 1359 574 1382 tanta
598 1354 649 1382 sui

79 1405 184 1439 parte,
201 1399 329 1439 patebat
349 1400 383 1428 in
399 1398 546 1435 vulnera,
567 1408 592 1428 S.
614 1399 649 1428 in

80 1445 141 1474 tela
162 1444 300 1475 hostilia.
320 1463 366 1467 —
385 1445 424 1480 64
433 1445 462 1474 5.
481 1446 566 1474 Acca
575 1455 649 1484 pre-

80 1489 138 1520 mit
154 1490 212 1521 Ed.
235 1502 284 1531 pr.
307 1492 417 1520 Burm.
435 1491 650 1531 Duplicatque

78 1536 186 1566 virum
215 1537 374 1579 transfiasa
398 1536 508 1566 dolore
538 1538 648 1567 Heius.

79 1593 120 1612 ex
134 1582 227 1613 codd.
245 1584 432 1613 auctoritate
453 1583 597 1624 reposuit
619 1590 650 1612 et

77 1639 210 1659 suorum
243 1636 275 1658 et
302 1630 530 1659 Pierianorum.
561 1629 649 1659 Idem

76 1675 140 1712 jam
159 1681 237 1704 vett.
255 1674 328 1704 edd.
344 1674 494 1705 habuere.
509 1676 649 1704 Primum

79 1720 220 1749 dolorem
238 1719 330 1749 video
344 1721 378 1748 in
391 1719 489 1750 Aldd.
507 1719 647 1751 editum:

79 1765 167 1805 quod
190 1772 220 1795 et
245 1776 285 1795 ex
307 1765 412 1796 Schol.
439 1767 529 1795 statii
547 1766 648 1797 Theb.

79 1813 163 1849 VH,
191 1812 257 1842 633
288 1812 429 1841 enotavit
458 1812 580 1847 Burm.,
605 1813 649 1841 sic

78 1858 186 1888 virum
202 1857 360 1899 transfixa
384 1856 498 1892 hasta,
521 1867 592 1896 quae
610 1856 648 1886 fi-

79 1905 184 1946 gitur,
199 1902 412 1945 transfigitur‚
431 1910 460 1932 et
477 1904 543 1943 ipse
559 1903 653 1932 dolor

79 1950 270 1991 duplicatur.
295 1950 397 1990 Atqui
420 1949 483 1979 hoc
503 1950 650 1987 jejunum

80 2004 140 2034 est,
160 2008 219 2027 nec
245 1998 344 2037 magis
374 1996 448 2025 ferri
473 1995 534 2025 hoc
560 2005 650 2035 posse

79 2042 233 2081 arbitror,
259 2053 356 2084 qnam
386 2042 473 2082 quod
500 2043 649 2072 Heinsius

81 2089 211 2127 conjicit
238 2089 443 2129 duplicatque
471 2088 562 2124 viro,
598 2088 648 2117 vel

78 2134 167 2174 quod
193 2136 314 2165 Pierius
335 2136 370 2165 in
393 2145 453 2164 suo
477 2134 649 2175 exemplari

77 2179 214 2211 habebat
235 2189 330 2222 atque
347 2181 424 2211 hinc
438 2181 581 2213 Catroeus
600 2191 647 2211 re-

702 847 811 887 petiit,
825 846 857 876 d.
873 845 941 876 ‘virt‘
952 845 1112 889 transfixa
1123 846 1277 877 dolorem.

703 910 750 916 —·
765 893 918 933 Duplicat
943 892 1048 922 ‘virum
1076 900 1161 923 recte
1184 894 1279 923 Guel-

703 940 765 968 h'us
790 940 905 980 accipit
928 946 959 968 et
983 949 1055 968 cum
1079 949 1116 969 eo
1142 939 1242 970 Cerda
1269 949 1277 969 ε

703 987 868 1021 incurvat,
893 991 929 1014 ut
955 984 1105 1014 reddatur
1130 987 1276 1015 Homeri-

705 1041 779 1060 cum
799 1027 909 1061 ἰὸνοῦν.
928 1025 1043 1063 Ῐὸνώθτ.
1063 1041 1095 1060 τε
1115 1030 1218 1061 πεσὼν
1235 1031 1274 1061 11.

704 1087 731 1113 ν,
753 1077 818 1106 618
832 1099 840 1113 ,
866 1084 902 1106 ut
925 1078 963 1106 iis
981 1076 1196 1106 accedendum
1215 1078 1273 1114 sit,

704 1123 778 1152 facit
793 1123 952 1161 adjectum
969 1123 1088 1153 dolore.
1102 1125 1142 1152 Et
1161 1125 1206 1153 sic
1217 1123 1274 1152 clu-

699 1168 841 1208 plicatus
862 1170 976 1209 poples
1002 1169 1059 1199 inf,
1087 1171 1168 1205 XII,
1196 1180 1275 1209 927.

704 1214 824 1244 Niobes
842 1214 907 1244 filia
927 1215 1062 1254 collapsa
1085 1215 1205 1244 dicitur
1221 1215 1277 1243 du-

698 1259 826 1298 plicata
841 1261 978 1290 vulnere
997 1271 1082 1289 coeco
1105 1271 1155 1300 ap.
1178 1260 1273 1291 Ovid.

703 1306 782 1335 Met.
797 1308 860 1343 VI,
878 1308 942 1346 293
954 1328 962 1342 ‚
978 1305 1036 1335 ubi
1059 1315 1087 1336 v.
1107 1307 1227 1342 Burm„
1245 1313 1276 1335 et

703 1351 743 1380 ad
768 1351 838 1382 Val.
866 1353 969 1381 Flacc.
995 1353 1062 1388 VI,
1090 1352 1172 1391 5093
1191 1352 1275 1392 apud

704 1397 833 1428 Graecos
847 1396 1034 1428 πτύσσεσθπι
1050 1398 1094 1427 sic
1108 1407 1276 1427 occurrere

703 1444 844 1474 memini.
854 1462 900 1467 ——
911 1445 976 1480 646
986 1467 994 1481 ‚
1006 1444 1083 1481 647.
1095 1445 1172 1473 Haec
1181 1443 1221 1473 ad
1231 1454 1276 1473 re-

702 1488 807 1529 liquos
824 1497 1002 1532 pugnantes
1021 1496 1182 1530 spectant,
1195 1499 1278 1519 mor-

704 1541 768 1565 tem
786 1535 863 1565 dant
879 1543 909 1565 et
926 1537 1098 1576 accipiunt.

749 1583 798 1611 De
818 1582 958 1611 Camilla
973 1581 1151 1622 episodium
1167 1588 1213 1611 est
1229 1582 1278 1611 in-

704 1634 751 1656 ter
763 1627 987 1658 elaboratiores
997 1628 1145 1657 carminis
1158 1634 1274 1668 partes.

702 1691 750 1695 —-
767 1674 845 1713 649.
882 1677 986 1704 Unum
1015 1681 1144 1703 exserta
1170 1673 1271 1709 latus,

703 1729 887 1755 mammam;
914 1719 970 1749 inf.
1002 1721 1066 1749 803
1096 1718 1150 1748 sub
1170 1729 1276 1748 exser-

704 1771 770 1794 tam
784 1765 973 1804 papillam;
988 1776 1059 1805 sup.
1079 1767 1110 1800 Ι,
1134 1770 1198 1803 492
1217 1775 1274 1793 au-

704 1820 761 1839 rea
784 1811 969 1839 subnectens
994 1817 1128 1839 exsertoe
1143 1809 1276 1851 cingula

703 1865 863 1885 mammoe.
880 1857 1053 1896 Disputant
1070 1857 1274 1895 Interpretes,

704 1908 807 1930 utram
826 1903 1009 1932 exseruerit.
1036 1901 1135 1932 Cei-da
1155 1902 1199 1930 ait
1221 1901 1274 1931 lae-

704 1958 794 1985 vam3
816 1958 889 1977 nam
911 1947 1022 1977 dextra
1048 1949 1083 1977 in
1106 1949 1276 1978 Amazoni-

704 1993 764 2023 bus
786 2001 853 2023 erat
871 2001 993 2024 exusta.
1011 1997 1130 2030 Recte3
1147 2004 1187 2024 ne
1207 2003 1275 2023 eain

704 2050 811 2069 arcum
827 2040 993 2070 tendentes
1008 2039 1159 2070 laederent
1173 2050 1273 2070 nervo

703 2086 843 2116 adducto
858 2096 865 2116 :
880 2086 994 2116 diserte
1010 2085 1162 2128 Apollod.
1176 2087 1224 2124 11,
1242 2088 1272 2121 13,

703 2143 740 2173 9,
767 2132 786 2173 ἓ
815 2143 842 2162 1.
863 2134 985 2162 Verum
1011 2133 1204 2174 comparatio
1226 2133 1274 2161 in-

703 2181 847 2210 stituitur
871 2185 995 2210 tautum
1014 2179 1053 2210 ad
1068 2179 1274 2211 nudationem

1210 71 1272 104 2οἰ
1321 82 1327 90 ·
