1414 2435
613 58 736 90 LIBER
761 58 835 89 XII.

1267 73 1282 92 t.)

1293 71 1304 99 ,κ

1319 77 1330 93 »υ

126 116 340 154 Procedunt
360 115 509 160 castris,
527 127 701 164 puraque
722 115 760 150 in
779 123 884 151 veste
904 116 1078 154 sacerdos

129 177 319 227 Saetigerae
339 176 455 212 fetum
474 175 569 220 suis,
587 175 852 224 intonsamque
871 174 1067 213 bidentem

130 237 293 281 Adtulit,
313 235 557 285 admovitque
577 247 693 284 pecus
712 234 958 284 flagrantibus
980 236 1065 273 aris.

130 297 189 333 Illi
209 296 255 333 ad
272 303 488 345 surgentem
508 295 682 332 conversi
699 295 842 331 lumina
861 295 996 342 solem,

129 359 230 393 Dant
249 356 375 405 fruges
395 354 571 392 manibus
591 355 724 401 salsas,
744 364 782 391 et
802 363 975 406 tempora
994 356 1096 392 ferro

130 418 285 453 Summa
303 424 436 453 notant
456 415 665 466 pecudum,
687 416 904 466 paterisque
925 417 1058 453 altaria
1076 415 1207 453 libant.

181 479 277 513 Tum
295 477 379 526 pius
396 480 533 514 AEneas
552 477 684 513 stricto
705 476 758 514 sic
777 490 865 513 ense
882 486 1061 526 precatur
1079 492 1086 513 :
1286 488 1332 519 ¹75

132 554 145 569 «
166 538 256 573 Esto
275 550 375 573 nunc
396 537 460 573 Sol
478 536 601 582 testis,
624 545 661 573 et
678 535 760 573 haec
778 536 872 573 mihi
889 539 1007 573 Terra
1024 538 1194 584 vocanti,

131 597 255 640 Quam
274 605 432 645 propter
453 603 575 633 tantos
595 596 704 645 potui
724 596 895 646 perferre
912 595 1080 642 labores,

131 657 177 690 Et
196 658 306 692 Pater
326 657 583 706 omnipotens,
605 664 642 693 et
660 665 702 693 tu
722 657 901 693 Saturnia
920 660 1038 702 Juno,

131 718 210 752 Jau]
231 716 383 763 melior,
397 717 494 767 jam,
517 716 623 763 diva,
645 730 802 766 precor;
822 726 939 766 tuque
958 717 1099 754 inclute
1119 719 1292 764 Mavors,

131 886 242 917 sideris
280 887 398 922 iustam
433 884 608 929 ἀστερόεις;
643 887 705 917 fre-

131 944 232 973 quens
245 934 368 973 poetis;
383 933 516 962 alterum
537 933 602 963 hoc
631 944 706 963 cum

122 979 276 1022 flagrans
307 981 470 1009 convenit.
489 997 537 1002 -—
557 990 631 1016 170.
668 981 707 1007 In

132 1025 251 1055 foedere
271 1024 438 1065 jungendo
450 1047 458 1062 ‚
480 1034 577 1064 porca
594 1030 708 1052 macta-

133 1078 186 1100 tur
196 1082 284 1101 more
294 1073 452 1100 Romano.
470 1070 510 1100 cf.
525 1081 595 1110 sup.
607 1071 688 1099 VIII
698 1092 706 1105 ‚

135 1117 223 1152 6413
252 1126 331 1157 agna
360 1117 500 1154 Trojano
527 1123 557 1145 et
581 1116 707 1146 Graeco.

135 1173 166 1193 v.
183 1162 271 1192 Iliad.
289 1172 310 1205 γ
322 1184 330 1198 ,
347 1162 413 1196 246
429 1172 475 1201 sq.
489 1178 536 1185 —-
553 1172 590 1200 17
602 1172 628 1192 1.
644 1163 709 1202 Ap-

131 1208 218 1249 pulic
236 1209 320 1247 conj.
339 1208 463 1237 Heinsii
479 1207 563 1248 apud
578 1209 687 1238 Burm.
700 1231 708 1245 ,

136 1265 207 1295 quae
232 1255 287 1283 vix
318 1253 453 1283 debehat
480 1265 520 1284 ex
551 1265 606 1284 ora
633 1254 709 1283 libri

137 1301 301 1331 Heinsiani
328 1301 461 1330 enotari.
483 1300 711 1342 Flagrantibus

137 1349 261 1388 potiore
297 1347 367 1384 jure
408 1353 533 1386 poterat
571 1347 684 1376 tentari
701 1356 708 1377 :

138 1404 238 1433 quum
259 1392 355 1422 modo
371 1404 402 1422 v.
424 1393 484 1430 167
504 1393 711 1433 praecessisset

127 1440 306 1482 flagrans;
335 1449 393 1468 cur
422 1449 488 1468 non
506 1438 711 1481 flammami-

138 1485 212 1522 bus,
236 1492 305 1522 aut,
320 1485 432 1514 ultima
455 1486 489 1514 in
505 1496 605 1525 pecus
627 1492 711 1515 recte

138 1531 294 1572 producta
304 1553 313 1568 ‚
341 1531 524 1560 ardentibus
544 1531 711 1571 placebat?

191 1588 254 1616 172
272 1594 318 1601 —-
335 1583 410 1615 174.
442 1577 610 1608 Notandus
642 1588 711 1607 mos

139 1623 258 1653 horum
271 1634 444 1654 sacrorum.
456 1625 620 1654 Orientem
628 1634 712 1664 spec-

140 1675 242 1698 tantes
272 1667 387 1699 molaffi
418 1670 528 1699 salsam
563 1670 713 1707 injiciunt

140 1715 296 1751 victimae,
314 1715 396 1754 pilos
410 1725 426 1743 e
448 1715 552 1744 fr0nte
575 1716 642 1752 ejus
659 1726 712 1745 ex-

141 1760 291 1790 scindunt
307 1770 380 1789 ense
402 1759 567 1799 (tempora
586 1771 712 1790 summa

143 1814 259 1836 nocane
273 1816 358 1836 ense.
379 1806 419 1835 cf.
435 1816 529 1846 supra
540 1807 587 1835 VI
601 1829 609 1842 ‚
628 1807 692 1841 245
703 1829 712 1843 ‚

143 1853 252 1894 246),
275 1863 356 1893 quos
375 1853 410 1881 in
431 1852 588 1881 flammam
613 1853 714 1890 conji-

142 1899 251 1937 ciunt3
269 1906 337 1928 tum
366 1899 476 1927 vinum
502 1899 536 1927 in
559 1908 643 1927 aram
674 1897 712 1927 li-

141 1945 229 1977 bant.
255 1945 337 1975 Fieri
353 1945 420 1974 haec
443 1944 481 1973 ad
503 1944 711 1974 consecratio-

142 2001 216 2021 nem
234 1992 372 2022 victimae
391 1990 532 2031 putanda
555 1997 640 2019 sunt.
660 1991 712 2019 In-

143 2035 182 2066 de
203 2038 260 2068 inf.
287 2039 351 2067 213
378 2037 438 2066 rice
463 2043 598 2067 sacratae
612 2046 711 2077 pecu-

144 2082 209 2113 des.
230 2084 350 2114 Graecis
369 2093 435 2113 uno
458 2083 557 2113 verbo
575 2090 621 2112 est
638 2093 712 2112 κατ-

146 2125 305 2169 άρχεσθαι.
338 2132 418 2160 Rem
451 2130 600 2170 pluribus
637 2129 716 2159 locis

144 2175 322 2206 Homericis
341 2175 527 2206 illustratam
544 2174 616 2206 vide
631 2174 714 2216 apud

759 886 920 918 Feithium
944 894 975 917 et
996 888 1085 918 alios.
1115 888 1199 917 conf.
1221 888 1330 918 Cerda

758 950 805 955 —-
820 939 894 970 174.
917 934 1037 963 Laudat
1060 935 1168 963 Burm.
1197 941 1264 964 not.
1294 934 1333 963 ad

759 981 877 1007 Lucan.
898 981 963 1014 III⁷
987 985 1071 1015 404,
1091 979 1149 1008 ubi
1173 985 1282 1009 aestuat
1299 981 1333 1009 in

760 1024 1025 1063 interpretatione
1059 1025 1131 1053 satis
1163 1025 1308 1065 expedita
1324 1035 1332 1056 ε

762 1076 887 1098 structae
905 1069 982 1099 diris
1007 1070 1160 1100 altaribus
1183 1082 1252 1101 arae
1268 1082 1278 1100 :
1301 1071 1334 1102 h.

762 1125 840 1153 arae,
855 1115 990 1155 quibus,
1018 1123 1168 1156 tanquam
1187 1116 1315 1147 basibus
1327 1141 1335 1153 ‚

762 1161 830 1191 dira
850 1161 957 1191 altaria
978 1169 1212 1203 superstructa,
1232 1165 1335 1204 impo-

763 1209 820 1237 sita
837 1215 923 1238 sunt.
939 1210 993 1238 Est
1006 1209 1091 1238 enim
1106 1219 1156 1239 ara
1173 1209 1292 1239 fundus
1307 1217 1336 1239 et

764 1253 894 1294 crepido
923 1254 1037 1284 altaris.
1070 1255 1156 1284 Alias
1182 1256 1217 1284 in
1248 1255 1337 1284 altari

763 1301 857 1329 etiam
883 1310 934 1329 ara
960 1299 992 1330 h.
1015 1300 1103 1329 focus
1131 1311 1196 1330 esse
1222 1307 1337 1341 potest,

764 1346 898 1386 Quoties
922 1357 988 1376 nou
1003 1345 1142 1376 vidimus
1165 1346 1245 1383 hoc,
1262 1348 1339 1376 viris

764 1392 896 1421 summis
905 1392 1027 1421 facilius
1041 1392 1134 1422 fuisse
1145 1393 1222 1422 scite
1236 1403 1339 1422 emen-

765 1437 839 1468 dare
850 1460 858 1475 ,
875 1449 970 1478 quam
983 1438 1091 1468 locum
1108 1438 1275 1469 commode
1291 1440 1339 1468 in-

765 1486 931 1525 terpretari
944 1484 1138 1515 1-Paeer1‘s
1155 1484 1274 1515 altaria
1305 1485 1340 1514 li-

765 1530 843 1559 bant
867 1533 1040 1571 exquisite,
1065 1530 1197 1561 libando
1223 1533 1337 1572 rigant.

764 1594 811 1600 —
825 1587 837 1605 1
847 1578 899 1614 76.
914 1577 1063 1607 Formula
1079 1577 1117 1607 ad
1128 1577 1262 1607 ductum
1276 1579 1339 1607 Ho—

765 1624 892 1653 mericae
913 1631 1067 1663 concepta
1092 1624 1183 1654 Iliad.
1203 1634 1244 1667 γ,
1273 1625 1338 1661 276

765 1680 850 1709 sqq.‚
871 1671 904 1699 in
929 1680 1008 1709 qua,
1029 1670 1247 1709 antiquissima
1277 1681 1336 1699 un-

764 1717 850 1745 mina
865 1725 938 1755 quae
951 1715 1070 1745 fuerint
1081 1738 1089 1752 ‚
1107 1716 1250 1745 observa.
1267 1716 1339 1745 For-

765 1761 850 1790 mula
865 1761 975 1790 similis
995 1762 1089 1790 etiam
1112 1762 1146 1790 in
1162 1760 1276 1800 Odyss.
1306 1771 1316 1789 ε
1329 1783 1337 1793 .

771 1807 834 1841 184
845 1817 913 1846 sqq.
929 1806 1018 1836 Iliad.
1035 1817 1049 1835 0
1061 1829 1068 1843 ‚
1085 1806 1126 1835 36
1140 1816 1209 1845 sqq.
1225 1816 1254 1842 τ,
1272 1807 1336 1835 258

766 1862 835 1892 sqq.
861 1853 1012 1882 occurrit.
1029 1854 1096 1883 Nec
1122 1852 1337 1889 injucundum

766 1898 828 1928 hoc
844 1897 1012 1927 observare
1026 1899 1061 1927 in
1079 1903 1172 1939 poeta
1189 1908 1230 1927 ex
1246 1897 1338 1928 deco-

766 1954 802 1974 ro
816 1953 1022 1984 personarum
1037 1945 1209 1974 variatum:
1227 1947 1339 1974 AEneas

765 1991 875 2019 stricto
891 2000 981 2026 ense,
999 1997 1148 2031 tanquam
1161 1990 1339 2030 perjurium

766 2036 893 2066 ulturus
905 2059 913 2073 ,
943 2037 1074 2066 Latinus
1109 2043 1236 2076 sceptro
1264 2046 1338 2077 pro-

768 2089 858 2111 tenso
883 2089 1040 2122 precatur.
1067 2100 1113 2106 ——-
1147 2093 1220 2121 177.
1246 2083 1338 2113 Com-

767 2135 880 2168 parant
899 2128 996 2159 verba
1010 2140 1051 2159 ex
1072 2128 1163 2160 Iliad.
1181 2139 1202 2158 οι
1214 2151 1222 2164 ,
1244 2123 1267 2158 ὦ
1286 2128 1337 2158 ἔπι

767 2173 858 2205 πόλλ’
875 2172 1027 2218 ἐμόγησα..
1042 2194 1088 2198 -
1100 2187 1111 2205 1
1121 2186 1174 2215 79.
1189 2177 1263 2205 Iam
1280 2185 1341 2204 me·

1145 2239 1210 2276 21*
