1414 2435
517 71 577 100 AD
602 71 768 101 LIBRUM
793 72 850 102 lx.
1224 73 1240 100 3
1252 82 1262 101 r
1275 79 1285 99 1

83 140 173 170 Iliad.
191 150 207 170 υ
218 163 226 178 ,
247 141 321 177 180,
339 133 516 182 ΪΞλπόμενον
531 137 683 182 Τρώεσσιν
705 135 828 175 ἀνάξείν
845 134 1054 182 ἱπποδάμοισι
1076 136 1196 182 (μετὰ,
1213 136 1289 181 διὰ)

83 197 179 237 Τιμῆς
196 197 250 231 τῆς
268 193 421 238 Πριάμου·
439 195 497 224 etsi
511 205 564 225 eos
578 204 688 224 versus
704 193 828 233 judicio
843 204 901 224 suo
918 195 1110 225 sustulerant
1126 196 1289 226 Gramma-

83 251 138 280 tici
158 257 287 280 veteres.
304 250 391 280 Inter
406 249 551 280 Paridem
567 249 705 279 maxime
723 255 754 279 et
771 251 903 279 AEneam
919 248 990 279 odia
1007 250 1158 281 exarsisse
1180 252 1290 281 Mene-

85 312 182 336 crates
197 303 355 336 Xanthins
371 304 553 335 tradiderat.
570 304 609 335 cf.
623 305 760 345 Dionys,
777 303 848 334 Hal.
868 305 899 341 Ι,
919 305 971 340 48.

129 362 235 391 AEneae
249 370 298 390 res
312 366 411 402 gestas
425 359 466 390 ab
482 361 624 390 Homero
643 365 783 389 narratas
798 369 837 388 ex
855 357 952 388 Iliade
974 366 1101 389 enotare
1122 359 1204 389 nihil
1219 362 1289 390 atti-

82 420 147 444 net.
165 414 378 456 Congressum
392 415 460 453 eJ'us
475 425 548 445 cum
564 413 720 444 Diomede
734 412 827 445 Iliad.
843 423 873 450 ε,
888 420 920 443 et
933 413 1068 443 alterum
1082 424 1155 443 cum
1169 413 1290 443 Achille

82 465 171 497 Iliad.
188 477 221 505 u,
237 469 304 508 ipse
320 468 478 509 Virgilius
495 468 615 508 attigit,
634 467 712 497 dum
735 467 783 497 bis
802 477 920 509 pugnae
939 465 1122 497 discrimine
1144 473 1289 506 ereptum

81 531 155 550 eum
175 532 192 552 a
208 523 333 552 Venere
359 524 402 553 ait
421 525 491 554 AEn.
509 524 568 560 IV,
587 523 664 553 228.
682 524 721 552 In
740 529 916 553 castrorum
938 523 1176 563 oppugnatione
1193 531 1288 550 unam

81 586 97 605 e
112 577 226 606 turmis
248 576 386 608 ducebat
404 580 516 608 AEneas
529 577 619 608 Iliad.
637 589 677 620 μ,
694 578 756 618 983
779 589 810 615 ν,
829 578 906 618 459,
932 577 997 614 463
1018 587 1099 617 sqq.;
1119 577 1233 606 iterum
1254 576 1289 606 in

79 639 185 671 pugna
201 630 284 661 circa
299 631 437 662 Patrocli
451 633 548 662 occisi
561 643 676 673 corpus
693 642 767 661 cum
780 633 920 662 Hectore
934 632 1051 672 primas
1064 637 1168 672 partes
1183 631 1247 671 agit
1260 641 1288 672 ρ,

81 684 146 720 434
161 695 207 726 sq.
225 688 306 726 Quae
325 693 398 728 post
416 687 524 717 Iliadis
540 688 718 729 argumenti
733 694 878 728 tempora
894 693 978 728 gesta
993 692 1085 723 sunt,
1103 686 1139 715 in
1161 685 1286 724 Quinto

77 741 242 781 Smyrnaeo
262 752 453 784 cognoscere
475 743 560 773 licet.
585 743 724 772 Fuerant
740 743 824 772 enim
841 744 946 772 AEneae
967 747 1071 781 partes
1083 741 1118 769 in
1134 738 1286 769 omnibus

78 793 140 824 fere
159 796 275 836 praeliis
294 806 301 827 :
320 796 406 827 unde
429 807 499 836 sup.
515 800 586 828 AEn.
605 798 640 833 Ι,
658 796 722 831 488
744 796 808 825 dici
831 801 956 836 poterat
971 805 1004 824 se
1023 803 1148 834 quoque
1159 792 1285 834 princi-

71 849 166 888 pibus
174 849 373 890 per-mixtum
387 849 520 891 agnovit
532 848 673 880 Achivis.
687 851 735 879 Ita
756 849 902 879 interfuit
922 859 1039 889 pugnae
1060 858 1133 878 cum
1152 847 1285 878 Penthe-

78 903 152 933 silea
168 915 219 945 ap.
237 906 385 935 Tzetzam
407 904 569 935 Postllom.
589 904 608 934 5
613 914 630 934 2
642 927 651 942 ,
676 904 757 943 1573
774 905 809 934 in
824 914 931 945 pugna
947 914 1042 944 super
1065 903 1201 933 Achillis
1218 913 1285 932 cor-

76 967 154 996 pore
170 958 358 989 vulneratur
382 961 495 989 AEneas
520 958 559 988 ab
576 959 671 997 Ajace
689 968 696 989 :
723 969 773 999 ap.
794 959 951 998 Quintum
968 958 1034 994 ΙΙΙ,
1053 956 1115 986 281
1142 967 1202 996 sq.;
1217 957 1283 996 ipse

77 1012 207 1049 Ajacem
224 1013 308 1044 Oilei
321 1014 469 1043 vulnerat
486 1015 520 1043 in
536 1023 644 1054 pugna
658 1020 730 1053 post
743 1012 905 1053 Eurypyli
924 1011 1115 1047 adventum,
1135 1013 1200 1048 VI,
1216 1011 1281 1041 520

78 1076 123 1106 sq.
140 1068 265 1097 Eminet
277 1070 344 1106 ejus
358 1070 460 1098 virtus
475 1069 510 1097 in
525 1078 646 1108 pugna,
666 1077 728 1107 qua
744 1066 928 1097 Philoctetae
942 1067 1054 1107 sagitta
1069 1066 1155 1096 Paris
1170 1065 1283 1095 vulne<

79 1125 182 1156 ratur,
205 1122 254 1157 X,
272 1120 331 1158 ¹26,
357 1122 416 1159 76,
438 1132 449 1150 1
462 1131 512 1150 12.
529 1121 575 1150 At
592 1130 630 1150 eo
647 1130 727 1150 caeso
743 1119 845 1150 multo
868 1121 966 1161 magis
985 1122 1047 1157 XI,
1066 1126 1119 1157 41,
1141 1129 1203 1159 129
1222 1130 1281 1160 sq„

79 1172 134 1201 ubi
158 1179 189 1202 et
204 1173 313 1204 Thetis
332 1174 370 1204 ab
388 1185 425 1205 eo
448 1175 562 1204 avertit
580 1173 828 1214 Neoptolemum
851 1179 937 1210 2403
956 1184 1033 1204 mox
1050 1184 1066 1203 e
1081 1183 1189 1214 pugna
1206 1183 1279 1202 eum

78 1225 185 1258 educit
198 1230 310 1259 Venus
325 1229 403 1269 289.
424 1231 461 1259 In
484 1229 725 1270 oppugnatione
743 1228 794 1258 Ilii
808 1235 855 1258 est
868 1229 954 1258 inter
970 1235 1223 1269 propugnatores
1242 1227 1281 1257 de

78 1284 194 1320 muris,
210 1285 275 1320 XI,
294 1285 376 1321 354,
395 1285 459 1324 393
471 1307 479 1321 ,
500 1284 583 1324 439,
605 1289 682 1321 474.
697 1284 741 1313 Ea
757 1289 878 1320 antem,
894 1293 966 1322 quae
980 1282 1041 1312 sub
1054 1283 1161 1323 ipsum
1174 1284 1278 1321 Trojae

77 1336 236 1367 excidium
258 1339 431 1378 peregerit,
447 1338 587 1368 narravit
599 1338 692 1367 Maro
707 1336 764 1366 lib.
782 1338 822 1367 ΙΙ.
839 1336 960 1367 Urbem
982 1337 1066 1366 enim
1084 1335 1192 1365 videns
1206 1346 1277 1376 cap-

78 1399 141 1421 tam
156 1391 195 1421 de
210 1392 309 1422 salute
326 1392 458 1423 consilia
477 1393 565 1429 iniit,
583 1392 695 1432 Quint.
714 1392 811 1429 XIII,
832 1392 896 1421 300
914 1401 982 1431 sqq.

125 1445 213 1475 Urbe
229 1453 335 1487 capta,
350 1448 386 1477 in
399 1453 541 1477 montem
553 1444 641 1477 Idam
658 1446 794 1475 secessit.
811 1445 911 1486 Apud
925 1444 1098 1475 Lescheum
1108 1467 1116 1481 ‚
1129 1445 1176 1474 uti
1191 1455 1278 1474 nunc

76 1509 116 1528 ex
134 1499 247 1530 Proclo
269 1499 436 1530 didicimus
452 1499 506 1541 (p.
525 1498 600 1540 38),
616 1500 720 1529 statim
745 1499 784 1529 ab
804 1505 930 1529 ostento
949 1509 1006 1539 per
1030 1500 1242 1529 Laocoontem
1262 1509 1278 1526 a

74 1554 274 1594 serpentibus
289 1561 438 1585 enectum
453 1553 775 1593 object01discessum
788 1555 823 1584 in
835 1560 976 1584 montem
992 1553 1080 1583 Idam
1095 1555 1208 1583 AEneas
1223 1564 1277 1594 pa-

75 1615 132 1638 rat.
153 1609 206 1639 Ad
229 1609 359 1640 Lesehei
389 1609 540 1647 ductum,
564 1608 651 1650 quod
675 1609 829 1650 suspicari
852 1609 941 1646 licet,
966 1610 1099 1649 exponit
1120 1608 1276 1638 nonnulla

76 1662 215 1701 Quintus
237 1664 338 1700 XIII,
366 1665 429 1694 300
455 1674 500 1704 sq.
525 1663 661 1704 Reliqua
685 1671 758 1705 post
776 1665 842 1703 ejus
862 1663 1033 1693 discessum
1051 1663 1182 1693 diversis
1200 1663 1277 1692 locis

78 1715 311 1747 illustravimus,

422 1876 803 1930 EXCURSUS
843 1878 930 1930 ΙΠ.

241 2004 312 2044 De
339 2001 485 2046 insula
515 2005 721 2047 Inarime
735 2039 746 2058 ,
774 2013 818 2047 et
840 2003 898 2047 (le
925 2007 1114 2048 Arimis.

127 2137 173 2166 lx
184 2159 192 2173 ‚
211 2147 226 2174 7
236 2139 274 2168 15
287 2159 296 2176 ,
317 2150 331 2177 7
343 2140 381 2169 16
396 2149 404 2169 z
423 2141 502 2170 Tum
518 2140 622 2170 sonim
638 2140 796 2180 Proclgrta
811 2141 880 2170 alta
887 2140 1021 2182 fremit,
1041 2142 1214 2184 durumque
1229 2154 1280 2172 cu-

81 2188 140 2218 bile
158 2190 296 2221 Inarime
315 2194 399 2224 Iovis
419 2193 557 2235 imperiis
572 2195 707 2236 imposta
735 2195 883 2236 Typhoeo.
905 2197 1127 2227 Promontorio
1145 2197 1275 2237 Campa·
