1414 2435
566 69 689 99 LIBER
712 69 769 98 IX.
1227 77 1264 96 21

74 131 171 166 Tum
188 129 240 166 sic
261 126 486 178 Hyrtacides
505 141 513 163 z
535 142 550 160 «
569 126 709 163 Audite
730 138 753 162 o
772 125 962 164 mentibus
982 126 1118 176 aequis,

17 175 25 182 ⁹
75 188 271 234 AEneadae,
287 200 381 224 neve
396 187 477 223 haec
492 186 630 223 nostris
649 195 867 235 spectentur
886 185 933 222 ab
952 186 1076 232 annis,
1221 193 1269 218 ²3⁵

78 249 173 293 Quae
192 248 357 284 ferimus.
378 246 512 283 Rutuli
532 258 663 283 somno
682 246 848 295 vinoque
868 246 981 283 soluti

77 307 324 354 Conticuer03
340 307 467 343 locum
486 306 631 344 insidiis
647 306 909 356 conspeximus
928 306 1019 356 ipsi,

78 367 155 413 Qui
174 375 278 417 patet
296 367 335 403 in
353 366 458 403 bivio
477 376 614 417 portae,
631 380 715 416 quae
734 366 908 416 proxima
926 376 1062 417 pont03

76 427 286 477 Interrupti
303 427 427 477 ignes,
449 436 604 476 aterque
622 426 670 463 ad
686 427 811 464 sidera
826 427 950 464 furnus

77 486 247 536 Erigitur
264 502 271 522 :
294 487 325 523 si
344 487 497 524 fortuna
515 486 733 537 permittitis
751 486 825 532 uti,
1226 500 1272 525 ης,

80 547 290 592 Quaesitum
309 549 453 583 AEnean
472 547 519 583 ad
538 546 675 583 moenia
693 546 881 583 Pallantea

79 609 173 643 Mox
189 606 252 643 hic
272 620 356 643 cum
374 607 502 656 spoliis
514 635 524 653 ‚
543 606 685 656 ingenti
704 606 805 643 caede
824 614 994 654 peracta,

80 665 223 702 Adfore
241 666 401 707 cernetis
420 680 427 702 :
449 679 518 701 nec
533 679 601 702 nos
621 666 683 701 via
699 665 793 701 fallit
812 665 945 701 euntis.

81 724 253 763 Vidimus
270 725 440 762 obscuris
459 725 620 774 primam
638 723 710 762 sub
726 723 887 761 vallibus
906 722 1039 760 urbem

75 891 172 932 pidos
187 901 246 932 pro
261 889 383 920 festinis
394 913 402 928 ‚
421 898 458 921 ut
473 898 562 929 ante,
582 893 653 922 ala-

81 948 148 967 cres
161 948 220 977 pro
234 937 397 967 concitatis
407 959 415 974 ‚
428 939 507 977 poni
520 948 537 966 a
548 945 652 978 poeta,

81 985 232 1013 memoria
248 982 421 1013 tenendum
435 992 443 1012 :
463 984 554 1021 item,
571 994 654 1014 ,mox

83 1029 150 1059 236
166 1028 256 1070 serre
281 1039 347 1058 esse
370 1030 528 1059 nuntiare.
560 1031 654 1059 Porta

80 1076 198 1115 igitur,
222 1085 293 1115 quae
316 1074 356 1103 ad
386 1085 472 1104 mare
497 1075 652 1113 ducebat,

82 1121 159 1150 duas
172 1121 237 1150 vias
250 1120 450 1158 ostendebat,
461 1132 597 1161 quarum
610 1122 652 1151 al-

81 1174 149 1197 tera
163 1168 356 1196 Laurentum
367 1172 397 1196 et
409 1177 466 1207 per
481 1174 579 1196 castra
589 1170 655 1198 Ru-

81 1213 224 1242 tulorum
237 1212 389 1249 ducebat,
403 1214 460 1252 qui
472 1213 511 1242 ab
523 1213 572 1242 his
584 1223 655 1253 par-

82 1258 168 1288 tibus
195 1265 348 1288 venerant
375 1258 414 1288 ad
440 1259 653 1299 oppugnanda

84 1310 203 1340 castra3
226 1304 321 1333 altera
351 1304 391 1333 ad
423 1304 534 1334 laevam
544 1327 552 1341 ,
582 1312 613 1334 et
636 1317 653 1334 a

82 1357 172 1390 tergo
181 1356 355 1379 castrorum
370 1350 405 1379 in
419 1350 585 1380 interiores
595 1357 655 1380 ter-

83 1406 144 1426 ras.

132 1447 197 1477 240
207 1451 276 1482 sqq.
291 1443 324 1473 Si
334 1440 463 1472 fortuna
476 1443 656 1482 permittitis

83 1488 131 1517 uti
156 1497 233 1524 nos,
257 1495 294 1517 ut
311 1489 346 1517 in
363 1487 422 1518 hac
440 1489 580 1519 hostium
605 1490 654 1518 in-

84 1534 172 1563 curia
197 1540 229 1562 et
252 1534 414 1572 socordia,
447 1542 546 1564 castra
575 1535 655 1564 clam

84 1589 287 1620 erumpamus
308 1589 317 1610 z
339 1591 416 1610 mox
440 1581 574 1610 cernetis
597 1582 655 1611 AE-

86 1635 183 1655 neam
218 1625 384 1665 quaesitmn
394 1649 404 1662 ‚
435 1627 468 1657 h.
493 1638 519 1657 e.
545 1628 657 1657 inven-

37 1690 43 1696 -
86 1678 174 1707 tum,
203 1670 254 1700 hic
278 1671 383 1712 affbre
406 1673 565 1703 reducem.
581 1676 656 1703 For-

86 1724 184 1752 tuna,
211 1718 390 1754 occasione,
420 1720 528 1758 inquit
547 1721 655 1749 Burm.

83 1769 124 1807 pt
143 1763 279 1793 Servius.
305 1765 400 1792 Recte
424 1764 573 1803 quidem;
603 1764 658 1793 sed

85 1810 228 1839 Fortuna
240 1808 343 1838 multo
358 1808 453 1839 latius
465 1816 561 1849 patet,
578 1810 659 1839 mul-

86 1862 184 1895 toque
202 1855 344 1885 ornatius
363 1862 394 1885 et
411 1857 572 1895 potentius
595 1865 661 1884 ver-

86 1901 165 1931 bum
181 1908 238 1932 est.
256 1918 302 1924 —-
319 1906 397 1936 241.
414 1902 593 1942 Dupliciter
608 1903 656 1930 in-

87 1947 238 1988 terpungi
262 1954 294 1977 et
318 1949 471 1977 constitui
494 1948 581 1977 locus
601 1958 658 1988 po-

88 1999 167 2031 test3
187 2000 241 2023 aut
258 1995 323 2030 sic,
342 2001 379 2023 ut
393 1994 470 2024 olim
489 2001 520 2023 et
537 1995 599 2034 ipsi
617 1993 659 2022 fe-

90 2040 190 2069 cimus
204 2048 212 2069 :
230 2040 264 2069 Si
261 2039 401 2081 fortuna
410 2039 592 2080 permittitis
603 2039 657 2074 uti,

93 2085 265 2126 Quoesitum
275 2088 404 2117 AEnean
413 2086 460 2116 ad
464 2086 580 2116 moenia
587 2086 662 2116 Pal-

91 2131 221 2161 lantea:
232 2133 311 2162 M'ox
325 2131 376 2162 hic
389 2143 457 2162 cum
474 2132 592 2172 spoliis,
611 2132 659 2161 in—

87 2176 181 2219 genti
192 2178 278 2208 ccede
285 2186 420 2220 peracta
430 2201 439 2215 ‚
463 2178 577 2220 Affire
596 2188 660 2208 cer·
687 2179 690 2183 ’

708 890 789 921 netis
815 891 882 922 scil.
907 902 975 923 7105.
998 894 1044 922 Ita
1067 892 1154 923 haud
1180 894 1277 924 dubie

706 944 852 977 praestat,
880 939 1019 967 AEneam
1044 946 1076 968 ec
1093 939 1212 969 moenia
1233 941 1277 969 le-

707 993 788 1024 gere.
816 983 933 1013 Contra
955 984 1001 1013 ad
1023 984 1161 1021 moenia,
1192 986 1277 1025 apud

706 1029 822 1058 moenia
832 1051 840 1065 ‚
854 1031 888 1058 in
901 1030 1060 1060 Pallanteo
1070 1053 1078 1067 ‚
1094 1031 1278 1071 impeditam

706 1074 783 1104 facit
805 1076 992 1106 orationem.
1018 1076 1214 1116 Qttaesiturn;
1238 1077 1278 1106 ad

707 1119 933 1160 quaerendum3
959 1129 996 1151 ut
1018 1123 1053 1151 in
1074 1123 1153 1153 ino:
1178 1122 1278 1152 Missa

708 1173 755 1195 est
771 1166 857 1196 illico
874 1167 998 1197 ancilla
1013 1168 1195 1198 arcessitum
1212 1169 1279 1198 obs-

707 1212 858 1243 tetricem.
869 1214 1023 1253 Displicet
1036 1220 1140 1244 tamen
1149 1214 1201 1244 vel
1214 1215 1276 1245 sic:

706 1257 734 1287 si
744 1257 885 1298 jbrtuna
903 1259 1086 1298 permittitis
1104 1259 1150 1289 uti
1163 1260 1276 1300 quaesi-

707 1311 783 1334 tum.
800 1305 847 1333 Ita
859 1304 966 1334 saltem
982 1312 1142 1344 praestaret
1153 1316 1277 1335 versum

710 1350 883 1389 Quaesitum
897 1350 978 1379 infra
991 1357 1064 1391 post
1079 1351 1175 1380 verba
1191 1361 1198 1381 :
1220 1362 1279 1381 nec

709 1406 767 1424 nos
778 1396 839 1424 via
848 1395 947 1436 fallit
959 1404 1085 1432 cunta,
1102 1397 1255 1427 collocare
1269 1408 1278 1428 ε

708 1441 796 1481 quod
810 1443 904 1471 etiam
917 1442 993 1472 olim
1006 1443 1178 1473 nonnuuos
1193 1443 1280 1472 fecis-

709 1498 741 1517 se
760 1498 776 1517 e
795 1490 904 1518 Servio
919 1488 1201 1525 discitum—244.
1217 1489 1279 1517 Sub

710 1533 862 1563 moem'bus
884 1534 968 1565 Gud.
984 1535 1071 1564 Leid.
1092 1542 1123 1564 et
1142 1535 1277 1575 Regiu53

709 1579 857 1609 codicum
894 1587 998 1610 tamen
1031 1582 1216 1610 auctoritate
1250 1588 1281 1609 et

710 1626 850 1665 epitheto
863 1626 999 1656 obscuris
1013 1628 1086 1656 satis
1101 1625 1282 1656 defenditur

710 1672 764 1701 sub
787 1672 937 1703 vallibus.
963 1675 1042 1703 Sane
1068 1672 1222 1702 Palatium
1249 1673 1282 1701 in

710 1724 818 1747 monte
842 1725 909 1748 erat
928 1720 1024 1748 situm
1048 1728 1056 1748 :
1079 1718 1164 1748 conf.
1180 1719 1281 1753 VIII,

714 1764 766 1793 53.
783 1765 856 1793 Jam
875 1774 950 1794 vero
965 1765 1065 1793 nolim
1083 1763 1188 1792 dicere
1203 1772 1209 1792 :
1225 1773 1283 1802 op-

712 1808 824 1848 pidum
859 1811 894 1838 in
929 1810 1012 1839 clivo
1045 1809 1162 1838 montis
1203 1809 1283 1849 posi-

714 1861 781 1883 tum
809 1853 980 1894 significari
1005 1864 1012 1884 ε
1045 1854 1189 1894 primam
1228 1854 1282 1883 sub

711 1899 852 1929 vallibus
873 1900 979 1929 urbem
989 1911 1002 1936 ;
1017 1911 1077 1929 nec
1088 1922 1096 1936 ‚
1116 1907 1196 1940 puto
1208 1922 1216 1936 ‚
1234 1900 1284 1929 be-

712 1957 752 1976 ne
772 1947 868 1976 latine
889 1946 1008 1975 dictum
1028 1946 1108 1976 foret
1125 1945 1282 1985 :primam

713 1993 766 2021 sub
779 1992 920 2031 vallibus
932 1991 1038 2021 urbem
1049 2004 1062 2028 ,·
1081 1998 1152 2021 aute
1171 1991 1284 2021 vallem

714 2040 803 2068 sitam
818 2045 871 2067 aut
884 2039 986 2078 primo
1002 2044 1213 2078 conspectam.
1225 2037 1285 2068 Sed

715 2084 882 2125 amplectar
912 2085 1067 2113 rationem
1091 2083 1284 2123 simplicissi-

714 2141 808 2166 mam,
825 2140 919 2170 quam
933 2131 1058 2160 Servius
1070 2140 1198 2169 quoque
1212 2140 1284 2169 pro-

714 2178 821 2217 posuit
838 2186 845 2206 :
866 2183 901 2206 ut
914 2176 967 2206 sub
980 2175 1119 2206 vallibus
1137 2175 1176 2205 ad
1198 2174 1284 2205 vicli-
