1414 2435
565 57 687 88 LmER
711 58 768 88 IX.
1222 60 1261 98 39

75 115 299 163 Opposuere
317 114 452 160 aciem,
472 126 559 150 nam
579 114 736 152 dextera
755 115 918 165 cingitur
938 116 1056 162 amni,

18 169 26 175 ’
72 174 315 224 Ingentisque
335 182 463 211 tenent
481 175 615 221 fossas,
635 184 672 212 et
691 175 861 213 turribus
882 176 963 214 altis
1215 187 1264 217 470

74 235 182 270 Stant
196 235 318 271 moesti
334 249 341 270 :
358 234 469 271 simul
489 247 557 272 ora
573 236 698 272 virum
714 236 869 286 praefixa
886 236 1088 274 movebant

72 296 173 331 Nota
190 294 299 331 nimis
317 294 480 341 miseris,
499 303 657 345 atroque
676 296 831 334 fluentia
850 296 950 334 tabo.

123 355 273 390 Interea
292 354 469 403 pavidam
488 356 648 394 volitans
665 366 828 406 pennata
850 370 918 406 per
940 357 1073 394 urbem

69 414 212 450 Nuntia
231 417 343 451 Fama
363 415 459 460 ruit,
476 417 682 466 matrisque
699 417 889 454 adlabitur
906 418 1006 455 auris

68 473 234 521 Euryali.
254 476 305 511 At
323 473 469 512 subitus
490 475 634 513 miserae
651 477 754 513 calor
773 489 856 514 ossa
872 476 1040 527 reliquit;
1215 483 1263 515 157⁵

70 533 228 570 Excussi
244 534 418 572 manibus
434 535 550 582 radii,
567 537 814 587 revolutaque
834 550 960 587 pensa.
1195 548 1199 549 ⁷

71 592 207 629 Evolat
223 593 372 640 infelix,
393 603 448 641 et,
468 596 630 633 femineo
647 597 813 642 ululatu,

72 652 196 688 Scissa
216 665 359 690 comam
371 682 382 699 ,
401 667 530 692 muros
550 668 676 692 amens
696 663 808 704 atque
827 656 975 704 agmina
994 668 1108 692 cursu

71 711 195 747 Prima
213 713 307 760 petit
329 727 336 748 :
354 725 430 748 non
451 713 514 748 illa
529 714 674 758 virum,
693 727 770 751 non
789 714 851 750 illa
870 713 1003 763 pericli

70 771 324 819 Telorumque
343 784 488 807 memor
495 787 506 818 3
527 772 662 809 coelum
681 772 817 809 dehinc
836 772 1032 822 questibus
1048 773 1167 822 inplet
1184 787 1190 809 :
1213 782 1260 811 480

69 848 86 864 «
98 833 208 868 Hunc
227 843 297 880 ego
316 840 372 877 te,
392 833 573 881 Euryale,
594 833 785 883 adspicio?
802 836 927 878 Tune,
947 833 1011 869 illa
1027 841 1185 870 senectae

70 893 164 928 Sera
179 904 271 928 meae
287 892 456 942 requies,
474 893 632 942 potuisti
648 893 819 943 linquere
840 893 976 939 solam,

69 951 259 988 Crudelis!
280 965 350 989 nec
368 960 423 997 te,
443 952 514 989 sub
531 962 635 990 tanta
652 954 821 1004 pericula
836 954 1009 999 missum,

67 1012 200 1049 Adfari
218 1023 429 1051 extremum
447 1014 591 1051 miserae
607 1014 694 1051 data
712 1015 823 1064 copia
841 1015 975 1052 matri?

68 1073 172 1107 Heu!
193 1079 294 1108 terra
313 1073 459 1122 ignota,
481 1073 637 1111 canibus
655 1074 741 1111 date
759 1074 888 1124 praeda
907 1074 1049 1111 Latinis
1210 1083 1257 1112 485

67 1245 165 1281 tium,
181 1245 304 1286 agmine
327 1254 455 1274 versans
483 1254 572 1274 nunc
600 1245 638 1274 si-

67 1292 199 1320 nistram
228 1301 336 1320 versus
363 1301 448 1319 mare
459 1312 467 1327 ,
493 1290 638 1320 dextram

66 1343 188 1376 partem
203 1346 311 1365 versus
330 1335 469 1365 Tiberim
486 1346 637 1366 memora-

65 1393 100 1412 re
111 1391 118 1411 ε
129 1383 237 1422 sicque
247 1381 421 1411 statuebam
431 1389 535 1419 antea3
550 1392 637 1412 nunc

65 1428 160 1458 video
176 1429 311 1458 nimium
335 1429 379 1457 sic
400 1428 522 1457 turbari
537 1429 571 1457 in
586 1439 636 1458 ce-

63 1475 154 1511 teris,
170 1481 201 1504 et
221 1473 416 1503 manendum
438 1485 503 1503 esse
521 1474 556 1503 in
580 1485 634 1512 eo,

63 1527 100 1550 ut
117 1531 198 1560 pars
223 1519 352 1549 sinistra
374 1530 531 1549 murorum
554 1527 585 1548 et
602 1521 635 1550 h.

61 1566 84 1596 l.
102 1567 143 1596 sit
157 1577 197 1596 ex
218 1567 324 1605 positu
340 1573 516 1595 castrorum
535 1576 551 1594 a
566 1576 636 1605 par-

63 1611 150 1641 tibus
163 1606 318 1649 Trojanis.
333 1613 364 1640 A
378 1611 458 1640 loeva
467 1619 563 1651 parte
573 1622 634 1641 cas-

62 1663 186 1686 trorum
199 1663 291 1696 porta
306 1663 371 1686 erat
381 1679 389 1693 ‚
406 1667 422 1685 a
437 1667 496 1696 qua
514 1657 634 1697 duplex

61 1703 113 1732 via
140 1702 296 1738 ducebat,
330 1702 424 1731 altera
454 1703 631 1733 secundum

60 1748 137 1778 litus
148 1771 156 1785 ‚
174 1758 282 1777 versus
307 1749 502 1777 Laurentum
513 1770 521 1784 ,
537 1749 632 1778 altera

61 1796 96 1824 in
117 1795 270 1824 interiora
293 1793 379 1833 agri,
401 1803 464 1832 qua
485 1800 569 1823 retro
594 1794 632 1823 ad

60 1840 204 1871 Tiberim
212 1849 322 1869 versus
333 1839 446 1869 collem
455 1839 631 1869 Palatinum

59 1887 226 1926 pervenire
248 1892 382 1926 poterat.
400 1886 539 1915 Firmant
552 1888 632 1916 Tro-

59 1933 126 1970 iani
151 1932 304 1973 praesidiis
338 1931 456 1960 vallum
487 1931 526 1960 ab
555 1931 632 1962 laeva

18 2016 21 2018 η
60 1985 161 2017 parte,
172 1989 234 2019 qua
244 1977 358 2009 Rutuli
370 1987 555 2018 oppugnare
565 1988 632 2007 mu-

61 2024 215 2055 nitionem
229 2035 286 2055 seu
301 2024 413 2054 urbem
424 2046 432 2060 ‚
455 2034 550 2064 quam
562 2025 632 2054 Vir-

6 2074 10 2079 '
61 2070 155 2110 gilius
169 2071 333 2111 perhibet,
352 2077 498 2111 poterant
514 2080 521 2100 :
536 2069 632 2100 collo-

43 2148 46 2152 ,
62 2123 135 2146 cant
156 2127 191 2147 ea
209 2118 242 2147 in
261 2117 330 2157 ipso
348 2116 430 2146 vallo
441 2139 450 2153 ‚
467 2126 522 2146 seu
539 2127 631 2147 muro

63 2168 95 2192 et
110 2163 270 2202 turribus,
287 2173 365 2204 quas
380 2163 463 2193 fossa
475 2162 583 2193 ambit.

739 1244 803 1282 [473
818 1254 865 1284 sq.
883 1244 1075 1284 Comparant
1087 1243 1261 1274 Androma—

690 1289 763 1319 ches
795 1289 1038 1330 trepidationem
1074 1297 1104 1320 et
1135 1291 1260 1319 luctum

690 1335 779 1366 Iliad.
803 1347 843 1376 χ,
862 1342 924 1374 447
961 1346 1029 1375 sqq.
1058 1342 1089 1365 et
1118 1335 1208 1366 Iliad.
1223 1335 1258 1372 ζ,

693 1382 756 1411 388
786 1392 831 1422 sq.
863 1384 908 1412 Ut
934 1382 1122 1410 imitatorem
1154 1382 1260 1412 minus

689 1427 812 1457 subacti
823 1427 936 1466 judicii
951 1437 1100 1468 agnoscas
1111 1449 1119 1463 ,
1139 1427 1178 1456 cf.
1195 1429 1260 1457 Sta-

690 1473 727 1502 tii
750 1475 798 1502 III
825 1473 926 1503 Theb.
959 1474 1020 1501 133
1043 1473 1261 1512 sqq—476.

690 1517 830 1556 Expulsi
842 1528 893 1557 ap.
911 1517 1055 1547 Macroh.
1071 1517 1127 1548 lib.
1139 1520 1186 1547 IV
1196 1521 1258 1549 Sat.

693 1574 707 1592 1
721 1563 840 1592 editum
850 1574 858 1600 ;
870 1563 1000 1593 discussi
1011 1564 1152 1594 Parrhas.
1163 1566 1259 1594 Reso-

687 1609 819 1650 lutaque
835 1609 975 1638 membra
993 1608 1168 1650 refingebat
1185 1611 1259 1640 Bar-

687 1666 752 1685 nes.
769 1654 809 1685 ad
831 1655 921 1685 Iliad.
939 1666 979 1695 χ,
999 1655 1063 1692 448
1088 1663 1124 1686 ut
1142 1667 1258 1686 conve-

686 1702 792 1731 nirent
817 1701 912 1730 verba
938 1711 945 1731 :
972 1703 1025 1736 τῆς
1058 1697 1088 1730 δ’
1117 1700 1255 1741 ἐλελίχθη

685 1747 761 1789 γυῖκ
773 1769 781 1784 ,
800 1743 902 1789 χαμαὶ
920 1742 957 1775 δέ
974 1745 1000 1776 οἱ
1018 1746 1129 1777 ἔκπεσε
1143 1745 1256 1789 κερκίς.

685 1793 876 1822 —Asfectus
886 1803 902 1822 a
912 1793 1019 1821 multis
1031 1793 1255 1824 adumbratus:

684 1845 716 1867 at
730 1839 883 1879 Virgilius
895 1840 1008 1879 pressit
1018 1841 1146 1880 vestigia
1159 1839 1256 1879 Apol-

683 1884 764 1914 lonii
791 1886 854 1922 ΙΙΙ,
883 1885 947 1920 254
972 1894 1059 1925 seqq.
1087 1887 1135 1916 De
1159 1884 1257 1915 radiis

685 1931 820 1960 texentis
844 1942 874 1961 v.
899 1941 970 1970 sup.
996 1930 1034 1960 ad
1052 1932 1110 1962 Ge.
1125 1935 1158 1969 Ι,
1177 1937 1253 1971 294.

684 1994 731 1999 ·-
741 1983 818 2016 479.
834 1977 944 2006 Prima
955 1977 1087 2018 agmina
1100 1978 1187 2008 haud
1198 1977 1255 2007 du-

685 2022 737 2053 bie
748 2023 920 2064 jungenda.
936 2025 1015 2055 Nam
1030 2025 1191 2065 procurrit
1201 2033 1256 2052 an-

685 2076 715 2099 te
743 2076 994 2111 propugnatores
1017 2071 1100 2101 valli.
1111 2088 1157 2092 —
1168 2069 1234 2106 485
1245 2093 1253 2107 ,

687 2116 763 2152 486,
780 2126 820 2145 ex
834 2116 929 2156 prisci
943 2118 1002 2146 aevi
1017 2117 1195 2155 atrocitate,
1210 2119 1257 2147 in·

684 2162 805 2204 sepulta
822 2162 1015 2203 projiciendi
1033 2173 1183 2206 corpora,
1210 2171 1253 2193 sa-
