1414 2435
568 83 689 113 LIBER
713 83 772 113 XI.

1203 95 1262 122 ι77

21 181 29 189 ,
66 144 114 180 Et
133 142 259 179 sellam
282 141 388 190 regni
407 139 653 188 trabeamque
674 139 833 188 insignia
853 141 983 176 nostri.

68 202 260 240 Consulite
279 202 318 238 in
338 201 522 246 medium,
544 207 581 235 et
602 199 715 235 rebus
733 200 941 236 succurrite
963 200 1078 237 fessis.
1098 217 1114 233 »

1215 210 1265 234 335

121 266 220 299 Tum
239 265 405 298 Drances
426 260 525 296 idem
542 260 728 304 infensus,
747 272 860 308 quem
880 260 999 309 gloria
1017 261 1136 297 Turni

70 321 235 370 Obliqua
255 320 397 356 invidia
417 320 652 369 stimulisque
673 318 840 368 agitabat
863 320 1018 364 amaris,

70 383 214 429 Largus
234 392 372 429 opum,
391 388 428 415 et
447 380 574 428 lingua
594 378 744 423 melior,
767 378 832 415 sed
853 379 990 428 frigida
1010 378 1110 415 bello

69 442 255 485 Dextera,
276 439 440 475 consiliis
459 439 611 475 habitus
630 451 707 474 non
728 438 844 475 futilis
865 448 1015 485 auctor,

70 499 264 536 Seditione
282 507 436 548 potens:
456 512 571 547 genus
593 497 684 534 huic
703 507 872 534 materna
890 497 1097 547 superbum

1220 507 1268 535 34'0

39 603 43 609 .
69 555 257 596 Nobilitas
277 558 409 602 dabat,
428 558 614 593 incertum
632 557 678 593 de
699 566 806 606 patre
827 557 991 603 ferebat3

72 617 220 667 Surgit,
242 624 279 653 et
298 616 357 653 his
378 626 510 653 onerat
529 616 637 652 dictis
650 645 659 662 ‚
681 624 794 665 atque
814 626 966 666 aggerat
985 616 1059 653 iras
1076 631 1084 653 ε

126 694 141 710 «
162 680 256 713 Rem
276 677 368 712 nulli
389 675 608 721 obscuram,
630 685 766 712 nostrae
786 688 855 711 nec
877 675 980 712 vocis
1000 683 1186 724 egentem,

73 737 262 782 Consulis,
282 749 304 771 o
325 735 424 772 bone
445 749 512 771 rex
530 750 537 771 ε
560 736 686 772 cuncti
707 748 746 771 se
763 736 859 771 scire
878 735 1043 771 fatentur

74 796 177 842 Quid
195 796 348 833 fortuna
365 795 461 831 ferat
480 795 612 844 populi
623 809 633 842 3
653 794 719 830 sed
741 794 867 830 dicere
884 803 1062 831 mussant.

74 958 111 978 ro
131 947 192 977 hoc
210 947 378 977 voluit.—-
390 947 466 983 334.
487 947 567 977 Sella
587 958 642 977 cu-

74 994 151 1023 rulis
173 1000 205 1023 et
222 993 328 1023 trabea
341 992 476 1034 insignia
498 994 622 1033 imperii
634 1016 642 1027 .,

74 1046 107 1069 et
115 1040 198 1068 inter
209 1049 339 1068 munera
348 1040 430 1068 mitti
439 1039 542 1075 solita,
557 1040 644 1079 apud

73 1087 244 1122 Romanos,
253 1085 405 1121 Albanos,
417 1086 578 1121 Etruscos,
593 1085 643 1114 ad-

75 1140 176 1170 eoque
185 1131 217 1161 h.
228 1131 250 1160 l.
259 1138 344 1160 recte
359 1137 390 1159 et
408 1129 491 1170 apud
502 1131 639 1162 Latinos.

125 1176 202 1206 335.
220 1178 331 1205 Fessas
352 1186 400 1204 res
420 1176 482 1212 jam
503 1179 572 1206 AEu.
589 1176 645 1207 lib.

76 1222 142 1258 111,
160 1221 222 1257 145
234 1221 381 1257 vidimus
395 1221 586 1258 demutatas,
602 1223 648 1252 in-

76 1266 182 1296 firmas
193 1289 201 1303 ‚
215 1267 335 1297 viribus
350 1268 438 1308 regni
453 1267 623 1298 exhaustis.

125 1314 202 1344 336.
229 1314 266 1342 Iu
297 1320 364 1342 toto
392 1323 486 1342 versu
511 1315 648 1343 nitorem

76 1358 220 1388 desidero
235 1368 242 1388 ε
264 1359 348 1388 idem
364 1358 520 1399 infensus,
540 1370 644 1399 quem.

76 1406 203 1435 Servius
221 1414 229 1434 ι
251 1406 391 1434 Drances
410 1404 514 1439 idem,
535 1404 645 1434 videli-

76 1457 126 1479 cet
136 1473 145 1488 ‚
161 1451 218 1490 qui
227 1461 323 1490 snpra
336 1450 421 1490 apud
437 1452 564 1479 AEneam
580 1461 647 1491 ege-

75 1502 132 1526 rat.
159 1498 229 1526 Hoc
248 1496 349 1525 facere
368 1495 501 1536 impedit
517 1498 646 1536 opposi-

75 1548 145 1570 tum
181 1541 334 1582 infensus.
366 1542 498 1571 Mollior
508 1564 516 1578 ,
545 1549 625 1581 puto
635 1564 644 1580 ,

75 1588 176 1617 exiret
189 1589 290 1617 oratio
301 1611 310 1625 ,
329 1589 355 1617 si
373 1589 418 1617 sic
432 1587 586 1627 scriptum
600 1599 647 1617 es-

76 1639 140 1663 set:
155 1635 233 1662 Tum
248 1635 409 1669 Drances,
430 1633 532 1670 idem,
546 1633 647 1674 itqfen-

74 1688 142 1707 sum
156 1689 249 1718 quem
260 1679 365 1719 gloria
382 1678 481 1708 Turni
488 1696 535 1701 —
543 1679 646 1720 agita-

74 1723 138 1753 bat.
153 1725 200 1753 Ex
216 1724 306 1753 libris
323 1724 369 1753 nil
383 1731 528 1754 notatum
540 1725 644 1756 video.

74 1787 120 1792 -—
135 1769 219 1799 Male
245 1769 402 1810 ingeniosi
429 1770 579 1799 nonnulli
611 1772 646 1801 in

74 1817 200 1845 Drance
222 1816 426 1851 Ciceronem,
445 1821 481 1844 ut
505 1816 540 1844 in
564 1818 646 1846 Tur-

74 1872 117 1891 no
127 1863 173 1891 M.
188 1862 369 1891 Antoninum
384 1861 556 1900 quaesivere
566 1872 574 1896 ;
586 1863 646 1890 Ur·

75 1908 163 1937 sinus
183 1908 217 1936 in
236 1909 360 1937 Drance
384 1906 643 1947 Polydamantem

76 1952 164 1983 Iliad.
183 1964 206 1995 μ
218 1975 226 1989 ,
244 1964 309 1983 210
326 1964 394 1993 sqq.
412 1952 643 1989 Macrobiusv‚

78 2009 95 2028 2
128 1999 288 2029 Achillem
308 2009 315 2030 :
345 2006 516 2038 utrumque
551 1999 645 2028 nimis

76 2043 199 2075 sedulo.
221 2047 349 2075 Diceret
373 2044 483 2074 saltem
504 2044 642 2084 aliquid,

77 2091 134 2130 qui
155 2090 318 2121 Thersiten
343 2102 383 2120 ex
408 2090 497 2121 Iliad.
524 2088 560 2128 β,
579 2101 642 2120 212

77 2146 145 2175 sqq.
163 2143 234 2166 ante
253 2137 365 2167 oculos
391 2137 487 2166 fuisse
515 2143 646 2166 conten-

77 2180 182 2220 deret,
191 2181 246 2213 sed
257 2182 455 2225 turpitudine
465 2189 497 2214 et
505 2183 626 2224 probro
635 2204 644 2220 ,

698 957 762 986 quo
776 945 821 976 ibi
834 945 960 987 flagrat,
974 946 1155 976 liberatum.
1167 946 1268 976 Etiam

696 994 722 1021 is
747 991 883 1032 ἔχθιστος
898 984 1028 1032 Ᾱχιλῆι,
1047 998 1082 1021 ut
1097 991 1150 1021 hic
1169 991 1271 1033 infen-

696 1049 746 1067 sus
755 1050 767 1073 ;
778 1038 889 1079 lingua
902 1038 1024 1073 melior,
1039 1038 1163 1072 fortior,
1174 1048 1269 1077 quam

695 1094 802 1114 manu.
827 1086 871 1114 At
889 1085 998 1125 largus
1016 1094 1110 1123 opum
1132 1084 1271 1114 alienum

700 1129 739 1158 ab
759 1129 819 1159 hoc
838 1130 910 1160 loco
934 1129 1034 1159 videri
1059 1136 1182 1169 potest,
1204 1130 1270 1159 sive

700 1175 787 1204 dives
803 1176 842 1204 sit
851 1198 860 1212 ,
872 1177 938 1205 sive
950 1175 1099 1205 liberalis.
1111 1177 1150 1204 In
1166 1175 1270 1205 verbis

700 1222 823 1257 Turni,
839 1221 957 1261 quibus
972 1221 1143 1261 respondet
1153 1243 1162 1258 ,
1177 1228 1224 1251 est
1238 1232 1267 1251 v.

703 1267 767 1303 378
798 1268 954 1308 Largam.
984 1267 1076 1306 copia
1092 1266 1206 1307 sandi.
1222 1283 1269 1289 ———-

704 1313 780 1342 338.
798 1312 932 1353 Lingnae
955 1312 1068 1342 melior
1088 1312 1200 1352 legisse
1222 1313 1268 1340 vi-

702 1357 770 1387 deri
784 1365 889 1398 potest
907 1359 1034 1389 Servius
1052 1367 1059 1388 :
1075 1368 1148 1387 nam
1161 1356 1268 1386 lauda-

700 1410 752 1432 tur
777 1404 817 1433 ab
841 1415 878 1434 eo
905 1415 973 1434 non
1003 1403 1100 1433 modo
1129 1413 1174 1434 vs,
1202 1409 1266 1439 441

700 1448 756 1480 lib.
772 1451 785 1478 1
802 1450 981 1480 loetissimus
991 1450 1117 1485 umbra,
1134 1449 1191 1478 uhi
1205 1459 1270 1478 um-

700 1495 763 1524 brae
795 1506 867 1524 eum
891 1496 1001 1536 legisse
1024 1495 1190 1535 probabile
1209 1493 1267 1531 fit;

702 1541 757 1569 sed
770 1547 801 1570 et
815 1541 954 1570 Sallustii
968 1543 1000 1570 ΙΙ
1016 1540 1270 1582 Hist.fi‘uccuum

694 1586 870 1626 pabulique
889 1587 980 1616 laeeus
995 1597 1084 1627 ager.
1101 1588 1208 1626 Atque
1224 1587 1269 1615 sic

700 1632 886 1662 emendabat
906 1643 1035 1672 quoque
1060 1631 1270 1662 Marklandus

699 1679 733 1707 iu
750 1678 888 1719 Epistola
909 1680 1017 1708 critica
1038 1688 1109 1719 pag.
1138 1688 1196 1707 121
1212 1700 1221 1715 ,
1240 1685 1271 1706 et

700 1724 937 1764 Cuninghamus
971 1724 1038 1754 Silii
1067 1724 1168 1753 simile
1204 1723 1270 1752 dic-

700 1776 766 1798 tum
786 1780 794 1799 2
811 1769 882 1810 faci
901 1769 1015 1799 melior
1037 1769 1094 1799 lib.
1116 1771 1165 1806 V,
1188 1769 1270 1805 333,

699 1815 842 1845 advocat.
861 1832 907 1837 —
930 1817 994 1850 340
1007 1836 1015 1851 ‚
1038 1815 1115 1849 341.
1143 1817 1271 1844 Poetam

698 1861 759 1889 hoc
775 1860 816 1890 ad
829 1867 976 1889 ornatum
995 1861 1190 1900 excogitasse
1201 1870 1272 1900 pro-

698 1906 802 1935 babile
817 1913 872 1936 est.
887 1906 992 1936 Julius
1006 1912 1109 1935 tamen
1123 1906 1270 1943 Sabinus,

699 1952 805 1981 nescio
816 1951 900 1981 unde
910 1974 918 1987 ,
932 1951 1000 1981 haec
1016 1953 1180 1981 annotavit
1190 1960 1198 1981 z
1210 1965 1225 1976 α
1235 1950 1272 1980 fl-

698 1998 758 2027 lius
768 1999 885 2027 sororis
895 1998 1007 2034 Latini,
1018 2004 1106 2037 patre
1119 1997 1271 2027 rusticum

748 2045 824 2079 342.
852 2045 988 2079 Onerat,
1011 2042 1104 2073 docte
1131 2053 1190 2083 pro
1220 2053 1271 2072 au-

699 2096 751 2130 get
762 2112 769 2126 ‚
788 2089 967 2119 accumulat
981 2088 1053 2119 odia
1069 2090 1103 2118 in
1125 2099 1210 2119 eum.
1223 2105 1271 2112 -·——

702 2136 778 2171 345.
801 2135 1027 2176 Qm'dfhrtuna
1039 2141 1130 2175 petat
1148 2134 1268 2165 Medic.

700 2181 785 2213 Gud.
809 2192 825 2212 a
843 2192 885 2212 m.
902 2191 962 2213 sec.
983 2187 1014 2211 et
1032 2181 1126 2212 multi
1144 2181 1197 2212 alii
1220 2191 1270 2222 ap.
