1414 2435
600 61 721 90 Ltssm
746 62 787 89 x.
1251 68 1290 97 79

94 117 313 162 Murmura,
327 124 509 152 venturos
526 116 651 152 nautis
667 115 868 165 prodentia
884 125 1027 153 ventos.

94 178 191 212 Tum
210 179 321 212 Pater
340 175 596 224 omnipotens,
618 188 746 212 rerum
767 175 828 212 cui
847 189 990 212 summa
1012 183 1195 224 potestas,
1239 191 1285 207 100

94 235 192 271 Infit.
212 237 266 271 Eo
288 234 454 280 dicente,
474 234 587 271 deum
608 234 741 271 domus
758 235 832 271 alta
848 235 1003 280 silescit,

95 295 142 329 Et
160 293 378 330 tremefacta
397 293 477 329 solo
496 293 622 339 tellus;
642 294 725 331 silet
745 293 886 330 arduus
906 294 1041 339 aether3

93 355 191 389 Tum
211 353 377 402 Zephyri
397 365 577 402 posuere3
598 354 735 403 premit
755 354 902 403 placida
921 367 1073 403 aequora
1092 363 1241 403 pontus.

95 428 111 444 «
127 411 304 461 Adcipite
324 425 415 461 ergo
435 412 584 458 animis,
604 421 716 462 atque
732 413 813 450 haec
832 426 914 450 mea
934 413 1034 463 figite
1054 413 1164 450 dicta.

93 558 157 587 set,
172 558 306 591 gemunt
321 550 455 580 malebat
471 560 478 580 :
494 558 525 580 et
536 562 664 592 gemere

92 598 203 636 utique
220 596 374 626 dicuntur
394 603 425 626 et
448 596 534 626 silvae
556 597 664 627 ventis

93 649 124 671 et
147 643 208 682 ipsi
228 642 332 672 venei.
350 660 397 665 -—-
412 645 587 682 Deprensa.
611 645 663 672 In-

92 694 230 728 tercepta
241 711 250 725 ,
264 688 413 729 impedita
422 711 430 725 ‚
444 689 582 725 inclusa3
594 699 665 729 pro-

91 734 160 773 prie
178 734 352 775 deprensus
376 734 489 773 aliquis
508 741 554 764 est
566 745 606 763 ex
619 736 666 763 in-

91 787 236 819 sperato;
251 787 288 809 ut
309 779 348 808 de
366 779 501 808 navibus
519 781 576 809 Ge.
598 781 643 809 IV
655 803 662 817 ‚

94 831 156 860 421
171 847 178 860 ‚
201 832 232 854 et
247 825 286 854 de
301 825 383 856 Caco
395 826 476 854 VIII
494 827 564 855 AEn.
585 826 664 863 248,

93 876 159 910 249
171 893 179 908 ,
198 877 267 901 tum
289 871 475 911 simpliciter
486 893 495 907 ‚
510 879 546 900 ut
566 870 599 902 h.
619 871 640 902 l.
653 895 661 909 ‚

91 927 261 957 oppressus
272 939 280 954 ,
296 918 451 948 inclusus.
466 917 661 947 Illustratum

90 962 285 992 vocabulum
298 974 314 993 a
327 963 446 993 multis.
459 981 503 985 —
517 973 591 993 100.
610 965 665 993 Re-

92 1019 160 1037 rum
173 1008 226 1038 cui
237 1020 361 1038 summa
368 1016 512 1048 potestas
521 1020 532 1038 :
543 1003 576 1039 οὗ
592 1007 664 1051 κραί-

92 1063 141 1087 τος
165 1051 228 1084 ἐστὶ
249 1053 394 1098 μέγιστον
411 1055 501 1085 Iliad.
517 1053 555 1092 β,
581 1056 662 1091 1183

92 1099 207 1139 Odyss.
227 1110 256 1136 ε,
273 1106 304 1136 4.
320 1100 508 1140 Splendidos
521 1100 580 1129 hos
595 1111 664 1129 ver-

92 1156 145 1174 sus
157 1145 291 1186 quilibet
305 1146 394 1175 facile
409 1145 588 1175 mirabitur.
600 1147 663 1174 Pri-

92 1201 157 1220 mas
167 1213 175 1227 ‚
193 1191 246 1221 sed
260 1191 410 1221 obscuras
419 1213 428 1228 ,
441 1191 540 1220 lineas
552 1191 586 1220 in
599 1191 663 1220 En-

92 1238 195 1267 nianis
213 1237 356 1267 versibus
375 1247 416 1265 ex
432 1237 579 1276 Scipione
598 1246 662 1265 ser-

92 1284 178 1313 vavit
205 1282 350 1313 Macrob.
373 1284 420 1312 VI
457 1284 582 1312 Saturn.
622 1292 640 1311 2
655 1292 664 1317 ;

93 1329 227 1358 mundns
246 1328 320 1358 coeli
337 1335 450 1358 vastus
469 1326 611 1357 constitit
626 1327 664 1356 si-

91 1375 207 1409 lencio,
236 1377 280 1404 Ec
302 1374 468 1414 Νερτιιηιις
491 1383 588 1402 soevns
606 1383 661 1401 nn-

90 1420 138 1450 dt's
164 1421 283 1461 asperis
304 1430 446 1460 pausam
473 1419 562 1448 dedic
570 1430 582 1455 ,·
606 1419 662 1448 Sol

90 1466 178 1507 equis
203 1467 263 1496 iter
281 1465 427 1506 repressit
448 1465 575 1506 ungulis
598 1475 659 1494 vo-

89 1512 228 1554 lantibus
236 1525 250 1549 ,·
270 1511 442 1542 Constitere
461 1521 573 1540 amnes
583 1520 658 1550 per-

90 1569 204 1595 ennes,
230 1558 358 1588 arbores
390 1564 491 1588 vento
524 1564 659 1587 vacant.

89 1604 181 1634 Adde
204 1605 319 1636 Catull.
342 1604 480 1645 Epithal.
503 1609 570 1639 204
591 1613 659 1643 sqq.

87 1667 134 1672 —-
160 1660 233 1681 101.
257 1650 348 1691 Infit,
376 1661 439 1690 qno
460 1649 582 1679 dicente
600 1649 659 1679 Ed.

87 1698 168 1726 Ven.
181 1718 189 1732 ‚
225 1706 284 1726 nec
311 1695 401 1725 male.
432 1697 554 1725 Domus
587 1695 657 1724 alca

85 1741 202 1782 quievit
214 1743 234 1772 J
239 1742 282 1771 ul.
297 1741 430 1771 Sabinus
444 1741 554 1781 legisse
568 1740 655 1770 vide-

87 1795 155 1826 tur3
183 1795 214 1818 et
231 1786 365 1828 quiescit
381 1797 429 1827 pr.
447 1786 563 1816 Hamb.
579 1797 597 1815 a
612 1796 654 1816 m.

84 1845 164 1871 sec.‚
186 1835 308 1864 scilicet
328 1844 368 1863 ne
394 1831 511 1862 silescit
530 1838 562 1861 et
581 1831 654 1860 silet

85 1881 238 1910 continuo
253 1891 285 1909 se
299 1880 459 1919 excipiant
472 1888 479 1908 :
496 1877 583 1918 quod
595 1887 652 1917 per

83 1937 116 1956 se
137 1937 205 1957 non
232 1926 312 1956 male
334 1924 441 1961 fieret,
465 1923 561 1954 modo
584 1934 651 1952 non

83 1973 238 2002 sententia
258 1972 469 2010 interjiciatur
487 1979 494 2000 :
511 1977 543 1999 et
559 1969 651 1999 tellus

83 2018 271 2060 tremefacta
295 2025 342 2048 est
367 2017 456 2053 solo;
472 2015 552 2046 forte
576 2025 650 2055 ergo

84 2065 291 2104 repetendum
313 2065 406 2094 etiam
433 2064 468 2092 in
495 2063 555 2092 illis
577 2071 585 2092 ε
608 2063 652 2091 Ec

85 2110 272 2151 tremefacta
302 2110 368 2140 solo
401 2109 495 2139 tellus
524 2108 648 2138 silescit.

84 2171 130 2179 —-
147 2166 219 2188 102.
249 2157 325 2187 Salo
351 2155 448 2187 Goth.
475 2161 545 2186 tert.
572 2164 650 2184 sono

717 554 866 582 Passerat.
895 552 981 592 apud
1007 553 1114 582 Burm.
1141 552 1279 592 suspica-

717 604 768 627 tur
780 609 787 634 ;
803 605 833 627 et
845 598 888 626 sic
902 608 950 637 pr.
962 598 1075 628 Hamb.
1092 608 1108 627 a
1121 608 1204 627 man.
1222 608 1283 627 see.

717 650 754 672 ut
767 645 807 672 sit
820 653 897 672 sono
912 642 1001 672 vocis
1013 654 1024 678 ;
1038 653 1213 683 perperam.
1231 644 1286 672 Est

718 691 802 718 enim
815 689 958 729 poeticus
972 695 1120 724 ornatus;
1135 694 1171 717 ut
1186 689 1286 717 solum

719 742 810 764 terrae
821 756 829 767 ‚
849 734 949 763 solnm
970 733 1107 770 telluris,
1124 734 1216 774 jungi
1237 744 1288 763 so-

718 780 780 817 let;
797 780 946 820 quoniam
963 780 1064 809 solum
1075 802 1083 814 ‚
1101 775 1197 813 ὀὖδας
1208 802 1216 815 ,
1231 790 1287 819 per

717 836 750 855 se
771 827 935 855 notionem
953 826 1050 855 habet
1071 825 1285 862 fundamenti,

717 871 805 911 quod
820 871 999 910 subjectum
1015 878 1061 901 est
1074 881 1082 902 ε
1101 873 1145 901 sic
1161 882 1286 911 quoque

717 918 808 947 tellus
832 919 1074 947 contremiscere
1098 917 1161 947 dici
1183 918 1289 957 potuit

717 964 803 1000 solo,
826 964 1010 1004 simpliciter
1020 986 1028 1001 ‚
1053 963 1142 993 nulla
1157 963 1215 992 alia
1231 973 1289 993 no-

717 1010 805 1039 tione
829 1010 986 1048 adjuncta.
1013 1026 1060 1032 —-
1087 1011 1115 1039 T
1113 1008 1288 1050 remesacea

717 1056 784 1084 solo
800 1056 893 1085 tellus
903 1067 915 1091 ‚·
932 1055 1090 1093 adjectum
1112 1055 1178 1084 solo
1198 1065 1287 1094 spec-

717 1107 762 1130 tat
786 1100 826 1130 ad
845 1100 1009 1141 paeicum
1035 1107 1202 1136 ornatum3
1227 1110 1288 1140 pro

717 1146 858 1186 vulgari,
884 1147 987 1175 solum
1015 1146 1136 1175 telluris
1147 1168 1156 1181 ‚
1184 1145 1287 1175 solum

717 1196 818 1221 terrae.
837 1208 884 1214 —-
904 1192 978 1222 103.
1003 1191 1144 1231 Zephyri
1152 1201 1288 1231 posuere

715 1247 766 1272 se,
789 1237 937 1276 quievere
949 1259 957 1273 ,
975 1236 1015 1266 ef.
1030 1239 1112 1273 VII,
1136 1248 1188 1275 27.
1212 1239 1287 1266 Pre-

717 1281 775 1311 mit
788 1289 905 1321 pontus
921 1292 1052 1322 aequora
1080 1293 1091 1311 .·
1115 1283 1266 1312 sternitur
1277 1305 1286 1319 ,

716 1328 941 1368 tranquillatur
960 1337 1055 1358 mare.
1079 1330 1221 1358 Ductum
1244 1338 1286 1358 ex

715 1384 752 1403 eo
769 1384 857 1403 more
875 1373 1028 1413 loquendi
1039 1396 1048 1410 ‚
1067 1384 1131 1414 quo
1154 1384 1286 1414 aequora

707 1419 804 1459 ponci
825 1419 995 1456 dicuntur,
1028 1426 1059 1449 et
1070 1442 1079 1456 ‚
1107 1420 1195 1460 quod
1215 1430 1284 1459 pre-

715 1476 800 1495 mere
825 1477 876 1501 se,
907 1467 1114 1505 comprimere
1139 1477 1189 1503 se,
1219 1465 1283 1495 dici

712 1518 832 1551 potest3
846 1511 908 1541 nisi
921 1521 1051 1551 aeqztora
1066 1513 1206 1552 accipere
1219 1521 1281 1541 ma-

712 1557 751 1587 lis
766 1568 825 1598 pro
848 1557 1002 1600 fluctibns
1029 1557 1125 1588 dicta.
1138 1575 1186 1581 --
1205 1563 1278 1593 ¹04·

715 1617 731 1629 «
745 1606 845 1633 Totus
862 1603 914 1632 hic
934 1603 1025 1633 locus
1040 1603 1078 1633 de
1093 1605 1197 1643 primo
1221 1606 1283 1633 Lu-

715 1649 780 1679 cilii
797 1649 964 1679 translatus
980 1656 1025 1678 est
1038 1649 1122 1680 libro
1133 1672 1141 1686 ,
1161 1650 1217 1679 nbi
1232 1650 1283 1679 in-

715 1694 879 1725 ducuntur
895 1694 939 1724 dij
956 1695 1071 1725 habere
1091 1696 1262 1725 concilium
1273 1718 1282 1731 ‚

709 1747 739 1769 et
757 1752 847 1781 agere
869 1741 972 1780 primo
993 1740 1031 1770 de
1049 1742 1180 1770 interitu
1200 1742 1281 1781 Lupi

709 1803 755 1808 —-
785 1793 893 1826 postea
925 1787 1106 1827 sententias*
1132 1786 1246 1817 dicere.
1265 1800 1280 1812 n

708 1834 794 1862 Serv.
815 1831 963 1871 Sequitur
981 1833 1071 1861 Jovis
1089 1831 1252 1862 decretum
1270 1855 1278 1869 ‚

704 1895 750 1899 —-
777 1877 953 1911 104—113
973 1886 980 1907 :
1010 1879 1113 1916 Quam
1143 1885 1277 1918 utraque

704 1934 775 1963 pars
792 1922 952 1953 fortunam
968 1922 1062 1952 hodie
1076 1925 1275 1964 experietur,

703 1978 797 2009 quam
831 1979 918 2008 spem
947 1979 1132 2009 magnarum
1169 1980 1275 1999 rerum

704 2015 926 2055 praedictarum
940 2037 948 2052 ,
969 2022 1000 2045 et
1021 2022 1274 2056 exspectatarum

704 2061 845 2090 alterutri
861 2061 920 2090 sibi
935 2061 1109 2102 praecident
1125 2060 1207 2102 (qua
1220 2072 1274 2102 spe

704 2106 885 2147 excident),
900 2117 957 2137 seu
971 2108 1104 2146 Trojani
1117 2130 1125 2144 ‚
1138 2118 1194 2137 seu
1208 2110 1275 2138 Ru-

703 2153 781 2191 tuli,
796 2154 888 2191 juxta
904 2160 934 2184 et
950 2153 1062 2184 eodem
1085 2153 1159 2184 loeo
1177 2153 1274 2184 habe-
