1414 2435
200 125 254 136 ιιι
259 122 1402 136 xzsmzsszmsmsxummswmmmsmmtssmntmm

523 270 1076 340 EXCURSUS

573 420 657 463 AD
691 419 929 462 LIBRUM
963 422 1021 464 X.

445 545 643 594 Auxilia
664 548 833 591 AEneae
857 562 920 590 esc
945 548 1151 591 Etruria.

246 670 316 699 Lm.
333 670 365 698 X
376 689 384 705 ‚
409 666 472 696 166
486 676 555 707 sqq.
570 667 645 696 Non
663 675 774 695 omnes
790 664 905 694 veteris
925 665 1063 695 Etruriae
1080 666 1222 696 civitates
1237 669 1406 698 memorari

203 733 219 751 a
236 729 330 762 poeta
341 744 350 758 ,
369 731 469 760 quum
486 717 594 760 copias
613 718 688 748 inde
706 718 858 749 adductas
877 726 1022 749 recenset
1033 741 1041 756 ,
1055 720 1262 750 manifestum
1280 729 1337 752 est.
1356 723 1407 752 Ex

202 778 240 806 iis
268 786 397 816 quoqne
407 797 416 811 ‚
446 774 619 804 duodecim
650 785 785 804 numero
796 797 804 811 ‚
840 774 1024 804 civitatibus
1035 798 1043 812 ‚
1075 785 1146 816 quae
1176 775 1408 816 rempublicam

202 833 410 862 Etruscorum
423 828 677 865 constituebant,
696 828 837 857 Clusium
851 836 882 858 et
895 829 984 858 Caere
999 837 1123 860 tantum
1136 832 1268 861 nomine
1281 832 1389 872 posuit
1398 855 1407 869 ‚

203 887 340 927 reliquas
351 884 514 925 praeteriit.
528 882 651 912 Habuit
662 883 761 923 igitur
776 881 951 912 dilectum?
969 894 1008 913 an
1024 891 1142 915 temere
1155 887 1322 926 apposuit,
1339 897 1410 927 quae

202 943 239 971 in
257 947 395 970 mentem
408 937 601 968 veniebant?
618 938 650 968 Si
666 944 812 968 nostrum
821 937 993 978 Virgilium
1015 937 1097 968 bene
1114 941 1208 977 novi,
1221 939 1335 970 habuit
1356 941 1411 973 ille

203 994 288 1024 haud
304 994 400 1024 dubie
411 1017 419 1032 ‚
436 992 524 1034 quod
539 1002 612 1022 cum
625 992 763 1031 judicio,
785 999 816 1022 et
830 994 945 1022 veteris
960 995 1123 1024 memoria:
1140 1002 1287 1036 respectu
1301 998 1336 1026 in
1347 996 1409 1027 hoc

204 1049 278 1079 loco
293 1054 483 1090 sequeretur
495 1056 502 1077 :
513 1048 548 1077 in
564 1047 631 1076 aliis
646 1045 775 1087 quidem
786 1068 795 1084 ‚
809 1046 898 1087 quod
912 1057 956 1077 eae
972 1048 1137 1078 maritimae
1151 1049 1250 1080 urbes
1263 1057 1363 1088 erant,
1379 1057 1412 1081 et

206 1106 335 1134 navium
353 1104 477 1145 copiam
486 1101 688 1143 suppeditare
703 1109 870 1142 poterant,
885 1102 919 1131 in
933 1102 1001 1132 aliis
1016 1104 1189 1134 amicitiam
1205 1115 1280 1135 cum
1292 1107 1409 1136 Roma-

207 1160 270 1196 nis,
280 1161 314 1189 in
328 1159 394 1188 aliis
410 1158 532 1188 fabulas
546 1158 675 1198 priscas,
686 1164 723 1187 ut
735 1158 770 1187 in
783 1158 928 1187 Mantua.
949 1157 1037 1187 Caere
1051 1158 1181 1199 quidem
1197 1169 1322 1190 summo
1337 1171 1410 1192 cum

207 1214 328 1244 dilectu
342 1215 447 1255 primo
461 1213 534 1244 loco
547 1214 666 1254 posuit,
678 1213 831 1254 quoniam
841 1213 1039 1243 Mezentium
1056 1224 1161 1258 regem
1177 1213 1306 1255 pulsum
1323 1213 1410 1246 hello

206 1270 352 1310 persequi
371 1269 553 1299 decreverat
575 1279 609 1297 ea
631 1268 758 1305 civitas,
780 1269 888 1299 castris
912 1269 946 1298 in
965 1269 1148 1310 propinquo
1163 1269 1253 1300 urbis
1278 1270 1409 1311 positis,

205 1324 322 1365 quibus
347 1326 460 1355 AEneas
475 1330 628 1365 exceptus
643 1330 758 1353 cuncta
775 1325 880 1354 statim
897 1324 936 1353 ad
953 1324 1181 1365 profectionem
1199 1332 1307 1366 parata
1326 1336 1412 1367 repe-

206 1379 248 1407 rit
266 1376 360 1419 (sup.
383 1379 462 1408 VIII
474 1401 482 1415 ,
502 1377 702 1418 478-494‚
729 1377 795 1408 603
812 1377 882 1420 sq.)
899 1388 907 1409 ε
924 1378 1013 1420 quod
1037 1379 1100 1408 nisi
1124 1386 1306 1420 opportune
1331 1380 1411 1409 acci-

207 1431 320 1469 disset,
335 1431 375 1462 ad
399 1431 552 1473 parandas
572 1432 678 1472 copias
693 1442 782 1461 mora
801 1432 879 1462 facta
895 1439 992 1470 esset,
1013 1443 1084 1473 quae
1100 1440 1203 1474 poetae
1223 1440 1322 1463 totam
1338 1443 1411 1463 nar-

208 1487 362 1516 rationem
389 1486 614 1528 perturbasset.
638 1487 765 1517 Mature
792 1495 897 1518 autem
925 1498 998 1518 cum
1024 1489 1176 1519 Romanis
1202 1489 1357 1520 Caeretani
1378 1489 1412 1518 in

207 1541 375 1570 amicitiam
391 1548 422 1570 et
436 1542 616 1572 societatem
630 1551 745 1571 venere
756 1563 764 1577 ‚
783 1542 879 1571 sacris
894 1544 1115 1573 Romanorum
1128 1550 1159 1573 et
1172 1541 1390 1573 sacerdotibus
1401 1565 1410 1579 ‚

207 1606 308 1636 quum
323 1596 406 1626 Galli
427 1597 644 1632 advenissent,
663 1597 807 1636 receptis.
827 1595 892 1625 vid.
908 1597 976 1626 Liv.
991 1597 1033 1632 V,
1051 1602 1105 1633 4ο,
1121 1597 1175 1627 50.
1194 1598 1231 1626 In
1249 1597 1408 1627 civitatem

208 1661 337 1692 quoque
359 1650 510 1692 adscripti
529 1657 624 1687 sunt,
643 1650 700 1679 etsi
721 1651 787 1679 sine
810 1650 971 1691 suffragio.
989 1650 1160 1681 Caeretauis
1181 1651 1331 1681 societate
1355 1651 1409 1682 ad-

204 1705 315 1743 junxit
339 1711 431 1745 poeta
451 1705 592 1734 civitates
610 1703 683 1733 loco
700 1704 837 1740 vicinas,
854 1704 1020 1745 plerasque
1039 1703 1197 1734 literalem
1212 1705 1349 1736 Etruria!
1363 1716 1413 1736 re·

209 1762 334 1802 gionem
349 1759 533 1797 incolentes,
547 1770 620 1790 nam
633 1759 818 1800 longinquis
829 1758 909 1789 locis
923 1760 1030 1800 copias
1043 1770 1199 1790 arcessere
1214 1770 1281 1790 non
1294 1761 1414 1802 potuit;

211 1815 312 1855 potuit
327 1815 400 1845 alias
416 1825 544 1856 quoque
558 1815 696 1844 rationes
708 1820 848 1854 spectare
859 1836 867 1850 ‚
884 1825 961 1855 quas
981 1815 1015 1845 in
1036 1816 1130 1846 tantis
1151 1814 1292 1846 liistoriae
1305 1817 1414 1847 Etrus-

209 1879 319 1899 corum
342 1869 480 1901 tenebris
503 1881 590 1900 nunc
615 1871 807 1910 ignoramus.
823 1869 909 1900 Illud
933 1876 1039 1901 tamen
1061 1870 1110 1901 vel
1134 1871 1272 1902 maxime
1291 1871 1412 1908 miror,

210 1924 297 1965 quod
321 1926 407 1955 nulla
434 1925 596 1960 Corconoe,
616 1936 672 1955 seu
692 1924 820 1964 Corythi
837 1926 961 1963 veteris,
989 1926 1110 1956 mentio
1125 1925 1205 1956 facta
1223 1931 1289 1962 est,
1308 1937 1410 1968 quum

212 1980 285 2010 iude
300 1982 454 2022 originem
470 1980 593 2010 trahere
607 1979 711 2010 dictus
727 1987 806 2010 esset
819 1980 1001 2017 Dardanus,
1021 1975 1078 2010 etsi
1092 1981 1200 2010 Acron
1216 1980 1290 2011 inde
1303 1982 1412 2011 oriun-

211 2035 339 2065 dusius.
361 2037 388 2065 K
401 2058 409 2071 ,
430 2046 445 2073 7
458 2045 495 2074 19
515 2041 717 2065 memoratur.
733 2034 793 2065 Sed
811 2035 837 2064 si
857 2042 940 2065 recte
955 2034 1109 2078 conjicio,
1128 2044 1201 2063 cum
1220 2035 1336 2076 Agylla
1354 2045 1411 2064 seu

214 2089 299 2118 Caere
322 2096 410 2118 vetus
430 2088 631 2130 Pelasgorum
656 2088 733 2118 urbs
751 2095 846 2125 esset,
871 2090 905 2118 in
922 2089 1103 2118 societatem
1126 2087 1292 2129 adscripsit
1317 2095 1412 2129 poeta

212 2142 287 2171 alias
302 2143 461 2178 civitates,
476 2153 554 2182 quas
578 2142 694 2184 Pelasgi
718 2142 908 2172 inhabitasse
930 2141 1005 2171 dicti
1032 2148 1117 2172 sunt.
1143 2142 1280 2183 Dionys.
1295 2142 1325 2178 1,
1348 2152 1410 2178 20,

214 2196 269 2234 qui
284 2195 429 2225 classicus
445 2197 535 2225 locus
553 2203 598 2225 est
610 2219 618 2232 ‚
636 2197 748 2226 multas
762 2207 814 2225 eos
827 2194 922 2225 urbes
936 2195 1049 2235 partim
1065 2195 1178 2225 Siculis
1191 2202 1331 2236 ereptas,
1345 2205 1414 2236 par-

217 2249 269 2276 ιίιιι
289 2260 303 2277 :1
324 2260 353 2278 scr·
371 2256 564 2284 exstructas,
586 2250 740 2280 habitasse
758 2250 801 2279 ait
823 2250 1036 2281 communiter
1062 2259 1135 2279 cum
1159 2248 1414 2291 Aboriginibu93
