1414 2435
587 68 712 98 LIBER
736 68 812 97 XII.

1240 70 1303 107 287

98 131 148 168 Ni
168 129 256 180 fuga
276 126 446 166 subsidio
465 125 600 165 subeat
621 141 629 162 ε
653 125 751 175 fugit
771 124 878 161 ocior
898 127 1021 172 Euro,

102 193 155 228 Ut
174 191 350 241 capulum
369 188 542 239 ignotum
561 187 811 237 dextramque
830 187 1005 236 adspexit
1024 185 1219 224 inermem.

102 255 217 288 Fama
234 259 307 297 est,
327 249 583 300 praecipitem,
604 261 722 298 quum
742 248 866 299 prima
884 249 924 284 in
943 248 1074 299 praelia
1088 248 1241 299 junctos
1259 255 1308 288 73⁵

104 309 388 348 Conscendebat
408 323 548 360 equos,
569 308 695 359 patrio
712 321 895 345 mucrone
916 309 1072 355 relicto,

101 372 203 407 Dum
222 369 406 420 trepidat,
428 370 571 406 ferrum
592 369 735 418 aurigae
754 369 927 419 rapuisse
947 368 1116 414 Metisci3

103 430 224 480 quue
243 430 326 478 diu,
347 430 438 466 dum
455 439 562 479 terga
581 429 724 466 dabant
744 429 912 479 palantia
930 429 1089 475 Teucri,

104 490 282 535 Suffecit3
303 498 506 539 postquam
528 501 633 525 arma
653 489 716 525 dei
737 489 785 524 ad
803 488 988 525 Volcania
1004 494 1177 534 ventum,

102 550 277 587 Mortalis
296 562 449 596 mucre,
468 549 606 600 glacies
625 562 695 585 ceu
717 548 854 594 futilis,
874 549 954 585 ictu
1263 557 1310 588 740

103 611 295 658 Dissiluit3
315 611 419 648 fulva
437 610 682 661 resplendent
700 608 887 659 fragmina
904 620 1031 646 arena.

105 675 206 723 Ergo
226 684 353 709 amens
371 672 522 709 diversa
541 671 630 721 fuga
650 671 745 720 petit
766 683 921 721 aequora
939 672 1110 715 Turnus,

105 735 152 769 Et
170 746 271 770 nunc
291 732 385 780 huc,
406 732 494 769 inde
514 732 590 769 huc
607 732 772 769 incertos
790 732 947 780 inplicat
965 728 1082 766 orbis.

106 792 286 842 Undique
305 792 405 829 enirn
425 792 541 828 densa
559 792 698 829 Teucri
716 791 903 829 inclusere
919 801 1077 836 corona;

106 856 232 902 Atque
253 852 342 888 hinc
361 861 467 889 vasta
486 852 612 902 palus,
634 852 724 890 hinc
744 852 864 890 ardua
885 850 1021 890 moenia
1039 851 1205 901 cingunt.
1264 859 1312 892 74⁵

108 999 170 1028 sibi
191 998 412 1028 consuluisset.
433 998 479 1028 Ni
484 997 573 1039 fitga
590 997 685 1027 subsi-

111 1045 164 1074 dio
197 1044 321 1080 subeat,
337 1051 443 1084 potest
464 1044 584 1084 duplici
616 1054 685 1074 mo-

112 1090 154 1120 do
185 1089 330 1130 expediri
357 1099 365 1119 z
404 1096 458 1119 aut
471 1112 480 1126 ,
501 1097 539 1119 ut
571 1091 685 1130 jungas

113 1135 250 1166 subsidio
260 1134 362 1164 subire
372 1157 380 1170 ,
397 1135 542 1165 subsidio
556 1137 666 1166 venire
676 1159 685 1174 ‚

113 1193 195 1219 esse3
211 1188 267 1212 aut
284 1182 346 1211 nisi
357 1204 365 1219 ‚
385 1181 419 1211 id
438 1181 526 1222 quod
545 1183 664 1212 auxilio
675 1206 684 1221 ‚

111 1228 257 1265 subsidio,
272 1228 344 1266 fuit,
359 1228 440 1269 fugae
452 1229 601 1270 cogitatio
614 1229 685 1259 sub-

112 1277 198 1306 iisset
213 1276 281 1314 ejus
305 1276 421 1305 animo.
445 1275 602 1316 Capulum
615 1286 686 1305 mu-

111 1322 204 1353 tilum
216 1321 325 1363 (κολὲν
342 1318 416 1364 δόρυ
432 1321 521 1353 Iliad.
536 1333 561 1352 τ.-
572 1344 580 1359 ,
604 1333 617 1352 1
628 1333 640 1351 1
650 1322 683 1364 7)

113 1368 252 1410 ignotum
263 1368 362 1405 dixit,
372 1369 523 1408 quoniam
534 1369 685 1406 alienum,

113 1425 180 1445 non
195 1425 288 1445 suum
301 1437 309 1452 ,
325 1414 380 1444 sed
404 1416 550 1452 Metisci,
568 1423 605 1445 ut
625 1422 685 1445 sta-

112 1463 170 1491 tim
185 1463 320 1502 exponit
332 1461 478 1491 disertius
492 1468 594 1503 poeta.
607 1463 687 1493 Nam

112 1509 258 1538 cinxerat
270 1508 323 1538 ille
339 1507 467 1548 quidem
481 1531 490 1545 ,
507 1519 609 1548 quum
625 1509 690 1538 exi-

112 1561 161 1584 ret
174 1554 213 1584 ad
227 1565 364 1596 pugnam
378 1577 386 1590 ‚
400 1565 506 1583 ensem
520 1555 625 1588 Dauni
636 1565 687 1595 pa-

116 1602 171 1630 tris
189 1602 202 1642 (
217 1612 248 1631 v.
268 1612 338 1642 sup.
360 1600 423 1630 hoc
437 1601 495 1631 lib.
520 1601 562 1640 89
574 1623 582 1638 ,
604 1600 687 1642 9o);

116 1646 170 1676 sed
186 1657 281 1683 mox,
295 1657 333 1676 eo
349 1647 494 1687 deposito
505 1670 513 1685 ‚
531 1647 570 1677 ad
586 1647 688 1677 foedus

116 1692 184 1722 ibat
208 1694 242 1722 in
266 1692 366 1732 bigis,
386 1692 474 1722 Bina
497 1704 597 1723 manu
621 1694 688 1724 lato

115 1738 261 1778 crispans
278 1737 408 1768 hastilia
429 1738 515 1776 ferro
531 1751 626 1780 supra
642 1751 687 1771 vs,

122 1785 196 1815 165.

164 1831 242 1869 735.
265 1832 367 1870 Quum
382 1829 511 1870 prima;
529 1841 601 1870 sup.
623 1832 689 1867 324

117 1888 185 1918 sqq.
196 1895 243 1900 --
255 1888 270 1915 7
279 1878 332 1917 39.
344 1878 447 1906 Arma
457 1875 510 1906 dei
518 1876 564 1905 ad
573 1877 690 1907 Volca-

118 1924 176 1954 nia
188 1935 200 1954 .·
215 1931 369 1954 novatum
385 1923 478 1953 docte
489 1946 497 1960 ‚
511 1933 570 1963 pro
587 1923 625 1952 ad
642 1934 690 1953 ar-

119 1981 169 2000 ma
184 1970 234 2000 dei
247 1971 403 2007 Volcani,
418 1970 468 2000 vel
482 1980 566 1999 arma
583 1969 691 2000 divina

119 2017 266 2047 Volcani.
281 2034 328 2041 ·—
343 2023 419 2055 740.
447 2019 549 2047 Locus
582 2017 692 2046 similis

121 2064 162 2102 Q.
181 2063 307 2094 Calabri
321 2064 378 2094 lib.
398 2065 412 2093 I
424 2086 433 2101 ‚
462 2064 526 2099 545
547 2074 614 2103 sqq.
632 2065 690 2093 Be-

120 2118 161 2137 ne
176 2116 281 2140 antem
303 2121 390 2140 nunc
401 2133 409 2148 ,
429 2121 530 2151 quum
551 2110 588 2139 ad
604 2121 690 2140 sum-

121 2164 208 2184 mum
230 2155 397 2187 discrimen
412 2164 543 2187 ventum
559 2164 604 2187 est
617 2179 626 2194 ,
643 2167 689 2187 ar-

120 2210 245 2233 morum
261 2212 278 2231 a
293 2202 353 2233 deo
369 2211 552 2244 paratorum
570 2215 688 2235 memo-

740 999 786 1028 ria
809 997 989 1028 refricatur.
1015 997 1147 1032 Facilis,
1168 1007 1229 1037 pro
1247 997 1314 1026 vul-

739 1045 827 1085 gari,
843 1044 972 1084 fragilis.
996 1061 1042 1066 —-
1065 1049 1141 1081 741.
1161 1043 1314 1083 Resplen-

739 1091 794 1120 det
815 1090 972 1132 fragmen
1004 1092 1098 1121 Rom.
1132 1100 1206 1119 cum
1247 1089 1315 1118 aliis

740 1138 821 1167 Pier.
834 1159 843 1173 ‚
861 1143 927 1166 tum
943 1136 1060 1167 Medic.
1076 1147 1092 1166 a
1109 1147 1151 1167 m.
1167 1146 1227 1166 sec.
1246 1135 1313 1165 alii-

740 1194 802 1223 que
818 1185 929 1214 Heius.
947 1194 1022 1213 cum
1039 1183 1099 1214 Ed.
1116 1194 1165 1223 pr.
1181 1184 1290 1213 Burm.
1304 1204 1313 1219 ‚

740 1229 829 1269 quod
850 1230 964 1260 exilius
989 1237 1079 1260 esset.
1101 1230 1252 1259 Heinsius
1272 1235 1314 1258 ta-

740 1286 814 1306 men
832 1276 1042 1306 subtilitatem
1061 1282 1166 1317 captat
1185 1282 1216 1304 et
1229 1276 1314 1314 conj.

741 1323 945 1363 resplendent
945 1322 1117 1364 fragmem
1128 1329 1165 1352 ut
1177 1321 1314 1361 crepita-

742 1369 819 1398 bant
833 1369 960 1399 bractea
978 1369 1157 1399 excudehat
1169 1378 1241 1408 sup.
1250 1369 1312 1405 VI,

744 1426 821 1456 209.
841 1416 1046 1456 Respondent
1062 1415 1160 1445 Goth.
1178 1421 1250 1445 tert.
1267 1425 1317 1444 re-

741 1463 914 1503 splendunt
927 1463 1064 1493 Dorvill.
1078 1461 1263 1502 resplendet
1274 1461 1318 1490 lu-

742 1509 833 1538 mina
851 1509 975 1540 Zulich.
993 1509 1201 1550 resplendent
1217 1507 1318 1549 agmi-

743 1566 787 1585 na
803 1557 884 1586 Ven.
894 1573 941 1580 ·—
952 1558 991 1586 In
1004 1567 1090 1597 seqq.
1105 1561 1168 1594 742
1187 1554 1319 1594 vestigia

742 1609 818 1632 sunt
833 1602 915 1643 fugae
925 1605 1091 1633 Hectoreae
1104 1601 1194 1632 Iliad.
1205 1612 1237 1641 χ,
1253 1611 1266 1630 1
1275 1601 1317 1631 36

742 1659 811 1689 sqq.
838 1649 1005 1679 Certamen
1029 1649 1091 1679 hoc
1116 1655 1188 1678 ante
1207 1647 1318 1678 oculos

741 1695 884 1725 habuere
908 1707 925 1726 e
947 1695 1181 1726 recentioribus
1203 1694 1316 1729 multi,

742 1743 889 1781 inprimis
902 1744 1017 1772 Tassus
1032 1743 1067 1770 in
1081 1750 1188 1781 pugna
1199 1740 1318 1779 Argan-

743 1789 783 1817 tis
799 1794 830 1817 et
848 1787 1020 1817 Raimondi
1043 1787 1055 1827 (
1069 1785 1204 1815 Gierius.
1228 1785 1317 1815 liber.

744 1835 834 1864 Cant.
846 1835 910 1862 VII
921 1856 929 1870 ,
947 1840 984 1863 st.
1002 1833 1044 1862 80
1058 1843 1126 1872 sqq.
1137 1831 1161 1873 ).
1175 1849 1222 1855 —-
1240 1833 1317 1870 743.

747 1879 844 1908 Orbes
860 1890 891 1909 v.
909 1890 1003 1920 supra
1019 1890 1050 1909 v.
1069 1879 1146 1914 481.
1164 1878 1314 1919 Inplicac‚

745 1925 904 1966 eleganter
913 1937 972 1966 pro
981 1926 1072 1962 facit,
1084 1925 1239 1966 implicito
1250 1935 1319 1955 cur-

744 1983 793 2002 su.
803 1989 848 1994 ——·
861 1973 936 2010 745.
952 1975 1051 2001 Vasta
1060 1972 1175 2012 palus,
1188 1974 1318 2003 uonJu-

746 2025 849 2048 tuma:
860 2042 868 2056 ‚
883 2030 956 2049 nam
974 2021 999 2048 is
1014 2019 1149 2048 nimium
1162 2026 1317 2059 quantum

745 2065 871 2103 aberat,
898 2066 952 2096 sed
982 2065 1135 2095 colluvies
1163 2075 1317 2106 aquarum

744 2113 892 2153 agrestis;
909 2120 945 2142 ut
970 2113 1102 2143 omnino
1127 2113 1317 2142 Laurentina

743 2160 831 2200 regio
847 2166 912 2189 erat
923 2182 931 2197 ,
946 2167 977 2189 et
995 2160 1170 2189 etiamnum
1185 2165 1250 2196 est,
1267 2169 1319 2200 pa-

742 2205 862 2237 lustris.
883 2218 913 2236 v.
932 2217 1026 2247 supra
1041 2205 1078 2236 ad
1089 2207 1119 2236 X
1131 2228 1139 2244 ,
1158 2216 1234 2245 709.
