1414 2435
129 80 172 110 50
628 74 820 106 AENEIDOS

126 140 203 175 Aut
220 131 348 171 rastris
369 139 506 169 terram
526 130 670 179 domat,
690 140 754 169 aut
771 132 895 182 quatit
914 132 1056 183 oppida
1074 132 1186 171 bello.

128 199 249 235 Omne
269 205 390 231 aevum
410 193 511 229 ferro
532 192 685 238 teritur,
705 205 890 242 versaque
902 193 1110 243 juvencum

125 259 246 305 Terga
265 254 462 303 fatigamus
479 253 602 299 hasta3
622 265 692 289 nec
708 252 816 289 tarda
834 261 1004 290 senectus

1268 261 1317 285 διο

124 313 307 352 Debilitat
325 313 426 350 vires
445 311 576 358 animi,
596 320 793 361 mutatque
808 312 990 362 vigorem.

126 374 309 413 Canitiem
329 372 434 422 galea
453 371 678 422 premimus,
696 385 921 422 semperque
940 373 1100 411 recentis

127 438 377 501 Comporttare
389 434 498 483 juvat
517 432 680 481 praedas,
700 441 738 469 et
755 433 884 470 vivere
901 442 1023 482 rapt0.

127 495 246 534 Vobis
261 493 365 545 picta
381 505 513 539 οιοοο,
534 501 571 529 et
591 492 750 542 fulgenti
767 493 910 530 murice
927 495 1058 541 vestis;

128 554 292 592 Desidiae
312 552 435 590 cordi!
453 553 562 603 juvat
578 551 775 602 indulgere
792 552 956 590 chore1s
947 581 958 600 ,

1272 561 1320 586 615

127 618 175 653 Et
194 615 330 652 tunicae
350 613 532 660 manicas,
553 620 591 650 et
607 612 750 650 habent
768 613 990 650 redimicula
1005 598 1137 651 mitrae.

129 678 163 713 Ο
182 688 271 713 vere
291 674 481 724 Phrygiae,
500 686 624 723 neque
641 673 741 710 enim
759 673 944 724 Phryges!
963 674 1014 711 ite
1031 686 1100 724 per
1119 673 1192 711 alta

129 807 264 837 dicimur
277 805 369 834 silvas
380 826 387 840 ,
404 803 493 834 feras.
507 803 571 834 vid.
589 802 629 833 ad
641 803 699 834 lib.

130 855 201 883 AEu.
220 852 317 887 VIII,
341 855 396 890 94.
420 867 466 873 —-
487 850 566 877 608.
592 849 701 888 Quatic

130 897 251 939 oppida
277 896 360 928 bello
381 905 392 924 .-
410 900 501 935 putes
527 893 608 923 forte
635 904 700 923 esse

131 945 254 975 dictum
263 965 271 980 ,
284 948 322 972 nt
333 949 464 983 quatere
473 951 578 969 muros
589 939 700 971 ariete.

129 990 191 1023 Sed
205 989 327 1029 reliqua
345 988 480 1023 docent,
495 986 631 1028 generali
645 996 701 1016 no-

131 1039 218 1068 tione
251 1034 335 1065 dicta
362 1034 429 1064 haec
456 1044 538 1070 esse,
568 1043 699 1070 vexare,

132 1083 281 1119 turbare,
299 1090 494 1122 oppugnare.
520 1080 571 1110 Sic
593 1079 700 1110 valer.

131 1130 235 1161 Flacc.
261 1129 311 1165 ΙΙ,
339 1137 400 1157 122
422 1135 430 1156 τ
455 1126 533 1156 fama
548 1143 594 1148 -
611 1125 703 1155 motis

132 1175 238 1217 quatit
259 1173 378 1214 oppida
400 1171 518 1214 linguis
526 1184 539 1208 ;
564 1173 702 1202 concitat

133 1221 326 1263 oppidanos,
345 1227 380 1250 ut
400 1220 493 1248 armis
516 1220 628 1248 sumtis
651 1229 704 1248 ex-

135 1274 216 1298 eant.
245 1278 276 1297 ν.
304 1267 404 1297 Tacit.
425 1264 464 1294 de
489 1265 595 1296 Causs.
623 1275 704 1296 corr.

134 1315 217 1355 eloq.
238 1313 278 1343 15
294 1313 339 1342 Ec
349 1312 377 1342 si
394 1310 463 1353 quis
477 1311 637 1352 Ephesum
651 1319 708 1341 auc

135 1360 312 1399 illio-lenas
327 1365 490 1388 concentus
505 1357 705 1388 scholastico-

136 1417 205 1436 mm
219 1405 410 1436 clamoribus
425 1404 543 1445 quatit,
560 1404 592 1435 h.
609 1415 636 1435 e.
654 1404 707 1435 de-

136 1452 301 1483 clamando
315 1452 463 1487 concitat,
479 1457 515 1480 ut
527 1457 633 1481 orator
645 1452 708 1481 aui-

135 1510 205 1529 mos
226 1498 422 1528 audientium
443 1497 623 1537 perorando
638 1508 706 1527 mo-

136 1551 200 1575 vet.
213 1562 260 1569 --
276 1545 354 1584 609.
371 1545 465 1573 Hasta
479 1543 619 1579 inversa,
634 1553 707 1573 σαυ-

139 1592 270 1633 ρωτῆρι,
287 1589 386 1620 boves
404 1595 541 1618 aratores
557 1595 709 1619 cessantes

138 1638 320 1678 pungimus.
342 1652 387 1659 —-
407 1636 484 1665 612.
503 1635 603 1665 Etiam
622 1645 709 1665 senes

140 1684 252 1713 armati
267 1692 377 1712 sumus
393 1689 423 1711 et
436 1680 616 1711 militamus.

188 1729 266 1765 614.
281 1730 411 1758 Vestem
427 1728 517 1757 aliam
533 1734 708 1765 noemam,

140 1775 231 1805 aliam
242 1784 432 1815 purpuream
441 1773 591 1815 intellige,
598 1780 712 1804 utram—

142 1832 204 1861 que
220 1821 359 1861 Phrygio
375 1830 470 1861 opere
481 1842 489 1857 ‚
508 1830 566 1849 acu
583 1821 711 1860 pictam.

142 1884 189 1890 ——
206 1867 273 1902 614
286 1884 331 1889 —
347 1866 425 1896 620.
440 1867 540 1896 Etiam
557 1865 590 1895 hi
606 1876 712 1895 versus

141 1916 224 1944 inter
234 1913 466 1943 ornatissimos:
477 1911 625 1942 notabilis
636 1922 713 1952 quo-

142 1970 205 2001 que
223 1959 386 1989 rhetoricae
406 1959 540 1999 propior
558 1958 710 1988 tractatio.

144 2005 284 2046 Phryges
298 2015 368 2034 cum
384 2005 528 2043 Trojanis
546 2005 711 2044 permisce-

144 2052 192 2087 ri,
212 2059 243 2081 et
256 2059 405 2091 tanquam
423 2051 462 2081 ab
486 2049 593 2080 eadem
616 2051 712 2090 stirpe

145 2097 302 2137 profectos
315 2097 421 2126 haberi
434 2121 441 2133 ‚
457 2098 520 2134 jam
543 2096 617 2126 alias
632 2095 711 2126 vidi-

145 2154 224 2173 mus.
243 2142 339 2172 Iidem
358 2143 489 2172 mollitie
500 2165 507 2178 ,
523 2150 553 2173 et
568 2143 648 2172 luxu
665 2143 712 2172 in-

146 2189 238 2219 fames
261 2188 539 2229 :quandoquidem
564 2189 656 2229 primi
680 2189 714 2218 in

752 804 875 833 minore
883 803 958 833 Asia
968 804 1082 844 opibus
1093 803 1323 844 excelluerunt,

752 849 897 889 inprimis
917 860 1093 891 pauperum
1120 851 1324 890 colonorum,

753 896 810 935 qui
833 906 850 925 e
875 896 998 926 Graecia
1015 896 1228 934 advenerant,
1241 897 1325 935 judi-

754 942 814 971 cio.
844 942 928 972 Ante
953 943 1064 973 oeulos
1085 950 1190 973 autem
1212 943 1326 974 habuit

754 994 846 1028 poeta
860 988 981 1029 aliquot
998 989 1067 1019 loca
1081 990 1247 1020 Homerica
1262 990 1324 1022 Od.

754 1034 789 1070 θ,
809 1035 892 1071 248,
920 1041 984 1075 249
1009 1035 1048 1065 de
1069 1035 1273 1073 Phaeacibus,
1295 1044 1326 1067 et

755 1080 846 1111 Iliad.
870 1092 912 1118 ω,
931 1082 1098 1118 26131um
1124 1083 1157 1111 iu
1181 1081 1242 1111 illis
1265 1092 1272 1112 :
1298 1084 1325 1113 Ο

754 1137 833 1157 vere
848 1126 1012 1169 Phrygiae,
1032 1127 1121 1158 Iliad.
1139 1125 1173 1166 β,
1191 1129 1273 1166 2353
1287 1139 1305 1162 r,
1316 1151 1324 1165 ,

755 1174 865 1213 96.-
875 1174 953 1205 6160
970 1175 1065 1205 Vince
1077 1185 1136 1215 pro
1149 1169 1262 1211 inient,
1275 1184 1325 1216 ap.

757 1220 840 1251 Gell.
862 1221 925 1249 vn
936 1243 944 1258 ,
975 1231 1030 1257 12,
1047 1231 1222 1262 perperam.
1241 1222 1328 1252 Cete-

758 1276 830 1296 rum
846 1266 936 1296 malis
955 1267 1035 1297 forte
1051 1278 1081 1297 v.
1099 1267 1166 1296 616
1181 1268 1259 1308 poni
1276 1277 1328 1297 an-

760 1319 789 1342 te
805 1323 835 1343 v.
850 1312 870 1342 6
880 1314 929 1343 15.
945 1314 994 1344 Sic
1007 1314 1188 1355 junguntur
1202 1320 1326 1343 senten-

759 1360 810 1388 tiae
826 1359 908 1389 inter
924 1370 956 1389 se
977 1360 1157 1398 conjunctae
1180 1367 1210 1390 et
1225 1361 1327 1390 consi-

758 1405 848 1435 miles
864 1415 872 1436 :
891 1405 983 1435 Vobis
996 1423 1043 1429 -—
1054 1405 1168 1442 vestis,
1187 1407 1232 1436 Et
1246 1406 1329 1435 tuni-

760 1462 807 1481 σω
819 1469 865 1474 -
879 1452 1020 1482 Desidiae
1036 1452 1134 1482 cordi.
1145 1453 1329 1482 —Tunicae

760 1498 940 1534 manicatae,
954 1494 1141 1540 χειριδωτοὶ.
1155 1498 1239 1528 conf.
1254 1500 1329 1529 Stat.

761 1545 825 1573 Vll
840 1543 941 1574 Theb.
956 1544 1041 1581 6573
1057 1551 1122 1573 tuin
1138 1543 1242 1574 mierae
1259 1555 1330 1584 qnoe

762 1589 950 1619 redimicula
965 1589 1098 1625 habent,
1116 1590 1215 1620 intell.
1232 1590 1331 1631 pileos
1350 1618 1354 1624 ,

763 1635 917 1677 Phrygios
933 1635 1065 1666 fimbriis
1079 1635 1243 1676 penduli5‚
1262 1637 1332 1677 qui-

764 1681 824 1711 bus
852 1689 958 1712 mento
984 1682 1149 1723 subligatis
1174 1682 1264 1712 malae
1295 1693 1331 1713 ac

764 1734 905 1768 tempora
936 1735 1097 1769 teguntur.
1126 1729 1166 1759 cf.
1191 1739 1262 1769 sup.
1294 1729 1332 1759 ad

764 1774 820 1804 lib.
840 1777 895 1811 lv,
914 1775 990 1806 216.
1005 1775 1089 1805 Male
1106 1775 1248 1815 plerique
1263 1784 1331 1804 om-

765 1831 820 1850 nes
849 1821 959 1850 mitras
989 1822 1172 1851 Graecorum
1188 1843 1196 1856 ,
1228 1820 1332 1850 diade-

766 1873 864 1903 mata,
881 1877 954 1896 cum
973 1866 1021 1896 his
1038 1866 1181 1907 Phrygiis
1200 1866 1335 1897 confun-

765 1912 856 1943 dunt.
868 1914 986 1942 Locum
1000 1913 1151 1952 expressit
1166 1913 1271 1943 Valer.
1288 1913 1332 1943 Fl.

765 1959 832 1994 111,
850 1959 916 1988 230
932 1968 978 1997 sq.
991 1974 1037 1980 —-
1051 1957 1127 1995 617.
1145 1960 1236 1988 Sacra
1253 1970 1334 2001 mag-

765 2014 814 2033 nae
827 2005 932 2033 matris
946 2003 1041 2033 deum
1058 2014 1128 2043 quae
1143 2013 1334 2045 peraguntur

764 2059 822 2090 per
850 2049 989 2079 furorem
1018 2051 1100 2079 inter
1129 2050 1276 2081 tibiarum
1305 2059 1335 2081 et

765 2103 990 2136 tympanorum
1001 2103 1139 2126 cantum.
1152 2097 1287 2139 Phrygia
1302 2099 1335 2128 ti-

767 2141 817 2171 bia
834 2153 849 2171 e
868 2141 953 2171 bna-0
970 2142 1063 2177 factm
1079 2142 1185 2173 eadem
1202 2143 1311 2185 btsoris
1322 2166 1330 2178 ‚

768 2188 858 2227 cujus
878 2190 1042 2219 notionem
1065 2189 1177 2219 claram
1201 2201 1265 2221 non
1281 2189 1333 2219 ha-
