1414 2435
90 101 151 132 128

581 104 776 135 AENEIDOS

84 160 195 197 Illum
216 168 340 196 autem
358 161 492 197 AEneas
509 159 701 198 absentem
722 162 760 198 in
779 162 909 211 praelia
927 163 1065 211 poscit;

85 217 211 255 Obvia
230 218 347 255 multa
365 219 488 256 virum
507 219 672 256 demittit
689 232 852 269 corpora
869 221 996 260 morti.

84 281 181 314 Tum
197 279 288 315 levis
306 278 408 316 haud
427 280 526 316 ultra
542 279 706 316 latebras
720 281 797 330 jam
817 282 953 329 quaerit
972 282 1116 330 imago,

85 337 161 374 Sed
180 336 340 374 sublime
359 339 489 375 volans
508 338 601 374 nubi
621 350 660 374 se
678 339 868 376 inmiscuit
889 348 998 385 atrae3

85 398 214 441 Quum
229 398 399 433 Turnum
419 397 544 433 medio
564 397 708 433 interea
726 398 799 433 fert
819 410 972 447 aequore
992 398 1116 436 turbo.

1229 407 1279 431 665

84 455 253 504 Respicit
269 455 421 504 ignarus
440 469 587 502 rerum,
606 457 853 506 ingratusque
872 457 1018 503 salutis,

84 518 131 552 Et
147 515 307 565 duplicis
323 529 408 552 cum
427 528 521 552 voce
541 528 673 557 manus
694 515 741 552 ad
759 516 882 553 sidera
902 516 1021 552 tendit
1037 530 1045 551 :

85 590 100 606 «
117 575 368 625 Omnipotens
388 574 554 624 genitor,
575 575 717 611 tanton'
735 588 796 612 me
816 575 974 612 crimine
995 574 1150 625 dignum

83 634 251 679 Duxisti,
274 641 310 670 et
327 634 409 671 talis
426 634 581 671 voluisti
601 634 816 684 expendere
833 637 988 685 poenas?

83 696 172 740 Quo
187 694 311 730 seror?
327 693 427 730 unde
443 693 546 731 abii?
563 707 647 744 quae
663 708 723 731 me
738 695 844 744 suga,
860 707 1022 744 quemve
1035 693 1213 731 reducet?
1229 703 1280 736 670

82 754 331 791 Laurentisne
350 754 486 790 iterum
505 766 633 791 muros
653 763 718 791 aut
735 764 857 791 castra
874 754 1038 791 videbo?

81 813 186 860 Quid
205 827 336 850 manus
356 814 418 850 illa
438 813 581 859 virum,
597 814 662 862 qui
681 827 741 850 me
759 827 917 863 meaque
937 827 1041 851 arma
1060 814 1202 852 secuti?

83 876 255 919 Quosne,
275 873 398 911 nefas!
416 873 537 910 omnis
557 873 709 910 infanda
726 874 765 910 in
783 881 905 910 morte
923 873 1083 922 reliqui?

81 935 129 970 Et
144 945 245 970 nunc
264 933 423 983 palantis
442 932 573 978 video,
594 933 850 982 gemitumque
869 932 1070 969 cadentum

81 993 255 1043 Adcipio.
276 993 378 1039 Quid
395 995 525 1042 agam?
544 1001 609 1029 aut
627 1006 711 1043 quae
726 993 805 1044 jam
826 993 914 1031 satis
934 993 1009 1030 ima
1027 992 1195 1030 dehiscat
1226 1001 1275 1033 67⁵

81 1056 199 1092 Terra
216 1054 333 1091 mihi?
352 1066 438 1098 vos,
457 1066 480 1090 o
499 1054 645 1103 potius,
664 1054 913 1100 miserescite,
933 1053 1056 1091 venti!

81 1118 125 1152 In
145 1129 276 1165 rupes,
292 1115 331 1151 in
351 1127 460 1158 saxa,
481 1114 611 1151 volens
630 1127 698 1152 vos
716 1116 867 1151 Turnus
888 1114 1026 1158 adom,

80 1177 191 1212 Ferte
210 1184 348 1222 ratem,
368 1173 552 1222 saevisque
568 1172 674 1210 vadis
694 1174 871 1210 inmittite
889 1173 1029 1222 Syrtis,

129 1288 206 1319 661.
231 1288 291 1318 Ille
314 1295 421 1318 autem
446 1286 544 1325 Gud.‚
564 1287 652 1328 quod

79 1343 112 1363 se
129 1344 195 1364 non
212 1345 322 1375 capere
345 1332 516 1374 profitetur
540 1335 650 1366 Heius.

79 1381 129 1410 Ex
156 1381 265 1410 Servio
294 1387 398 1410 tamen
426 1379 514 1410 facile
542 1387 588 1409 est
613 1381 651 1411 ad

78 1425 333 1466 intelligendum.
360 1428 518 1465 Legerunt
545 1433 650 1457 autem

79 1473 247 1509 nonnulli,
273 1471 362 1512 qnod
387 1474 549 1502 Romanus
572 1482 651 1512 qno-

79 1528 142 1557 que
160 1518 354 1548 exhibebat:
382 1517 441 1546 Ille
464 1525 570 1546 autem
594 1519 651 1548 AE-

81 1573 165 1592 nean
180 1563 342 1593 absentem
360 1562 394 1592 in
405 1573 456 1602 pr.
468 1563 582 1602 poscit.
604 1566 649 1592 Ita

79 1619 156 1639 vero
178 1619 312 1649 sequens
331 1619 439 1638 versus
462 1619 529 1638 non
551 1608 649 1638 facilis

81 1662 147 1685 erat
169 1655 207 1684 ad
232 1654 477 1695 expediendum.
499 1654 648 1684 Urbanus

79 1699 185 1730 ¹vit-um
200 1711 333 1741 corpora
351 1700 390 1730 de
405 1701 507 1730 nautis
525 1702 559 1730 in
574 1700 648 1729 navi

79 1747 216 1777 inventis
234 1747 418 1787 accipiebat.
442 1748 570 1777 Praestat
586 1746 646 1776 uti-

78 1803 141 1832 que
159 1793 253 1823 lectio
275 1794 411 1833 vulgata.
430 1794 551 1822 Verum
568 1793 594 1822 si
608 1802 648 1821 ex

79 1840 184 1869 animo
200 1838 368 1870 dicendum
387 1844 451 1876 est,
470 1837 559 1879 quod
577 1848 649 1868 sen-

81 1886 143 1923 tio,
171 1893 344 1926 utrumque
365 1895 444 1915 vers.
471 1885 535 1914 661
550 1907 558 1922 ‚
582 1884 647 1913 662

81 1938 136 1961 ant
151 1932 287 1962 alienum
306 1943 371 1962 esse
390 1931 526 1961 arbitror
537 1953 545 1967 ‚
565 1937 619 1960 aut
633 1940 649 1960 a

81 1979 213 2007 Marone
227 1978 265 2007 ad
283 1979 455 2019 marginem
471 1978 648 2017 appictum,

79 2023 217 2053 necdum
236 2025 359 2064 reliquo
379 2025 509 2053 carmini
527 2032 651 2052 accom-

82 2069 254 2100 modatum.
267 2071 438 2100 Absentem
448 2071 568 2100 AEneas
576 2070 650 2100 Rot-

83 2115 168 2144 tend.
187 2116 284 2151 alter,
303 2123 332 2145 ct
351 2118 427 2146 Exc.
448 2117 554 2146 Burin.

129 2161 207 2191 666.
228 2163 374 2201 Ingratus
390 2161 502 2191 salutis
515 2160 651 2201 exquisi-

79 2211 110 2235 νε
127 2206 166 2238 ad
185 2208 330 2237 Graccum
348 2218 466 2238 mou-m
483 2205 649 2249 ἀχάριστος

705 1287 856 1332 σωτηρίας
877 1299 920 1319 sc.
935 1287 1026 1319 ἕνεκα
1041 1298 1050 1319 :
1066 1285 1152 1329 quod
1173 1288 1213 1318 ad
1231 1299 1275 1317 sa—

703 1336 821 1373 lutem,
840 1337 936 1365 vitam
953 1341 1107 1365 servatam
1118 1357 1128 1370 ,
1153 1334 1274 1363 attinet.

704 1384 755 1412 Sic
770 1381 879 1422 paullo
902 1388 974 1411 aute
986 1404 993 1418 ,
1018 1380 1092 1411 ‘veri
1111 1390 1214 1410 vana.
1228 1396 1276 1403 ——

705 1428 783 1458 668.
804 1429 865 1457 Vir
888 1427 978 1457 fortis
1009 1427 1093 1467 fugae
1121 1425 1274 1466 flagitium

705 1473 840 1514 appellat
857 1472 973 1502 crimen
989 1479 1020 1501 et
1032 1481 1176 1511 poenam.
1195 1472 1273 1501 Tota

704 1521 806 1549 oratio
821 1519 1012 1557 gravissima,
1024 1524 1054 1546 et
1069 1516 1196 1545 affectus
1211 1516 1275 1556 ple—

704 1574 754 1594 na.
777 1565 843 1594 Nec
864 1563 965 1593 liabeo
990 1563 1123 1603 quicum
1146 1572 1273 1602 compa-

704 1620 770 1639 rem
788 1615 998 1649 praeterquain
1016 1608 1198 1638 Horatianae
1212 1609 1274 1638 Eu-

701 1665 788 1695 ropae
801 1655 944 1694 querelas
961 1661 1083 1684 tantum
1100 1654 1273 1683 miseratio-

701 1702 750 1730 nis
764 1701 911 1730 facientes
925 1709 934 1730 3
954 1700 1046 1730 Unde
1057 1704 1074 1729 9
1086 1710 1148 1740 quo
1163 1699 1244 1729 veni
1256 1703 1273 1728 .³

700 1747 777 1776 Ievis
799 1757 864 1776 una
889 1757 971 1776 mors
995 1752 1057 1781 est,
1083 1746 1186 1776 Carm.
1204 1746 1268 1780 111.

703 1803 763 1830 27,
789 1793 843 1823 36.
865 1810 910 1815 —-
931 1793 1008 1830 673.
1032 1793 1157 1833 Quosne
1178 1789 1271 1821 docte

701 1849 760 1879 pro
774 1849 868 1869 eosne
878 1839 892 1868 Ρ
905 1856 951 1861 -—
965 1839 1031 1876 675
1044 1860 1053 1874 ‚
1070 1837 1148 1875 676.
1166 1838 1202 1866 In
1218 1846 1272 1876 pu-

701 1884 779 1915 dore
798 1885 940 1915 sollenne
964 1883 1026 1913 hoc
1045 1884 1108 1921 jam
1131 1883 1271 1912 Homero

702 1929 771 1961 τότε
789 1941 841 1973 μοι
861 1929 951 1970 χάνοι
972 1928 1075 1972 εὐρεῖα
1092 1926 1173 1967 χθὼν
1186 1950 1194 1964 ‚
1212 1938 1270 1957 nec

702 1976 911 2018 argntaudum
938 1977 971 2005 in
999 1985 1037 2005 eo
1067 1973 1154 2014 quod
1183 1983 1270 2003 num·

702 2023 780 2052 mari
810 2021 920 2051 fertur.
948 2021 1034 2051 conf.
1051 2030 1122 2060 sup.
1146 2019 1185 2049 ad
1212 2021 1269 2053 lv,

704 2074 758 2103 al..
771 2084 817 2090 -
837 2068 915 2105 (377.
934 2068 1125 2107 Comparant
1145 2065 1270 2096 Helenae

700 2113 754 2144 illa
779 2112 866 2143 Iliad.
889 2111 923 2148 ζ,
953 2114 1017 2149 343
1042 2123 1108 2153 sqq.
1126 2129 1171 2135 ——
1188 2112 1266 2150 678.

702 2161 795 2191 Ferre
824 2170 874 2200 pr.
910 2159 1084 2199 Hamburg.
1121 2157 1269 2199 stt-visque

703 2205 797 2236 malis
808 2205 903 2236 Goth.
914 2212 984 2236 tert.
996 2207 1112 2244 Srrces,
1123 2214 1195 2246 quae
1205 2203 1269 2233 vul-
