1414 2435
112 73 177 104 382

476 70 511 99 P.
537 67 721 99 VIRGILII
744 66 941 99 MARONIS

111 132 210 167 Tum
230 138 336 164 coma
357 124 515 163 Sidonio
534 125 672 162 florens
692 124 901 161 succiditur
921 133 1024 162 ostro
1045 138 1053 159 ε

112 192 211 227 Tum
232 187 380 237 capitur
398 189 574 236 Megara,
594 195 631 223 et
650 185 781 223 divum
797 199 979 237 responsa
998 184 1212 236 probantur
1233 199 1240 220 ε

112 254 209 288 Tum
227 261 406 299 suspensa
424 260 525 285 novo
542 248 620 285 ritu
639 247 686 284 de
702 246 865 284 navibus
886 247 988 295 altis,

112 312 185 346 Per
201 321 304 345 mare
324 307 528 344 caeruleum
547 306 712 343 trahitur
727 305 858 343 Niseia
874 306 997 356 virgo.

115 369 324 418 Conplures
342 368 447 405 illam>
459 367 648 418 Nymphae
667 367 854 403 mirantur
873 367 914 402 in
934 366 1062 412 undis;

113 429 277 467 Miratur
295 436 403 477 pater
421 430 615 472 Oceanus,
633 435 670 462 et
689 425 850 462 candida
865 425 1026 474 Tethys,

113 492 161 526 Et
180 488 336 538 cupidas
354 500 482 524 secum
500 486 652 536 rapiens
673 485 830 523 Galatea
848 498 1016 531 sorores;

114 549 184 586 Illa
200 549 331 596 etiam,
347 547 488 598 junctis
507 559 686 597 magnum
705 559 789 596 quae
807 545 976 596 piscibus
995 556 1142 595 aequor,

113 610 162 645 Et
181 608 314 657 glauco
333 606 516 656 bipedum
533 619 650 643 curru
668 605 824 642 metitur
842 617 1047 655 equorum,

116 667 354 715 Leucothoe,
374 680 592 717 parvusque
612 667 683 704 dea
702 679 790 704 cum
806 674 927 703 matre
943 666 1142 703 Palaemon.

119 728 180 765 Illi
200 727 333 775 etiam,
351 728 513 765 alternas
533 727 658 765 sortiti
675 728 807 764 vivere
826 727 948 774 luces,

119 790 216 825 Cara
234 791 255 824 J
259 787 339 824 ovis
359 787 527 832 soboles,
545 800 724 836 magnum
742 791 761 824 J
766 788 846 824 ovis
866 787 1159 831 incrementum,

117 847 346 896 Tyndaridae
363 847 494 883 niveos
514 847 702 882 mirantur
719 846 876 895 virginis
894 855 1009 882 artus.

118 911 196 946 Has
217 908 312 944 adeo
331 920 463 952 voces,
483 916 596 956 atque
616 906 697 942 haec
716 907 879 942 lamenta
900 917 968 954 per
989 918 1098 941 auras

117 967 313 1006 Fluctibus
332 968 371 1004 in
390 967 523 1003 mediis
542 975 679 1016 questu
699 964 878 1001 volvebat
896 963 1019 1010 inani,

118 1027 179 1065 Ad
197 1028 332 1064 coelum
351 1026 482 1063 infelix
502 1025 673 1063 ardentia
691 1025 834 1062 lumina
853 1025 1006 1069 tollens,

118 1087 281 1125 Lumina
299 1103 307 1123 :
324 1099 411 1123 nam
433 1095 578 1123 teneras
600 1085 779 1122 arcebant
798 1084 950 1120 vincula
969 1083 1124 1133 palmas.

176 1163 192 1179 «
214 1145 450 1194 Supprimite
466 1157 489 1180 o
509 1145 677 1193 paullum
698 1143 843 1181 turbati
862 1143 1014 1180 flamina
1032 1142 1155 1187 venti,

121 1207 224 1242 Dum
244 1217 404 1254 queror;
425 1213 462 1241 et
478 1203 602 1250 divos,
623 1216 852 1253 quamquam
871 1204 924 1240 nil
943 1202 1103 1240 testibus
1120 1202 1193 1239 illis

1274 1211 1324 1239 405

121 1263 287 1309 Profeci,
311 1272 480 1300 extrema
499 1263 664 1300 moriens
688 1271 812 1299 tamen
830 1263 1016 1313 adloquor
1036 1263 1144 1300 hora.

123 1325 200 1359 Vos
219 1335 308 1372 ego,
325 1335 393 1360 vos
411 1322 524 1368 adeo,
545 1323 667 1369 venti,
689 1322 876 1369 testabor,
898 1332 935 1360 et
952 1336 1073 1370 aurae,
1141 1328 1145 1331 “

123 1386 220 1428 Vos,
241 1384 425 1419 matutina
445 1383 474 1419 si
495 1383 561 1432 qui
579 1383 625 1419 de
646 1392 756 1432 gente
776 1383 930 1429 venitis,

125 1443 287 1480 Cernitis
309 1457 316 1477 :
338 1443 400 1479 illa
417 1456 487 1492 ego
505 1456 588 1480 sum
608 1452 768 1492 cognato
789 1443 970 1492 sanguine
990 1442 1101 1480 vobis

125 1501 268 1550 Scylla,
290 1501 411 1550 quod,
432 1501 498 1548 ah,
518 1503 620 1538 salva
641 1502 751 1538 liceat
773 1510 808 1539 tc
826 1502 971 1547 (licere,
991 1505 1154 1546 Procne;

125 1560 196 1597 Illa
218 1572 287 1609 ego
307 1573 389 1597 sum
409 1561 490 1598 Risi
510 1561 684 1609 pollentis
704 1561 779 1597 filia
800 1561 992 1609 quondam
1012 1575 1019 1596 :

126 1620 307 1657 Certatim
329 1632 375 1656 ex
395 1620 498 1656 omni
516 1620 625 1669 petiit
643 1634 756 1670 quam
777 1620 925 1658 Graecia
945 1633 1080 1670 regno,

176 1765 238 1803 387
267 1775 334 1805 sqq.
363 1761 490 1794 Poniora
511 1767 700 1795 narrationis

127 1812 229 1851 capita
257 1818 380 1840 tantum
413 1811 511 1841 verbo
543 1813 699 1853 attingit:

126 1857 200 1887 ride
227 1857 264 1886 ad
291 1857 484 1898 principium
509 1857 605 1896 hujus
632 1869 699 1888 car-

129 1914 232 1933 mnus.

175 1951 251 1989 389,
267 1949 349 1979 Mira
371 1950 491 1979 Minois
514 1949 698 1987 crudelitas,

127 1995 212 2035 qnod
229 1995 365 2036 puellam
382 1997 455 2025 naxi
471 1997 590 2035 alliga15
609 1997 648 2027 cf.
667 2008 697 2027 v.

131 2043 208 2078 416,
227 2048 310 2079 417;
335 2053 400 2072 uon
424 2041 589 2080 adjicitur,
607 2054 645 2073 au
665 2043 698 2072 iu

128 2097 235 2126 prora,
261 2089 316 2117 ubi
334 2098 528 2128 parasenunn
549 2096 614 2118 erat
634 2098 642 2119 .·
665 2091 698 2118 iu

129 2143 194 2172 quo
214 2134 293 2163 sort«-
311 2134 424 2164 fabula·
440 2142 541 2175 potest
560 2136 649 2176 origo
663 2145 698 2164 ac

129 2188 234 2207 caussa
251 2180 361 2210 lan-rc.
377 2191 476 2219 quum
492 2181 595 2220 puella
612 2180 698 2211 eflic-

754 1773 783 1795 ιιι
798 1773 894 1801 esset,
911 1776 982 1805 quae
998 1775 1148 1807 suspensa
1164 1776 1222 1807 per
1240 1776 1325 1797 mare

755 1812 835 1842 trahi
856 1812 955 1842 videri
974 1820 1088 1853 posset.

803 1860 879 1899 391.
909 1859 1092 1901 Complures
1113 1857 1204 1888 illam
1219 1858 1323 1896 ffirm-

747 1904 825 1945 μήτε
865 1904 1030 1935 miramur.
1076 1906 1324 1944 Frequentatum

752 1952 854 1992 poetis
876 1951 1076 1992 phantasma,
1103 1956 1139 1979 ut
1162 1951 1196 1979 in
1220 1951 1323 1991 Argo-

752 2005 922 2027 nautarum
947 1997 1084 2027 historin.
1106 1997 1254 2026 Proxime
1278 2002 1323 2025 ta-

752 2054 823 2073 men
840 2043 998 2074 Catullum
1012 2043 1185 2083 respexisse
1199 2041 1325 2072 ridetur

752 2091 873 2124 Lxm.
898 2095 956 2125 14,
986 2089 1096 2118 15.1n
1122 2099 1166 2119 vs,
1192 2089 1258 2129 394
1277 2104 1324 2110 —-

754 2135 819 2174 396
849 2134 984 2164 disertus
1016 2134 1102 2164 locus
1139 2134 1179 2165 de
1206 2137 1266 2165 Ino
1294 2140 1324 2163 et

752 2181 926 2211 Melicerta.
