1414 2435
560 62 680 93 CIRIS.
1151 61 1212 97 373

21 121 107 158 Non
126 119 197 157 tibi
215 118 470 169 nequidquam
487 118 622 155 viridis
641 131 710 168 per
729 118 874 156 viscera
893 119 1016 171 pallor
1166 129 1212 151 225

23 182 196 229 AEgrotas
216 180 320 217 tenui
338 178 497 216 suffudit
516 179 697 229 sanguine
715 192 848 227 venas;

22 243 102 278 Nec
121 241 229 286 levis,
247 239 321 276 hoc
340 239 497 286 faceres,
517 253 640 290 neque
660 239 760 276 enim
779 249 886 289 pote,
904 252 996 276 cura
1012 237 1160 287 subegit.
1182 251 1189 271 z

24 300 136 337 Haud
155 299 281 347 fallor,
298 299 402 349 quod
421 308 457 336 te
476 300 603 350 potius
623 299 857 336 Rhamnusia
876 299 980 337 fallit.

23 362 120 397 Nam
139 372 214 408 qua
232 367 269 396 te
288 371 419 396 caussa
436 372 506 396 nec
525 359 645 396 dulcis
665 359 802 409 pocula
820 358 978 405 Bacchi,

24 421 104 456 Nec
122 419 298 469 gravidos
317 421 464 457 Cereris
484 419 607 457 dicam
626 420 844 470 contingere
863 420 985 456 fetus?
1173 425 1219 449 230

25 481 112 525 Qua
131 491 261 516 caussa
280 478 328 515 ad
344 479 510 529 patrium
529 480 645 516 solam
664 479 821 529 vigilare
842 478 985 524 cubile,

25 541 212 589 Tempore
233 552 308 588 quo
328 539 442 577 fessas
461 540 636 576 mortalia
654 548 812 590 pectora
830 552 959 586 curas,

27 602 115 645 Quo
130 599 284 650 rapidos
303 599 416 636 etiam
434 601 678 650 requiescunt
696 601 852 638 flumina
871 601 1026 638 cursus?

27 661 98 697 Dic
118 674 187 711 age
205 675 306 697 nunc
324 661 471 698 miserae
492 663 640 708 saltem,
658 663 763 712 quod
782 676 880 712 saepe
901 660 1046 711 petenti

29 720 189 758 Jurabas
208 722 303 758 nihil
323 735 402 759 esse
419 721 532 766 mihi,
552 735 670 770 quum
691 731 821 758 moesta
839 720 1006 770 parentis
1178 726 1223 748 235

29 783 230 818 Formosos
249 782 393 818 circum
410 781 520 830 virgo
538 793 730 816 morerere
750 780 930 828 capillos?

30 841 103 878 Hei
123 841 233 887 mihi,
253 854 300 877 ne
319 842 428 876 furor
445 839 508 876 ille
527 847 612 876 tuos
635 838 815 876 invaserit
832 847 954 883 artus,

30 899 116 946 Ille,
136 899 272 936 Arabis
290 898 460 947 Myrrhae
480 897 672 947 quondam
690 899 758 946 qui
776 897 876 946 cepit
896 897 1051 941 ocellos,

31 962 84 997 Ut
99 961 239 997 scelere
257 957 432 1004 infando,
453 958 556 1006 quod
574 971 644 994 nec
664 957 751 993 sinit
771 956 965 1002 Adrastia,

33 1019 189 1056 Laedere
211 1027 416 1066 utrumque
434 1028 512 1052 uno
532 1016 685 1053 studeas
705 1029 835 1052 errore
854 1025 1060 1065 parentem.
1180 1022 1227 1048 τεο

34 1078 148 1124 Quod
167 1077 198 1114 si
218 1077 292 1113 alio
311 1075 445 1125 quovis
462 1075 587 1112 animo
603 1076 756 1125 jactaris
775 1088 904 1111 amore
926 1089 934 1110 z

33 1141 131 1176 Nam
150 1147 186 1174 te
201 1137 355 1187 jactari,
374 1148 451 1171 non
470 1143 525 1172 est
542 1135 765 1172 Amathusia
782 1134 904 1171 nostri

33 1201 127 1235 Tam
145 1196 269 1243 rudis,
287 1204 330 1233 ut
348 1195 452 1230 nullo
471 1194 611 1243 possim
632 1205 859 1242 cognoscere
876 1192 1000 1242 sign03

36 1258 77 1296 Si
97 1270 293 1294 concessus
313 1268 420 1293 amor
439 1262 531 1291 noto
552 1262 588 1290 te
607 1261 772 1290 macerat
788 1252 875 1302 igne
892 1267 900 1288 :

35 1322 107 1355 Per
126 1316 196 1354 tibi
214 1317 412 1365 Dictynnae
432 1313 631 1364 praesentia
649 1313 805 1349 numina
819 1313 924 1362 juro,

39 1377 164 1413 Prima
184 1375 296 1412 deum
317 1387 402 1425 quae
420 1383 457 1410 te
476 1372 569 1410 mihi
589 1372 738 1410 dulcem
759 1371 874 1408 donat
894 1371 1099 1413 alumnam,

40 1521 130 1551 locus
145 1519 183 1549 de
196 1518 330 1559 Myrrha
344 1519 475 1558 ejusque
488 1519 612 1559 nutfice

41 1568 120 1597 Met.
139 1568 188 1602 X,
207 1565 271 1595 382
288 1575 356 1604 sqq.
374 1581 421 1586 —-
439 1565 516 1594 225.
534 1563 613 1592 Viri-

42 1612 91 1641 dis
100 1612 213 1652 pallor
228 1621 268 1640 ex
282 1611 400 1652 χλωρὸς
418 1621 478 1650 pro
497 1607 610 1651 ὠχρὸς,

44 1665 118 1687 nota
131 1668 181 1687 res
194 1664 305 1687 est.—
320 1657 398 1686 228.
413 1658 613 1696 Quamquam

45 1705 166 1732 utinam
198 1702 302 1738 fallar,
334 1712 353 1731 o
387 1703 544 1732 Nemesis!
565 1719 611 1725 ·—-

47 1750 124 1779 230.
142 1747 295 1777 Gravidos
311 1746 430 1777 Cereris
433 1746 533 1787 fi‘tus.
545 1749 613 1777 Sca-

43 1795 123 1836 liger
138 1792 297 1838 γενίμους,
314 1791 468 1822 secundos
482 1792 533 1821 vel
545 1792 613 1822 feti-

45 1838 141 1877 ficos,
160 1841 396 1880 interpretatur.
417 1839 464 1867 Ge
481 1839 530 1875 11,
549 1838 611 1873 143

43 1886 187 1928 gravidoe
201 1885 317 1927 finges
341 1890 372 1914 et
402 1884 460 1914 Ge.
485 1885 516 1920 Ι,
548 1884 613 1923 319

43 1932 179 1973 gravida
202 1942 309 1973 seges,
337 1929 396 1960 uhi
422 1929 461 1959 ad
484 1939 615 1959 succum

47 1979 215 2008 nutritium
242 1977 347 2007 retuli.
371 1992 417 1998 ——
446 1976 522 2005 233.
554 1977 614 2005 Re-

48 2023 226 2063 quiescunt,
239 2023 402 2053 transitive
412 2045 420 2059 ‚
431 2028 467 2051 ut
482 2021 615 2051 obvium

48 2075 94 2098 est
122 2069 243 2106 videre,
270 2079 330 2110 pro
358 2067 518 2098 retardare
541 2077 548 2098 ε
568 2067 616 2096 uti

45 2115 107 2152 jam
123 2115 189 2145 Ecl.
207 2117 304 2152 vm,
323 2121 342 2151 4
361 2114 509 2144 vidimus.

97 2165 173 2196 ²40·
189 2162 358 2202 Utrumque
362 2167 546 2201 parentem,
561 2159 617 2189 sci-

664 1517 740 1546 licet
764 1515 917 1556 Myrrhae.
943 1516 1118 1554 Argutatur
1137 1514 1233 1544 Scali-

665 1573 735 1604 ger,
753 1563 809 1602 qui
823 1562 934 1592 'Nisum
948 1568 979 1590 et
991 1561 1146 1590 nutricem
1163 1561 1224 1590 Car

665 1619 738 1638 men
767 1609 832 1637 inte
861 1608 942 1637 'vere
965 1606 1067 1645 jubet.
1098 1605 1237 1635 Videtur

666 1662 771 1684 autem
802 1654 913 1684 Carme
938 1653 1106 1693 suspicari,
1137 1653 1235 1682 Cirim

665 1702 762 1741 patris
779 1710 883 1729 amore
896 1700 1018 1729 incesto
1036 1699 1198 1728 exarsisse.

713 1752 790 1782 241.
808 1744 955 1775 Procedit
977 1745 1131 1773 sententia
1150 1742 1189 1772 ad
1205 1752 1236 1771 v,

668 1798 745 1830 249.
769 1790 863 1831 Quod
878 1789 907 1819 .ςί
920 1790 987 1819 alio
1006 1789 1112 1830 quovis
1128 1787 1237 1817 animo

659 1844 798 1878 Jacearts
820 1846 950 1871 amore;
975 1846 1048 1865 nam
1074 1841 1104 1864 te
1131 1844 1237 1864 amore

667 1883 774 1922 aliquo
787 1883 897 1920 jactari
909 1881 991 1911 bene
1003 1880 1164 1922 intelligo3
1184 1879 1235 1914 Si,

668 1929 814 1969 inquam,
828 1938 990 1958 concessus
1012 1937 1104 1957 amor
1118 1933 1192 1956 noco
1209 1932 1238 1955 te

669 1982 811 2004 macerae
829 1975 903 2015 igne
921 1985 932 2003 .·
956 1975 1100 2014 sequitur
1120 1970 1238 2012 apodo-

669 2022 710 2050 sis
727 2031 735 2052 :
752 2023 816 2050 Per
829 2020 886 2050 cibi
907 2020 1081 2060 Dictynnae
1105 2016 1240 2047 numina

663 2077 747 2107 μιν-ο.

718 2112 794 2147 245.
809 2113 1003 2152 Dictynnam
1019 2119 1106 2139 nunc
1119 2108 1157 2138 de
1172 2109 1238 2149 ipsa

669 2159 770 2188 Diana
788 2165 881 2198 poeta
895 2156 1021 2187 videtur
1039 2156 1191 2195 accipere.
