1414 2435
609 68 732 99 LIBER
756 68 816 99 lx.
1294 78 1314 107 9

115 126 252 165 'AEneas
272 127 442 170 classem,
462 132 499 160 et
518 122 642 173 pelagi
659 133 789 174 petere
807 124 880 161 alta
899 124 1078 173 parabat;

119 189 207 236 Ipsa
224 189 347 223 Deum
366 183 486 220 fertur
506 183 677 232 genetrix
696 183 918 232 Berecyntia
937 196 1113 233 magnum

120 245 288 282 Vocibus
305 243 364 280 his
384 242 498 279 affata
517 245 649 279 Jovem
666 256 673 277 :
692 258 706 274 «
725 245 802 289 Da,
818 251 922 288 nate,
943 243 1104 292 petenti,

122 304 236 351 Quod
255 313 321 341 tua
339 316 427 340 cara
445 315 581 352 parens
600 302 744 339 domito
764 310 800 339 te
818 302 938 351 poscit
958 303 1133 352 Olympo.

120 362 237 400 Pinea
255 362 349 399 silva
366 361 461 399 mihi
479 362 616 398 multos
635 361 771 398 dilecta
791 374 860 411 per
880 374 1013 408 annos,
1283 369 1314 393 85

121 420 140 436 *
158 424 283 458 Lucus
298 421 338 458 in
356 434 442 458 arce
459 420 529 456 fuit
549 433 709 466 summa,
729 433 806 469 quo
825 433 931 457 sacra
950 419 1139 466 ferebant,

122 481 140 497 *
155 481 329 531 Nigranti
346 481 454 531 picea
470 480 718 530 trabibusque
738 479 921 517 obscurus
938 480 1081 516 acernis
1097 494 1104 516 :

123 542 202 578 Has
220 553 290 591 ego
307 540 501 578 Dardanio
512 540 663 590 juveni,
680 552 798 590 quum
816 539 942 576 classis
958 547 1104 588 egeret,

123 662 155 686 et
170 656 236 696 ipse
249 665 335 684 sacer
350 664 470 695 magna}
479 654 576 683 Matri
587 653 693 690 deum,

123 701 164 732 cf.
181 712 213 731 v·
228 702 287 738 85,
306 701 367 737 86,
384 710 451 729 non
464 700 569 728 minus
585 708 621 728 ac
636 700 694 727 Be-

124 754 269 784 recyncus
277 768 287 782 ‚
308 746 453 786 Phrygiae
466 754 557 774 mons
570 751 601 773 et
614 751 695 773 trac-

123 798 176 821 tus
187 814 195 829 ,
207 795 231 820 *a
246 801 311 831 qno
322 791 355 821 h.
366 790 387 820 l.
399 800 517 820 nomen
530 789 669 819 inditum
684 800 692 826 ;

124 838 174 867 uti
191 837 266 866 alias
284 837 337 866 illa
356 835 447 865 ldaea
463 836 525 865 dea
540 835 694 876 appellata

125 889 181 914 est.
208 882 300 914 Conf.
323 881 436 913 Strabo
457 884 507 918 X,
532 891 602 922 pag.
627 881 691 919 718

125 928 170 966 C,
188 935 219 958 et
234 928 291 958 inf.
308 931 337 958 X
348 950 356 966 ,
378 928 441 957 252
462 927 562 956 Alma
572 937 694 967 parens

123 974 217 1003 Jdaea
231 974 336 1004 deum.
351 975 604 1005 Consentaneum
617 979 694 1010 erat,

123 1026 161 1049 ut
174 1020 281 1060 pineta
296 1021 414 1049 montis
429 1020 458 1048 ei
476 1025 578 1048 essent
599 1029 693 1049 sacra.

124 1081 171 1088 —
190 1066 244 1102 84.
268 1065 398 1095 Domico
428 1065 566 1104 Olympo
591 1064 692 1102 adjec-

125 1116 194 1140 tum
215 1121 368 1151 quorsum
391 1111 450 1147 sit,
477 1109 615 1139 dubitari
635 1120 693 1149 po-

124 1162 194 1187 test.
208 1159 391 1197 Sequuntur
403 1157 600 1195 interpretes,
613 1165 693 1195 quos

123 1202 190 1232 vidi
201 1225 208 1239 ‚
224 1203 384 1240 Servium,
404 1201 551 1237 Videtur,
569 1202 691 1241 inquit,

124 1246 183 1277 hoc
197 1247 300 1278 dicere
313 1258 323 1276 :
337 1250 460 1277 Praesta
477 1246 507 1276 ei
516 1270 524 1283 ,
541 1247 628 1287 cujus
640 1247 692 1275 be-

125 1293 236 1335 neficio
248 1300 385 1322 servatus
394 1293 440 1321 ad
449 1293 580 1332 Olympi
590 1302 692 1333 regna

123 1338 253 1368 venisli.
291 1340 445 1367 Saturnus
475 1337 560 1366 enim
595 1348 691 1377 quum

123 1394 234 1414 omnes
251 1391 449 1413 consumeret
457 1382 549 1425 filios
560 1405 568 1419 ‚
584 1385 691 1412 Jovem

122 1430 224 1459 solum
246 1440 312 1459 esse
328 1439 391 1459 non
409 1428 532 1468 potuit,
554 1428 692 1458 celatum

123 1475 235 1505 macris
257 1474 357 1516 (Opis
382 1485 437 1504 seu
459 1474 573 1511 Rheae,
596 1485 691 1514 quam

122 1521 254 1551 eandem
274 1531 346 1550 cum
363 1520 482 1561 Cybele
506 1531 570 1549 esse
585 1519 690 1560 perhi-

121 1566 221 1607 bent)
247 1565 380 1596 auxilio.
408 1567 452 1595 At
477 1567 571 1595 nimis
597 1566 691 1606 longe

121 1612 256 1652 petitum
278 1612 359 1648 hoc,
383 1622 482 1651 quum
505 1612 564 1641 hac
582 1611 621 1640 de
637 1622 690 1649 re,

122 1667 189 1686 non
204 1658 323 1686 recenti
343 1657 433 1687 Jovis
453 1656 670 1686 dominatione
682 1679 691 1694 ,

121 1702 177 1732 sed
194 1703 298 1740 Trojae
321 1709 420 1742 captae
443 1709 604 1742 tempore,
623 1709 691 1732 acta

120 1758 224 1777 sermo
239 1749 297 1784 sit;
313 1749 370 1777 etsi
386 1747 516 1776 doctum
531 1758 567 1777 ac
581 1759 691 1777 verum

119 1793 203 1824 illud
215 1793 256 1823 sit
273 1803 281 1823 :
300 1793 383 1822 conf.
397 1793 549 1833 Apollod.
567 1796 593 1830 I,
613 1803 642 1830 1,
659 1795 688 1824 3.

120 1840 245 1870 Paravit
271 1849 400 1879 quoque
424 1840 540 1868 iterum
561 1838 623 1867 sibi
646 1841 690 1869 0-

119 1884 222 1925 lympi
235 1885 403 1924 imperium
413 1886 519 1914 Terrae
531 1894 626 1924 opera
635 1885 655 1914 J
658 1895 691 1912 u-

119 1931 202 1970 piter
223 1940 331 1971 pugna
355 1940 429 1959 cum
447 1930 614 1960 Titanibus
627 1929 690 1959 fac-

118 1981 152 2005 ta
169 1984 177 2005 :
193 1975 271 2006 ibid.
288 1977 304 2004 I
315 1997 323 2012 ,
350 1985 368 2004 2
381 1997 389 2012 ,
419 1986 446 2006 1.
463 1976 575 2004 Dicam
602 1977 690 2015 equi-

119 2019 192 2050 dem
201 2021 395 2061 simpliciter,
405 2021 563 2059 adjectum
573 2031 590 2050 a
599 2027 693 2061 poeta

120 2065 240 2096 domito
264 2067 400 2106 Olympo
410 2089 419 2103 ,
440 2077 499 2106 pro
525 2077 583 2104 eo,
602 2066 692 2107 quod

120 2111 265 2149 volebat,
294 2119 324 2142 te
346 2112 555 2149 domitorem,
573 2120 689 2153 pocen-

119 2163 182 2187 [ειη
200 2157 346 2199 Olympi,
363 2169 469 2200 regem
482 2159 623 2196 deorum,
644 2158 688 2188 di-

748 661 836 688 cere,
860 651 917 691 qui
943 649 1021 680 adeo
1038 657 1143 690 posset
1169 651 1316 691 precibus

746 697 932 727 satisfacere.
944 713 991 719 ——·
1007 696 1048 726 85
1065 707 1133 736 sqq.
1147 699 1317 736 Suspectus

746 743 856 780 locus3
879 741 958 772 silva
979 748 1010 771 et
1033 742 1119 772 lucus
1136 742 1245 771 saltem
1260 753 1317 783 per

747 789 978 829 appositionem
996 787 1077 817 dicta
1091 794 1179 828 puta.
1198 805 1243 811 —-
1260 789 1314 818 86.

751 834 915 864 Tenebanc
937 834 1024 864 Gud.
1048 844 1065 863 a
1088 844 1130 864 m.
1153 844 1203 873 pr.
1215 844 1316 873 para-

747 880 827 910 bant
841 880 963 911 Zulich.
982 880 1129 910 Ceterum
1145 879 1183 909 ad
1195 880 1254 909 hos
1269 891 1314 909 vs.

749 926 792 956 85
804 949 813 964 ,
829 926 871 955 86
883 948 892 963 ,
913 926 952 964 87
974 927 1133 955 neminem
1148 925 1316 956 offendisse

747 973 857 1002 miror.
877 973 951 1002 Esse
966 973 1050 1001 enim
1065 971 1191 1001 hiulcos
1209 978 1239 1001 et
1254 981 1317 1001 sca-

747 1017 841 1055 bros,
872 1028 932 1047 nec
967 1018 1123 1047 sententia
1158 1016 1316 1047 cohaerere

748 1073 821 1092 cum
840 1064 962 1100 ceteris,
980 1063 1021 1092 ad
1035 1073 1162 1092 sensum
1174 1063 1316 1103 proclive

746 1114 816 1138 est:
833 1108 935 1148 pinea
959 1109 1037 1137 silva
1060 1107 1138 1137 mihi
1150 1125 1197 1131 -—-
1215 1110 1316 1138 Lucus

746 1153 779 1183 ιή
801 1164 875 1183 arce
886 1153 1032 1194 filit—5
1057 1164 1211 1194 quorsum
1230 1165 1316 1184 nunc

746 1206 940 1229 memoratur
958 1199 1045 1229 lucus
1061 1199 1093 1228 in
1107 1210 1197 1236 arce,
1216 1210 1315 1239 quum

744 1246 780 1274 in
799 1245 854 1274 Ida
879 1244 917 1273 ad
934 1245 1136 1274 Antandrum
1156 1245 1260 1274 classis
1277 1256 1317 1274 ae-

746 1289 870 1320 dificata
899 1291 1000 1320 esset?
1024 1301 1083 1320 nec
1111 1292 1146 1320 in
1174 1288 1315 1331 acropoli

745 1337 795 1366 Ilii
809 1346 886 1366 caesa
904 1346 968 1365 esse
986 1337 1093 1376 potuit
1107 1337 1250 1365 materies
1262 1346 1315 1365 na-

746 1383 853 1412 vium:
868 1382 944 1411 alter
958 1383 1067 1421 utique
1081 1391 1190 1412 versus
1202 1383 1315 1412 rescin-

746 1427 867 1457 dendus
883 1434 958 1457 erat.
982 1429 1048 1458 Nec
1062 1429 1134 1457 satis
1150 1434 1314 1457 consenta-

744 1484 860 1511 neum,
880 1474 906 1503 si
918 1473 1054 1513 pineam
1079 1474 1189 1503 silvam
1213 1473 1313 1511 dixit,

745 1519 876 1549 eandem
905 1519 1005 1549 facere
1034 1518 1192 1560 Nigrancl
1216 1519 1314 1559 picea

744 1573 777 1594 et
805 1563 949 1594 aceribus
982 1564 1157 1595 obscuram.
1185 1567 1313 1596 Praesta-

744 1610 799 1640 bat
815 1610 919 1640 delere
933 1610 999 1640 duo
1021 1621 1146 1647 versus,
1165 1617 1314 1651 tanquam

744 1656 871 1686 aliunde
884 1657 919 1686 in
931 1658 1070 1697 margine
1083 1657 1235 1697 appictos,
1249 1667 1314 1686 mu-

744 1709 809 1732 tato
828 1713 921 1740 mox,
942 1703 981 1731 iis
999 1703 1112 1738 illatis,
1128 1712 1199 1732 voc.
1220 1703 1315 1731 Hanc

743 1749 778 1777 in
801 1749 892 1783 Has;
917 1747 1027 1776 saltem
1050 1747 1213 1776 includere
1241 1758 1312 1784 eos,

743 1799 891 1832 tanquam
901 1803 917 1821 a
927 1799 1018 1832 poeta
1033 1799 1204 1830 narratore,
1215 1792 1254 1822 ad
1268 1795 1315 1823 in-

743 1839 1000 1878 terpretationem
1014 1839 1147 1868 insertos
1156 1862 1164 1876 ,
1181 1840 1215 1868 in
1227 1839 1314 1869 hunc

744 1883 875 1913 modum
890 1893 897 1913 :
914 1883 1018 1912 Pinea
1035 1883 1114 1913 silva
1134 1883 1213 1914 milzi
1232 1884 1313 1914 mul-

745 1936 791 1959 tos
812 1929 930 1958 dilecta
939 1939 1002 1968 per
1018 1939 1118 1959 annos
1133 1929 1258 1970 (Lucus
1279 1931 1312 1960 in

744 1985 817 2004 arce
854 1975 898 2004 uic
919 1991 966 1997 ——
990 1974 1134 2005 obscurus
1157 1975 1282 2005 acernis
1300 1976 1313 2017 )

744 2022 838 2050 Hanc
864 2031 922 2062 ego
945 2022 986 2051 D.
1005 2022 1146 2059 Verum,
1172 2029 1210 2051 ut
1229 2021 1312 2051 dixi-

743 2075 814 2096 mus
825 2090 833 2105 ,
850 2077 980 2108 prorsus
994 2073 1069 2096 sunt
1082 2067 1175 2097 alieni
1188 2068 1228 2097 ab
1242 2068 1274 2098 h.
1290 2068 1310 2097 l.

743 2114 831 2142 ——In
845 2123 935 2149 arce,
953 2113 988 2142 in
1002 2113 1119 2143 vertice
1132 2114 1215 2151 1dae;
1233 2121 1312 2143 esset

740 2157 775 2188 τὸ
798 2156 961 2202 Γάργαρον
984 2155 1100 2202 ἄκρον,
1118 2160 1153 2190 11.
1175 2157 1210 2198 ξ,
1231 2169 1307 2199 ²92-
