1414 2435
117 109 181 138 404

479 103 513 132 P.
539 101 723 131 VIRGILII
748 101 946 131 MARONIS

169 163 215 197 Et
236 159 384 197 trichila
401 158 619 196 umbriferis
637 159 774 209 frigida
793 158 1055 196 arundinibus.

119 225 184 259 Est
203 230 239 257 et
259 220 434 257 Maenalio
453 233 538 270 quae
559 219 678 270 garrit
698 219 807 256 dulce
823 219 894 256 sub
913 228 1023 256 antro

171 282 326 318 Rustica
343 281 506 331 pastoris
527 281 651 318 fistula
669 293 775 317 more
793 292 942 317 sonans.
1289 297 1317 312 ιο

121 345 184 380 Est
205 352 242 379 et
261 355 404 392 vappa,
424 341 519 379 cado
535 355 659 391 nuper
679 341 818 379 diffusa
836 341 962 391 picato
984 356 992 377 :

174 405 239 440 Est
258 403 459 452 strepitans
478 414 593 439 rauco
613 415 809 438 murmure
829 402 934 438 rivus
955 413 1072 451 aquae.

122 467 218 500 Sunt
238 462 352 499 etiam
370 475 505 500 croceo
522 462 633 498 violae
651 461 697 498 de
717 461 811 498 flore
831 461 1001 506 corollae;

178 525 363 572 Sertaque
383 535 579 574 purpurea
596 523 700 559 lutea
718 522 829 559 mista
847 535 953 568 rosa3

122 586 170 620 Et
191 596 275 632 quae
296 584 468 633 virgineo
488 582 605 620 libata
623 583 801 620 Achelois
819 582 868 620 ab
888 595 996 620 amne
1296 589 1325 612 1⁵

176 643 273 679 Lilia
291 642 464 680 vimineis
483 643 618 680 adtulit
636 643 676 679 in
695 642 864 680 calathis.

125 704 222 738 Sunt
239 711 276 738 et
298 703 454 749 caseoli,
477 716 571 753 quos
584 704 722 753 juncea
741 703 872 740 fiscina
892 702 1016 739 siccat.

179 762 276 796 Sunt
295 763 502 798 autumnali
523 776 632 798 cerea
648 776 772 812 pruna
791 762 871 809 die3

126 822 393 868 Castaneaeque
413 834 546 865 nuces,
567 831 604 857 et
624 835 740 856 suave
759 821 937 857 rubentia
955 822 1062 857 mala.

184 882 247 916 Est
267 880 329 916 hic
348 879 489 916 munda
508 882 638 926 Ceres;
658 888 715 916 est
733 883 869 926 Am01'3
891 889 946 917 est
965 880 1150 916 Bromius*
1297 895 1326 910 ιο

128 943 223 976 Sunt
243 949 280 976 et
299 952 405 976 mora
426 949 600 984 cruenta,
621 949 658 976 et
676 940 786 977 lentis
806 953 881 977 uva
900 940 1058 977 racemis
1079 956 1086 975 :

181 1002 246 1037 Est
261 999 428 1048 pendens
443 1000 562 1050 junco
582 1001 765 1037 caeruleus
786 1000 955 1038 cucumis
976 1016 984 1036 ι

129 1061 195 1095 Est
214 1059 342 1107 tuguri
361 1067 486 1096 custos
505 1067 670 1096 armatus
688 1060 780 1097 falce
800 1060 960 1109 saligna3

186 1116 260 1154 Sed
280 1130 356 1154 non
375 1126 412 1154 et
432 1127 538 1155 vasto
558 1127 614 1155 cst
633 1119 786 1168 inguine
806 1119 997 1156 terribilis.

133 1179 218 1214 Huc
237 1177 409 1226 Calybita
433 1179 517 1215 veni
535 1195 542 1215 :
566 1179 683 1217 fessus
699 1180 778 1229 jam
795 1180 905 1217 sudat
925 1179 1059 1217 asellus
1078 1193 1085 1213 :
1299 1189 1328 1212 ιε

184 1338 213 1367 8.
235 1339 262 1367 T
261 1338 374 1368 richila
391 1340 441 1369 vel
460 1339 618 1369 trichilum
634 1351 704 1380 per-

135 1384 209 1423 gula
227 1391 327 1414 estex
343 1385 462 1415 vitibus
480 1386 578 1415 aliave
593 1386 705 1417 arbore

136 1430 330 1470 pedamentis
352 1438 382 1460 et
395 1432 479 1472 jugis
492 1430 628 1469 firmata,
651 1435 705 1462 im-

135 1477 252 1517 plicitis
289 1477 457 1508 frondibus
490 1486 706 1509 concamerata

139 1523 188 1552 vel
213 1530 337 1553 arcuata
356 1523 394 1553 ad
418 1525 563 1554 umbram
589 1525 705 1555 facien-

138 1569 227 1604 dam,
252 1571 377 1600 notiore
402 1581 478 1600 voce
501 1571 707 1612 hypampelos

138 1615 232 1645 dicta.

191 1672 240 1692 10.
266 1661 407 1693 Pastoris
433 1673 518 1692 more
533 1675 543 1692 :
563 1665 659 1694 immo
677 1665 707 1693 in

139 1719 200 1738 Ore.

192 1765 240 1785 12.
272 1757 316 1785 Ec
339 1755 508 1796 strepitans
539 1756 708 1797 legendum

139 1812 213 1831 cum
239 1802 305 1831 aliis
333 1801 447 1833 editor.
475 1804 648 1844 Strepitum
676 1805 710 1834 in

140 1848 297 1888 crepitans
315 1871 322 1882 ,
363 1849 527 1889 trepidans
545 1873 552 1885 ,
588 1857 710 1880 mutant

143 1895 201 1924 iii-i
232 1894 335 1931 docti,
360 1896 456 1925 iidem
486 1896 547 1926 hoc
572 1897 604 1926 in
630 1897 710 1927 illud

143 1942 310 1972 mutaturi.
324 1943 349 1971 si
364 1943 496 1971 alterum
511 1945 708 1983 reperissent.

194 1989 243 2018 13.
267 1990 347 2018 Sunt
369 1996 400 2018 ec
426 1989 575 2030 Cecropio
593 1989 711 2029 juncea.-

141 2035 273 2076 deslore
289 2035 418 2065 corolla·
435 2042 496 2065 tres
509 2036 602 2066 codd.
619 2036 711 2067 Unde

143 2081 311 2111 Burmann.
330 2092 396 2111 non
412 2081 540 2112 indocte
557 2084 687 2120 conjicit
702 2094 710 2114 ε

144 2127 275 2164 surreio
301 2127 424 2166 juncta·
460 2129 500 2159 de
528 2129 625 2167 flore,
660 2129 709 2159 vel

145 2172 338 2213 Com-cinque
353 2186 444 2203 erm-o
462 2168 559 2205 vin‘la·
580 2176 709 2218 deflore-

141 2219 278 2248 forolla:

812 1341 867 1375 15,
901 1341 952 1369 16.
984 1340 1212 1370 Suavissimum
1245 1339 1331 1370 disti-

760 1386 855 1416 chon.
881 1386 992 1416 Cernis
1006 1385 1189 1427 Nympham
1208 1385 1331 1416 calatho

759 1432 940 1462 afferentem
970 1432 1156 1473 potantibus
1183 1431 1260 1463 lilia.
1287 1435 1333 1462 A·

759 1478 904 1508 chelonm
921 1478 960 1508 de
976 1488 1055 1519 aqua
1071 1478 1135 1508 dici
1150 1480 1252 1520 poetis
1265 1489 1331 1510 non

760 1525 951 1565 infrequens.
991 1524 1106 1555 Libaea
1142 1525 1182 1554 ab
1213 1535 1328 1560 amne,

759 1570 935 1601 humefacta
945 1594 953 1608 ‚
968 1570 1050 1600 viola
1065 1573 1100 1600 in
1114 1572 1182 1611 ripa
1197 1570 1330 1603 florens.

762 1627 855 1657 quain
871 1617 952 1647 adeo
968 1616 1058 1646 alluit
1070 1615 1166 1647 unda.

815 1675 825 1693 1
835 1674 864 1701 7.
882 1663 1012 1704 Scirpea
1022 1663 1109 1694 Leid.
1121 1669 1152 1693 et
1166 1663 1216 1694 ed.
1228 1664 1249 1694 J
1252 1669 1332 1698 unt„

763 1717 793 1740 ct
820 1710 924 1750 sit-pen
944 1709 1066 1753 fiscina
1095 1709 1180 1744 Μὰ,
1207 1708 1333 1739 doctius

763 1757 890 1797 utiqne3
914 1763 949 1786 ut
961 1757 1080 1797 juncea
1098 1766 1158 1797 pro
1177 1757 1332 1797 interpre-

765 1809 904 1833 tamento
918 1804 968 1833 sit.

813 1849 865 1880 25.
893 1851 962 1879 Huc
984 1849 1116 1879 Alibida
1144 1848 1234 1878 veni.
1258 1847 1332 1878 Sile-

764 1907 840 1926 num
865 1896 1155 1936 interpretabantur
1178 1904 1186 1924 :
1213 1895 1267 1935 qui
1291 1901 1334 1923 ta—

766 1953 837 1973 men
860 1953 875 1973 a
902 1942 976 1972 loco
1001 1949 1031 1971 et
1061 1952 1094 1972 re
1123 1941 1243 1971 alienus
1270 1951 1335 1970 esse

765 1989 909 2022 videtur,
933 1987 1060 2030 quando
1079 1986 1207 2028 quidem
1227 1986 1278 2017 hic
1301 1988 1334 2016 in

766 2046 838 2065 vera
865 2037 926 2065 vira
956 2041 1099 2065 versatur
1129 2040 1233 2074 poeta.
1263 2032 1335 2063 Asi-

765 2082 836 2111 vida
860 2092 919 2122 pro
945 2079 1135 2111 asinivehida
1165 2091 1204 2109 ex
1225 2079 1335 2110 Plauto

763 2127 826 2158 hnc
854 2128 971 2158 inferre
994 2127 1124 2157 voluere
1144 2127 1270 2167 plures,
1286 2126 1334 2155 in-

764 2182 810 2205 ter
843 2185 923 2215 quos
954 2175 1103 2205 Heinsius
1136 2173 1272 2215 Scaliger
1307 2179 1337 2201 et

763 2223 892 2251 Gesner.
