1414 2435
107 70 150 105 34
606 68 800 99 ΕλἜΙΒΟὸ

104 129 230 175 Atque
248 126 367 170 lacus,
385 124 451 174 qui
470 132 554 174 post
571 123 679 162 Albae
698 125 744 161 de
763 126 914 163 nomine
934 127 1024 163 dicti

104 184 259 231 Albani3
277 193 357 221 tum
375 197 443 221 rex
461 183 610 222 stabula
627 185 703 222 alta
719 187 876 223 Latinus
895 185 1070 223 habebat.

105 247 158 282 Ut
175 245 295 291 stetit,
315 252 352 281 et
370 245 510 282 frustra
528 244 721 283 absentem
739 247 905 296 respexit
923 246 1085 284 amicum
1103 259 1111 279 τ

104 321 120 337 «
140 304 320 353 Euryale,
339 305 471 342 infelix
489 318 564 356 qua
581 315 617 343 te
636 306 791 356 regione
811 307 972 356 reliqui?

1245 315 1294 348 390

103 368 238 411 Quave
252 369 411 415 sequar?
429 383 444 400 »
464 369 610 404 Rursus
626 367 851 417 perplexum
867 368 940 404 iter
961 380 1070 404 omne
1088 368 1284 405 revolvens

102 425 258 462 Fallacis
277 426 399 470 silvae,
419 426 530 463 simul
550 434 587 462 et
606 426 765 475 vestigia
787 434 892 462 retro

102 485 314 523 Observata
332 485 439 535 legit,
459 485 659 534 dumisque
678 485 874 523 silentibus
894 495 1006 524 errat.

100 545 217 582 Audit
236 557 372 594 equos,
393 545 500 582 audit
517 544 715 594 strepitus,
735 553 773 581 et
789 544 896 594 signa
914 555 1148 595 sequentum.

99 607 178 641 Nec
196 605 351 655 longum
369 605 408 642 in
427 604 554 642 medio
574 612 740 654 tempu53
761 617 879 654 quum
899 605 1040 641 clamor
1059 605 1106 641 ad
1124 606 1225 643 auris
1245 615 1294 648 ³9⁵

98 665 292 709 Pervenit,
311 676 355 700 ac
374 664 479 701 videt
498 664 723 713 Euryalum,
744 678 857 714 quem
872 665 951 715 jam
970 678 1102 702 manus
1122 666 1242 702 omnis

98 725 247 763 Fraude
268 725 343 762 loci
361 733 398 762 et
414 724 554 770 noctis,
574 723 701 762 subito
719 724 896 762 turbante
913 726 1096 771 tumultu,

98 787 333 835 Oppressum
349 785 470 834 rapit,
488 793 525 820 et
544 792 742 820 conantem
762 784 925 833 plurima
945 785 1097 822 frustra.

98 845 201 891 Quid
220 845 353 881 saciat?
372 857 447 893 qua
466 844 503 880 vi
518 844 715 893 juvenem,
736 843 875 894 quibus
892 843 1030 881 audeat
1050 846 1163 881 armis
1181 874 1191 880 ,

97 905 279 955 Eripere?
299 917 346 940 an
364 917 444 940 sese
464 905 608 941 medios
626 906 832 942 moriturus
852 905 892 940 in
911 918 1017 942 enses
1243 917 1291 942 400

95 966 256 1010 Inserat,
277 973 313 1002 et
332 963 530 1012 pulchram
550 974 728 1014 properet
749 977 817 1013 per
833 964 988 1001 volnera
1007 965 1192 1001 mortem?

97 1026 213 1064 Ocius
233 1023 397 1062 adducto
416 1031 596 1072 torquens
616 1023 749 1061 hastile
765 1023 924 1068 lacerto,

94 1171 160 1192 non
174 1159 436 1191 animadvertens.
453 1177 498 1184 —-
513 1160 590 1198 387.
605 1161 666 1189 La-

93 1218 148 1237 cus
166 1206 314 1238 Albanus
335 1206 532 1247 aliquantum
556 1216 630 1236 sane
648 1216 666 1235 a

93 1260 195 1283 castro
225 1254 438 1290 Trojanorum
455 1275 464 1289 ‚
491 1263 547 1282 seu
574 1253 665 1282 Nova

91 1299 199 1337 ija,
229 1297 349 1335 abfuit,
383 1305 413 1328 et
438 1299 555 1336 majore
580 1297 664 1327 forte

90 1344 275 1381 intervallo,
295 1355 390 1385 qnam
406 1350 443 1374 ut
456 1345 564 1384 paucis
576 1343 664 1374 horis

91 1401 109 1420 a
127 1391 229 1421 media
244 1398 339 1421 nocte
354 1390 395 1420 ad
411 1389 473 1420 diei
496 1397 604 1420 ortum
623 1400 662 1419 eo

91 1447 192 1477 usque
205 1447 405 1478 procurrere,
421 1443 452 1466 et
466 1446 574 1466 rursus
587 1435 663 1466 inde

90 1483 183 1513 silvas
213 1490 354 1523 repetere
383 1482 525 1523 potuerit
555 1483 660 1513 Nisus.

90 1529 261 1559 Enimvero
277 1539 336 1558 nec
354 1529 544 1568 geometrica
562 1527 662 1557 subti-

88 1574 177 1604 litate
208 1575 241 1604 in
278 1580 371 1614 poeta
402 1573 468 1603 haec
507 1572 660 1613 exigenda

88 1627 162 1650 sunt
173 1643 181 1656 ‚
198 1621 254 1660 qui
269 1621 402 1650 omnino
420 1620 546 1660 longius
565 1630 661 1649 cursu

88 1673 234 1696 evectum
248 1667 360 1697 Nisum
376 1665 533 1696 declarare
547 1665 658 1696 voluit.

88 1714 214 1743 Poterat
229 1714 254 1742 is
268 1713 372 1742 lacum
391 1712 554 1742 Albanum
564 1735 572 1745 ‚
588 1711 659 1740 lon-

87 1769 127 1799 go
137 1759 195 1789 etsi
207 1759 375 1790 intervallo
385 1759 488 1788 adhuc
499 1758 641 1788 dissitum
651 1781 659 1795 ,

88 1813 192 1835 tamen
207 1805 410 1846 praetergredi
420 1828 428 1841 ‚
448 1816 556 1835 versus
569 1804 660 1835 Tibe-

87 1852 148 1880 rim
168 1852 317 1887 tendens,
336 1859 366 1881 et
384 1863 400 1881 a
417 1858 504 1892 tergo
521 1861 593 1881 eum
610 1862 658 1881 re-

87 1896 230 1938 linquere
242 1921 250 1935 ,
266 1909 402 1938 eumque
426 1898 557 1928 evadere
569 1920 577 1932 ,
602 1899 660 1928 etsi

88 1943 209 1984 aliquot
238 1944 378 1974 millibus
399 1944 440 1974 ab
465 1955 503 1975 co
527 1945 658 1975 abesset.

88 1989 138 2019 Ad
156 1990 325 2020 oculorum
343 2002 471 2020 sensum
487 1991 554 2021 haec
570 1991 602 2020 in
616 1990 661 2020 lo-

87 2045 198 2065 corum
210 2036 339 2076 planitie
353 2044 428 2067 sunt
443 2036 656 2075 dijudicanda.

86 2099 133 2104 —
147 2083 192 2110 At
214 2082 300 2111 lucos
319 2083 415 2113 Goth.
437 2094 498 2114 soc.
525 2083 656 2114 exhibe-

86 2127 159 2162 bat;
184 2138 280 2168 usqne
302 2129 389 2158 lacus
415 2136 459 2159 est
475 2131 657 2168 conjectura

87 2175 147 2204 viri
166 2173 251 2204 docti
269 2174 351 2205 haud
376 2176 544 2216 inelegans.
563 2175 659 2206 Ducti

718 1156 834 1188 Medic.
850 1168 867 1187 a
882 1167 967 1188 man.
988 1168 1036 1198 pr.
1053 1174 1099 1180 —-
1120 1157 1160 1187 38
1168 1157 1198 1188 8.
1218 1159 1290 1188 Sta-

718 1203 793 1233 bula
809 1215 819 1233 :
838 1214 910 1245 ager
926 1210 992 1233 erat
1011 1204 1077 1245 regi
1090 1203 1130 1233 de
1145 1213 1219 1245 agro
1233 1213 1292 1243 pu-

718 1248 803 1280 blico
837 1251 1009 1291 assignatus
1025 1272 1033 1286 ‚
1065 1248 1100 1279 τὸ
1140 1248 1262 1291 τέμενος
1279 1261 1289 1285 ;

717 1305 804 1326 nunc
821 1296 874 1326 iile
888 1306 1040 1336 pascuus,
1056 1295 1216 1336 pascendo
1234 1306 1289 1336 pe·

717 1342 785 1371 cori
807 1349 908 1382 aptus.
926 1343 966 1373 cf.
989 1341 1029 1372 ad
1045 1353 1076 1372 v.
1096 1347 1174 1380 274.
1198 1341 1290 1372 cete-

717 1398 789 1418 rum
823 1395 888 1419 tota
916 1388 984 1419 haec
1013 1394 1116 1428 poetae
1148 1389 1289 1418 neri-atio

716 1436 839 1476 egregie
860 1434 899 1465 ad
931 1434 1197 1475 exspectationem
1224 1444 1290 1464 mo-

716 1481 850 1512 vendam
873 1487 919 1510 est
944 1486 1134 1521 comparata.
1157 1497 1204 1502 --
1221 1480 1288 1520 396

713 1543 761 1550 —-
779 1528 855 1568 398.
881 1526 1058 1567 Euryalum
1086 1527 1288 1566 ignoratione

714 1575 836 1604 viarum
862 1572 1062 1613 tenebrisque
1081 1582 1266 1613 oppressum
1280 1595 1288 1609 ‚

714 1620 880 1660 inopinato
903 1619 1003 1649 hostis
1019 1619 1158 1649 adventu
1177 1619 1286 1650 turba-

715 1672 798 1700 tum,
816 1666 993 1705 frustraque
1010 1665 1106 1696 modo
1121 1664 1203 1702 hoc,
1220 1675 1287 1696 mo-

713 1711 755 1742 do
777 1712 858 1742 illud
887 1719 1072 1749 conantem,
1097 1711 1174 1742 dum
1199 1722 1287 1742 nunc

714 1759 830 1799 fugam,
845 1769 932 1789 nunc
943 1769 1027 1788 arma
1039 1765 1139 1799 parat,
1155 1758 1287 1799 capium

713 1811 743 1834 ct
760 1804 933 1835 abducunt.
1172 1807 1175 1809 '

762 1858 838 1887 402.
864 1851 1040 1881 Consilium
1062 1849 1130 1880 Nisi
1146 1860 1185 1879 ex
1202 1860 1282 1881 νει-5.

715 1903 780 1938 4⁰9
804 1897 1028 1927 declarandum
1057 1903 1103 1925 est
1124 1906 1131 1926 :
1158 1895 1285 1926 volebat

713 1945 840 1974 occulto
879 1951 911 1973 et
949 1943 1115 1983 repentino
1163 1942 1283 1972 assultu

714 1990 904 2020 conturbare
927 1996 958 2018 ct
985 1995 1187 2019 consternare
1209 1987 1281 2018 hos-

711 2043 774 2073 tes,
800 2043 835 2066 ut
860 2037 987 2068 incerti.
1011 2034 1129 2075 quibus
1159 2034 1282 2065 insidiis

710 2089 909 2124 peterentur.
930 2083 962 2111 iu
979 2082 1085 2122 sugant
1099 2092 1131 2111 se
1145 2082 1281 2120 conjice-

711 2136 796 2165 rent;
827 2129 867 2158 ita
889 2128 1046 2159 libi-randi
1075 2128 1204 2168 Euty-ali
1228 2139 1281 2158 co-

709 2177 792 2216 pimn
821 2176 897 2206 fore.
927 2177 965 2206 Et
991 2175 1188 2205 successisset
1216 2185 1280 2212 res,
