1414 2435
624 66 746 97 LIBER
770 66 845 96 XII.

1271 70 1335 108 239

137 125 297 163 Arboris
318 125 480 162 obnixus
498 131 654 170 trunco,
675 132 885 172 ventosque
901 123 1048 160 lacessit
1291 141 1336 157 ιω

137 185 299 229 Ictibus,
320 194 356 222 et
372 196 501 235 sparsa
521 183 569 220 ad
586 197 753 234 pugnam
769 183 941 233 proludit
962 196 1086 220 arena.

138 247 218 281 Nec
232 245 355 281 minus
375 244 520 281 interea
537 244 716 281 maternis
736 256 857 281 saevus
876 243 915 280 in
932 243 1046 280 armis

137 306 272 340 AEneas
293 305 393 341 acuit
410 307 589 352 Martem,
611 313 648 341 et
664 318 703 341 se
719 303 875 340 suscitat
894 304 972 349 ira,

139 363 279 400 Oblato
295 365 462 413 gaudens
478 364 644 415 conponi
661 364 802 401 foedere
816 363 970 400 bellum.

133 425 230 458 Tum
250 423 391 469 socios,
408 425 606 473 moestique
625 432 766 460 metum
784 423 928 460 solatur
948 421 1041 466 Iuli,

1288 437 1334 453 110

134 486 226 520 Fata
243 483 401 530 docens;
418 484 575 533 regique
588 483 698 533 jubet
712 495 894 533 responsa
910 483 1044 519 Latino

136 544 247 579 Certa
266 543 409 580 referre
428 544 531 579 viros
545 570 554 588 ‚
576 551 612 579 et
629 543 732 592 pacis
751 543 878 579 dicere
896 542 1008 590 leges.

189 606 344 640 Postera
360 604 426 640 vix
445 616 611 640 summos
633 603 836 653 spargebat
854 603 995 640 lumine
1017 601 1152 639 montis

134 747 212 778 ibid.
227 747 394 790 θυμεῦσθαι
418 745 459 783 εἰς
480 747 573 789 κέρας
587 758 627 777 ex
642 750 706 778 Eu-

135 794 246 834 ripide.
262 796 399 824 Versum
415 795 564 823 Graecum
577 794 612 823 in
625 795 705 834 Epp.

134 840 173 870 ad
186 841 284 871 Attio.
297 842 376 870 VIII
388 863 397 877 ‚
417 841 435 870 5
453 840 555 871 Cerda
571 839 708 880 adscrip-

134 888 174 916 sit
202 893 233 916 et
257 888 320 926 jam
348 887 453 917 Guell.
487 883 573 929 ῥίψαι
600 884 707 916 Πολλὰ

133 931 233 974 μάτην
247 931 406 975 κεράεσσιν
423 932 450 968 ἕς
466 932 545 976 ἠέρα.
561 932 707 976 θυμήναν-

133 989 173 1009 τοι
190 989 196 1009 :
212 987 248 1009 ut
263 980 315 1010 hic
332 990 339 1010 :
356 988 471 1010 ventos
495 979 622 1009 lacessit
638 980 706 1009 icci-

133 1026 197 1055 bus.
226 1026 311 1056 Illud
337 1026 497 1056 alterum:
523 1036 635 1066 sparsa
663 1026 711 1055 ad

128 1082 276 1113 pugnam
313 1072 458 1111 proludit
495 1083 598 1101 arena
631 1082 706 1112 pro-

134 1119 240 1157 prium
254 1125 420 1147 taurorum
434 1124 555 1147 naturae
568 1128 633 1147 esse
643 1119 705 1156 jam

135 1163 258 1193 Plinius
269 1165 350 1193 VIII
362 1186 370 1201 ,
389 1164 431 1199 45
451 1175 475 1194 s.
500 1173 552 1201 70.
571 1165 704 1195 notavit.

135 1209 220 1239 Add.
240 1211 377 1250 Oppian.
394 1211 546 1251 Cyneget.
564 1211 606 1240 56
617 1233 626 1248 ‚
643 1211 681 1249 57
695 1234 704 1249 ‚

137 1256 176 1285 58
191 1267 199 1293 ;
214 1257 356 1296 Quintus
370 1256 476 1287 Calab.
490 1257 547 1287 lib.
563 1258 619 1295 IV,
640 1259 702 1296 237

134 1312 220 1342 seqq.

186 1358 260 1386 107.
279 1350 403 1385 Servus,
423 1348 513 1379 fortis
531 1359 539 1380 z
556 1356 593 1379 ut
614 1350 706 1379 toties

132 1395 195 1432 jam
213 1401 315 1435 poetae
339 1395 458 1425 dictum
481 1396 620 1425 vidimus
646 1406 705 1425 sce-

134 1451 222 1476 vum,
257 1442 435 1478 crudelem,
469 1450 629 1478 atrocem,
653 1441 706 1483 je·-

133 1498 213 1518 rum.
221 1504 267 1510 —
278 1489 352 1518 108.
368 1488 465 1518 Acm't
476 1495 611 1518 mentem
623 1490 704 1519 Ven.

132 1545 165 1563 se
195 1533 325 1564 suscitat
350 1534 399 1564 ira
424 1545 436 1564 .·
459 1545 526 1564 non
553 1535 627 1570 iroe,
666 1534 703 1563 ad

132 1581 230 1618 iram3
255 1580 310 1610 sed
335 1582 380 1610 ira
402 1581 519 1611 excitat
542 1581 704 1618 animum,

133 1627 216 1656 vires
239 1628 356 1663 animi,
379 1629 542 1658 virtutem.
562 1628 612 1657 Sic
634 1637 704 1667 sup.

133 1673 180 1707 V,
199 1672 358 1716 454vv1'1n
376 1672 509 1702 suscitat
522 1672 581 1703 ira.
596 1690 643 1696 -—-
659 1676 705 1702 A-

134 1716 199 1746 cm'c
216 1719 353 1747 Martem
364 1729 376 1753 ;
392 1725 429 1747 ut
444 1718 564 1748 acuisse
575 1718 705 1758 furores

132 1764 211 1799 VII,
235 1763 311 1799 406.
336 1764 471 1793 Doctius
495 1766 579 1793 enim
603 1771 704 1804 poetae

133 1808 247 1840 dicunt
261 1807 364 1853 θτζγειν
376 1832 383 1846 ,
397 1809 461 1839 hoc
482 1816 546 1846 est,
570 1807 702 1847 ὀξύνειν,

132 1854 332 1898 παροξύνειν,
350 1864 381 1886 et
401 1866 514 1886 acuere
533 1857 702 1892 virtutem,

131 1903 229 1940 iram,
259 1913 350 1933 curas
363 1926 371 1939 ‚
402 1913 498 1943 quam
529 1911 641 1932 acuere
670 1913 703 1931 se

134 1948 190 1985 ad,
210 1949 261 1979 vel
284 1951 318 1979 iu
342 1950 420 1979 iram
446 1956 503 1979 etc.
525 1950 625 1979 Etiam
645 1959 704 1988 pro

134 2005 249 2025 acuere
268 1995 404 2037 alicujus
420 1995 568 2038 fiunem,
592 2005 704 2025 acuere

134 2040 287 2081 aliquem,
306 2049 414 2072 noster
434 2049 526 2083 poeta
542 2052 637 2072 ausus
659 2048 704 2071 est

135 2085 239 2117 dicere
255 2097 263 2118 ε
277 2088 464 2129 Auditisque
483 2089 572 2130 lupos
586 2094 706 2117 acuunt

135 2132 290 2163 balatibus
318 2135 418 2177 agni,
450 2136 508 2166 Ge.
532 2137 598 2173 IV,
626 2135 702 2171 435.

134 2193 179 2202 ε·-
200 2188 274 2219 109.
293 2181 443 2216 Foedere‚·
465 2192 572 2223 pugna
591 2183 703 2222 singu-

759 748 817 777 lari
834 757 874 776 ex
896 746 1026 776 foedere.
1043 744 1132 774 Idem
1147 756 1177 776 ν.
1197 756 1208 775 1
1220 755 1257 775 12
1269 757 1333 786 pa-

760 803 829 822 cem
845 792 938 822 dixit.
951 810 997 815 —-
1015 803 1028 822 1
1040 802 1051 820 1
1063 802 1090 822 1.
1106 793 1188 822 Fata
1207 792 1343 834 docens,X

760 841 835 870 Non
850 845 978 869 veretur
994 839 1056 868 hoc
1075 839 1145 878 ipso
1169 838 1333 869 detrahere

761 883 962 926 aliquantum
991 886 1103 914 virtuti
1137 884 1243 914 herois
1271 887 1331 916 sui.

762 933 828 972 Qui
847 933 933 961 enim
950 933 1041 962 novit
1057 931 1147 960 fatale
1164 931 1225 960 sibi
1247 942 1312 961 esse
1323 955 1331 968 ,

760 985 796 1007 ut
810 979 917 1008 vincat
927 1001 935 1015 ‚
959 989 1026 1008 non
1041 977 1120 1007 adeo
1138 988 1251 1017 magna
1268 979 1332 1007 vir-

760 1031 827 1054 tute
843 1024 985 1065 indigere
1006 1023 1134 1053 videtur
1144 1046 1152 1060 ‚
1168 1034 1263 1063 quam
1277 1025 1332 1064 qui

759 1071 882 1100 incerto
895 1094 903 1108 ,
928 1071 1030 1100 multo
1052 1071 1149 1110 magis
1171 1071 1226 1109 qui
1246 1076 1332 1100 certo

761 1118 832 1146 vitae
847 1117 1029 1147 discrimine
1048 1116 1087 1146 ad
1102 1126 1241 1157 pugnam
1258 1127 1330 1157 pro-

760 1163 854 1194 cedit.
880 1163 942 1193 Sed
971 1163 1044 1193 fecit
1072 1164 1154 1198 hoc,
1181 1171 1222 1192 an
1247 1169 1332 1192 recte

759 1220 826 1240 non
842 1210 979 1239 dixerim
989 1232 997 1246 ‚
1013 1209 1160 1249 exemplo
1177 1210 1309 1239 Homeri
1324 1219 1332 1239 ε

759 1256 844 1296 apud
871 1267 966 1296 quem
997 1255 1137 1285 Helenus
1161 1256 1332 1285 Hectorem

760 1302 798 1331 ad
811 1309 970 1332 certamen
983 1301 1044 1332 hoe
1060 1303 1130 1341 ipso
1146 1308 1332 1341 argumento

760 1350 878 1378 excitat
905 1348 996 1378 Iliad.
1023 1358 1042 1380 η
1059 1370 1067 1384 ,
1102 1348 1143 1377 50
1156 1369 1164 1383 ,
1199 1347 1251 1377 52.
1285 1364 1331 1369 —

764 1405 838 1426 112.
867 1394 963 1429 Viros.
975 1406 986 1424 .·
1004 1391 1088 1424 κατὰ
1113 1391 1147 1423 τὸ
1167 1391 1332 1435 σιωπώμε-

758 1451 806 1471 νςν
818 1463 826 1478 ,
844 1441 1033 1481 intelligitur
1057 1441 1167 1470 missos
1191 1439 1310 1480 legatos
1323 1461 1332 1476 ‚

759 1494 795 1517 ut
817 1490 904 1518 SerV.
930 1494 1061 1518 monet:
1085 1487 1143 1516 etsi
1167 1496 1262 1526 supra
1283 1497 1329 1516 vs.

761 1535 803 1572 75
831 1541 953 1564 tantum
974 1544 1059 1563 unus
1077 1532 1192 1562 Idmon
1215 1542 1330 1562 memo-

759 1587 845 1610 ratus
859 1588 924 1618 est;
941 1581 1001 1610 nisi
1015 1579 1108 1615 dicas,
1119 1579 1229 1608 missos
1244 1589 1330 1608 nunc

761 1636 826 1656 esse
841 1627 881 1656 ab
899 1629 997 1657 AEnea
1016 1627 1112 1661 alios,
1131 1626 1261 1655 comites
1277 1624 1331 1655 da-

759 1680 807 1703 tos
823 1673 1032 1703 redeuntibus
1047 1672 1151 1702 Latini
1164 1671 1282 1711 legatis.

809 1730 822 1748 1
834 1730 845 1748 1
854 1720 884 1750 3.
899 1721 983 1749 Bene
995 1719 1123 1749 Servius
1133 1726 1141 1747 :
1151 1730 1166 1742 «
1181 1719 1220 1746 Et
1233 1718 1330 1746 scien-

758 1779 773 1791 «
793 1764 890 1802 dum,
912 1774 1078 1805 nunquam
1101 1762 1182 1791 diem
1205 1763 1250 1791 sic
1271 1773 1329 1802 po-

759 1824 773 1836 a
793 1817 896 1840 tenter
916 1810 1116 1849 descripsisse
1135 1808 1328 1849 Virgilium,

758 1870 772 1881 «
791 1857 875 1885 sicut
897 1857 932 1885 in
948 1858 1009 1892 lv,
1029 1855 1093 1884 522
1111 1860 1255 1890 noctem,
1271 1854 1329 1884 uhi

757 1916 772 1927 «
792 1901 876 1932 Dido
912 1901 1103 1942 pervigilans
1130 1899 1294 1931 deliberat.
1312 1915 1329 1927 a

758 1949 870 1979 Oritur
893 1948 1013 1978 scilicet
1035 1947 1120 1983 dies,
1146 1945 1202 1987 qui
1215 1945 1327 1987 finum

757 1995 846 2024 rebus
869 1994 902 2024 in
920 2005 1019 2024 oevum
1047 1992 1204 2023 Conderet
1217 1991 1328 2022 huma-

758 2041 806 2070 nis
817 2064 826 2078 ‚
840 2051 967 2082 quoque
988 2050 1108 2070 summa
1126 2038 1203 2069 belli
1221 2045 1251 2069 et
1264 2049 1327 2069 car-

758 2088 851 2117 minis
878 2089 999 2117 exitum
1030 2097 1124 2116 suum
1157 2086 1325 2116 inveniret.

758 2134 847 2165 Ordo
877 2144 885 2165 ε
916 2136 1048 2164 Postera
1085 2131 1148 2162 vix
1188 2143 1326 2162 summos

759 2180 929 2223 spargebat
955 2180 1075 2212 lumine
1100 2186 1219 2210 montes
1245 2179 1324 2209 Orta
