1414 2435
584 77 706 109 LIBER
729 79 770 108 x.
1233 91 1246 117 ς
1256 82 1271 110 3

82 135 230 173 Italiam
249 137 410 187 petiere,
427 135 532 172 luant
550 143 720 185 peccata3
738 148 860 184 neque
878 135 958 173 illos

82 198 104 231 J
108 197 233 234 uveris
252 196 404 233 auxilio.
424 195 491 233 Sin
509 203 565 232 tot
582 208 762 246 responsa
777 197 915 241 secuti,

84 257 179 301 Quae
199 255 337 307 Superi
355 258 564 306 Manesque
584 255 740 303 dabant3
758 269 826 293 cur
844 270 944 293 nunc
965 265 1029 293 tua
1048 257 1247 308 quisquam

80 318 238 353 Vertere
252 317 357 366 jussa
375 319 522 366 potest?
542 326 606 354 aut
622 329 690 353 cur
707 330 807 354 nova
826 317 988 353 condere
1009 318 1106 354 fata?
1241 328 1271 352 35

79 374 182 420 Quid
202 383 372 426 repetam
388 385 538 414 exustas
557 377 722 426 Erycino
741 376 779 412 in
795 377 906 413 litore
926 377 1072 414 elassis?

79 434 182 480 Quid
199 442 464 486 tempestatum
480 449 626 486 regem,
641 445 850 486 ventosque
870 437 1027 474 furentis

75 494 198 551 AEolia
217 496 386 533 excitos?
406 503 470 532 aut
490 504 611 532 actam
630 495 796 533 nubibus
816 496 931 533 Irim?

74 555 185 591 Nunc
205 555 317 592 etiam
334 556 458 592 Manis
474 555 486 605 (
497 556 577 592 haec
597 556 779 592 intentata
797 555 974 593 manebat

74 616 165 652 Sors
181 615 334 664 rerum)
356 624 482 651 movet
489 631 499 661 3
523 624 559 652 et
575 616 721 664 superis
740 615 892 653 inmissa
911 624 1067 665 repente
1237 629 1268 654 40

71 674 232 720 Allecto,
256 674 398 711 medias
416 675 553 710 Italum
573 674 756 710 bacchata
774 688 844 724 per
861 674 978 711 urbis.

74 735 139 772 Nil
158 747 273 784 super
291 734 453 783 imperio
469 745 644 779 moveo1·;
665 734 899 784 speravimus
915 734 1005 779 ista,

72 797 174 832 Dum
195 795 348 831 fortuna
364 793 436 830 suit
455 807 463 828 ε
481 793 652 838 vincant,
669 804 764 841 quos
781 792 934 829 vincere
953 793 1084 830 mavis.

72 854 114 891 Si
134 853 236 890 nulla
255 861 311 890 est
329 853 454 902 regio,
471 851 628 889 Teucris
645 864 759 901 quam
778 851 841 888 det
861 860 925 888 tua
944 852 1083 902 conjux

69 916 192 960 Dura,
212 926 282 964 per
301 925 461 958 eversae,
478 912 642 962 genitor,
663 911 846 948 fumantia
863 911 986 961 Trojae
1232 922 1263 951 45

67 1081 191 1109 laturus
206 1085 296 1109 esset.
310 1080 387 1109 Haec
399 1085 474 1108 sunt
487 1078 639 1107 mortalia

71 1136 176 1156 arma.
202 1141 248 1148 ——
275 1126 328 1161 34.
355 1126 469 1154 Manes
493 1125 640 1154 Hectoris

68 1172 125 1202 lib.
146 1172 195 1208 ΙΙ,
212 1177 295 1211 294,
313 1171 396 1210 ²953
416 1171 541 1201 Creusae
558 1170 637 1201 ibid.

70 1219 147 1256 780,
169 1217 251 1255 781;
267 1217 415 1247 Anchisae
427 1219 468 1254 V,
487 1227 552 1257 729
567 1227 636 1257 sqq.

67 1265 128 1294 nisi
144 1263 330 1294 descensum
344 1262 384 1293 ad
400 1263 522 1293 Inferos
539 1264 638 1292 maxi·

67 1321 116 1340 me
127 1311 324 1350 respexit.-—-
334 1310 351 1339 3
359 1309 388 1339 5.
401 1311 528 1338 Vertere
531 1308 634 1350 jussa.

66 1359 233 1397 Receptam
248 1356 330 1385 hanc
341 1355 510 1385 lectionem
528 1361 637 1384 tuetur

65 1403 229 1432 Mediceus
243 1412 316 1431 cum
327 1402 405 1438 aliis,
415 1401 560 1441 inprimis
573 1407 634 1431 vet.

64 1449 210 1478 Vaticau.
225 1448 329 1478 Pierii.
345 1449 389 1478 At
401 1449 536 1481 Roman.
547 1446 633 1487 jura.

63 1496 234 1525 Enimvero
237 1493 374 1537 flectere
389 1493 477 1534 jussa
494 1492 631 1533 Oblong.

64 1547 95 1570 et
111 1541 164 1570 alii
179 1541 259 1571 Pier.
280 1550 353 1581 pars
371 1546 447 1569 vett.
473 1537 545 1568 edd.
560 1549 632 1569 cum

62 1597 174 1628 magna
186 1593 275 1627 parte
285 1586 532 1616 Heinsianorum
543 1585 633 1627 3flec-

62 1641 127 1662 tere
140 1632 215 1672 jura
233 1642 294 1663 sec.
309 1634 437 1672 Menag.
455 1638 486 1661 et
497 1631 584 1662 Leid.

115 1678 168 1708 36.
197 1678 285 1708 Facit
319 1677 472 1707 invidiam
508 1679 529 1708 J
531 1677 633 1707 unoni

60 1722 344 1754 commemorandis
367 1723 435 1760 ejus
460 1724 497 1752 in
522 1723 632 1760 Troja-

60 1780 119 1800 nos
146 1768 433 1799 machinationibus
458 1777 466 1798 :
492 1768 633 1808 primum

61 1816 199 1846 incensae
216 1816 251 1845 in
268 1815 380 1845 Siciliae
406 1813 499 1843 litore
522 1812 634 1842 classis

60 1862 117 1892 lib.
140 1864 189 1899 V,
213 1861 279 1891 606
305 1870 395 1902 sqq.;
413 1869 510 1900 porro
533 1860 571 1897 37
598 1860 633 1888 in

62 1908 176 1939 AEolia
198 1907 324 1943 insula,
351 1905 438 1947 quod
462 1905 538 1934 adiit
559 1908 632 1936 AEo-

62 1955 131 1985 lum
151 1953 209 1984 lib.
224 1956 260 1992 1,
284 1954 326 1984 50
347 1963 414 1993 sq.,
437 1958 468 1982 et
490 1951 530 1981 38
555 1951 632 1981 Irim

61 1999 101 2030 ad
123 2002 271 2031 Turnum
308 2000 434 2029 missam
454 1997 511 2028 lib.
535 1999 582 2028 IX
599 1998 632 2027 in

63 2057 113 2086 pr.
128 2046 162 2077 Si
183 2052 290 2076 tamen
306 2056 374 2086 sqq.
395 2053 575 2085 compares,
595 2043 633 2073 ad

63 2093 225 2132 superiora
250 2099 394 2133 tempora
419 2091 522 2121 adhuc
553 2090 632 2120 refe-

63 2137 198 2168 rendum
215 2139 275 2169 erit
290 2138 371 2175 hoc,
391 2137 531 2177 adeoque
551 2136 635 2167 redit

65 2183 77 2223 (
93 2184 135 2213 ita
147 2185 305 2215 convertit
315 2185 489 2215 orationem
505 2183 635 2214 affectus

229 2247 291 2282 IV.

694 1080 790 1109 animi
808 1076 977 1118 concitati)
1004 1077 1043 1106 ad
1061 1078 1166 1118 ipsum
1191 1079 1263 1108 clas-

692 1127 733 1155 sis
760 1124 945 1154 incendium
970 1124 1027 1154 lib.
1044 1126 1089 1159 V,
1110 1124 1188 1154 606.
1216 1141 1263 1147 ——-

693 1173 748 1211 39.
766 1172 863 1201 Nunc
877 1170 974 1200 eciam
989 1181 1000 1199 .·
1017 1181 1057 1199 ex
1076 1180 1140 1209 quo
1153 1171 1263 1209 Troja-

691 1219 726 1247 ni
753 1217 793 1246 ad
822 1216 944 1246 Italiam
972 1216 1101 1246 tandem
1131 1217 1262 1256 appule-

690 1270 778 1293 runt.
793 1264 896 1292 Antea
912 1272 1002 1291 mare
1018 1269 1181 1302 terrasque
1199 1273 1260 1292 me-

689 1317 722 1339 tu
738 1309 913 1349 coelumque
930 1307 1078 1348 fatigabat
1094 1309 1183 1337 Juno
1202 1307 1259 1338 lib.

690 1357 705 1385 I
715 1377 724 1393 ,
741 1356 817 1385 280.
828 1356 923 1385 Nunc
939 1355 1031 1383 etiam
1046 1356 1166 1384 Orcum
1177 1375 1186 1390 ‚
1202 1355 1259 1393 qui

688 1402 843 1438 restabat,
863 1400 929 1429 adit
947 1398 1055 1439 (Juno
1069 1410 1135 1429 nou
1153 1400 1259 1429 nomi-

687 1454 800 1485 natur,
822 1447 877 1476 sed
897 1445 1086 1487 intelligitur
1108 1455 1148 1475 ex
1173 1445 1257 1485 quis-

685 1505 783 1534 quam
809 1504 839 1524 v.
865 1493 930 1534 34)
959 1491 998 1520 ad
1028 1492 1143 1521 Alecto
1170 1493 1255 1521 exci-

686 1539 823 1569 taudam.
841 1550 872 1569 v.
887 1548 983 1579 supra
999 1539 1062 1567 VII
1074 1559 1083 1574 ‚
1102 1537 1166 1567 323
1187 1548 1256 1578 sqq.

685 1586 746 1616 Sed
767 1593 797 1615 et
819 1587 983 1615 Junonem
1006 1584 1107 1624 ipsam
1135 1582 1257 1613 audivi-

685 1642 756 1661 mus
767 1642 775 1662 :
785 1631 947 1661 Absumtoe
956 1653 966 1666 ,
981 1630 1089 1670 inquit
1099 1652 1107 1664 ‚
1127 1628 1160 1658 in
1178 1631 1207 1659 T
1205 1640 1256 1659 eu-

685 1688 753 1707 cros
772 1677 859 1707 vires
882 1676 1014 1716 coelique
1037 1674 1195 1715 marisque
1209 1691 1256 1698 —-

685 1724 825 1753 Flectere
850 1722 878 1751 si
899 1732 1021 1761 nequeo
1042 1731 1187 1760 superos,
1206 1723 1253 1750 A-

685 1768 837 1798 cheronta
854 1767 980 1797 movebo
989 1767 1063 1803 VII,
1078 1767 1156 1802 301,
1174 1766 1192 1795 3
1202 1775 1252 1795 12.

684 1831 731 1836 ——
747 1820 800 1849 4ο.
818 1815 890 1842 Sors
903 1822 1005 1841 rerum
1017 1823 1028 1846 ;
1041 1821 1101 1851 pro
1113 1811 1251 1852 vulgari,

684 1870 757 1900 pars
767 1882 775 1896 ,
794 1859 899 1899 portio
917 1868 924 1888 :
936 1857 1006 1887 loca
1020 1857 1129 1887 infera.
1141 1874 1186 1880 —
1197 1863 1251 1892 41.

687 1904 852 1935 Baccltata
855 1914 919 1945 per
927 1902 1018 1939 urbis,
1032 1907 1139 1943 vagata
1150 1912 1158 1933 :
1169 1904 1232 1932 VII
1243 1925 1251 1940 ‚

688 1953 753 1987 342
770 1962 837 1991 sqq.
854 1949 954 1980 Aliud
969 1955 1015 1978 est
1027 1947 1114 1988 quod
1127 1949 1254 1978 Lavinia

687 2008 760 2027 cum
779 1997 928 2027 matronis
949 1994 1120 2024 bacchatur
1133 1993 1253 2024 ibidem

688 2044 754 2082 376
770 2054 837 2083 sqq.
853 2060 899 2065 -—
914 2047 967 2078 42.
985 2041 1086 2081 Super
1099 2040 1229 2081 imperio
1240 2051 1253 2069 :

687 2101 702 2119 a
718 2092 798 2121 Jove
814 2089 968 2129 promisso
986 2097 1055 2127 sup.
1073 2088 1106 2124 1,
1125 2087 1187 2124 257
1204 2097 1252 2127 sq.

688 2155 731 2159 —
747 2141 800 2171 44.
818 2134 852 2165 Si
873 2134 985 2170 nulla;
1000 2139 1036 2163 ut
1049 2134 1082 2171 I,
1100 2134 1166 2169 234
1182 2133 1253 2173 qui-

686 2183 747 2213 bus
763 2200 808 2206 --
829 2180 965 2211 Cunctas
984 2179 1023 2210 ob
1042 2180 1172 2210 Italiam
1192 2186 1251 2208 ter-

1074 2272 1083 2288 s
