1414 2435
86 54 149 83 118

585 47 782 78 AENEIDOS

83 109 253 145 Dixerat.
273 107 409 142 AEneas
429 110 563 140 contra
580 102 643 140 cui
660 103 750 139 talia
771 101 897 139 reddit
919 116 927 137 :

1233 111 1282 135 ⁵30

87 187 101 200 «
123 167 280 217 Argenti
299 174 413 215 atque
434 164 518 201 auri
535 176 723 200 memoras
740 175 824 212 quae
845 161 962 198 multa
982 162 1143 208 talenta,

86 226 218 264 Gnatis
238 237 350 275 parce
369 225 455 262 tuis.
474 224 567 260 Belli
586 223 814 260 commercia
831 224 983 259 Turnus

87 286 245 323 Sustulit
266 286 338 322 ista
356 284 486 335 prior,
502 284 582 334 jam
603 292 684 320 tum
705 283 873 320 Pallante
891 292 1073 332 peremto.

86 350 170 383 Hoc
189 346 306 397 patris
326 345 501 383 Anchisae
520 348 671 391 Manes,
691 345 764 381 hoc
785 344 898 382 sentit
917 344 1032 382 Iulus.
1054 361 1068 376 υ

87 408 148 444 Sic
169 407 267 443 fatus
283 406 427 456 galeam
445 406 541 442 laeva
557 413 677 450 tenet,
698 413 811 454 atque
830 404 974 440 reflexa

1237 412 1285 437 535

87 466 242 503 Cervice
264 465 407 502 orantis
429 465 565 514 capulo
586 472 694 501 tenus
715 464 879 513 adplicat
898 475 1035 499 ensem.

87 530 166 564 Nec
185 527 318 576 procul
339 524 601 570 Haemonides,
619 523 754 561 Phoebi
770 523 985 572 Triviaeque
1006 521 1200 568 sacerdos,

88 587 212 623 Infula
232 586 293 622 cui
313 598 419 622 sacra
438 584 640 622 redimibat
661 593 833 634 tempora
850 584 963 627 vitta,
1084 580 1086 583 ’

87 649 206 683 Totus
226 646 426 682 conlucens
441 653 546 682 veste
559 673 568 690 ‚
586 654 699 693 atque
718 642 928 692 insignibus
949 642 1063 679 armis
1085 657 1093 677 :

90 710 214 752 Quem
235 718 456 754 congressus
477 705 553 753 agit
573 716 724 752 campo,
744 705 966 752 lapsumque
985 710 1202 751 superstans
1238 711 1286 740 ⁵40

89 766 268 810 Inmolat,
287 764 506 814 ingentique
526 762 662 800 umbra
679 763 782 812 tegit.
803 767 920 798 Arma
941 765 1113 799 Serestus

88 830 203 863 Lecta
222 825 338 861 refert
358 823 543 868 hinneris,
565 822 654 868 tibi,
675 837 741 860 rex
763 822 949 868 Gradive,
967 831 1166 872 tropaeum.

88 889 304 923 Instaurant
322 884 419 922 acies
438 883 595 920 Volcani
613 884 730 934 stirpe
749 891 898 920 creatus

88 1018 123 1039 m
146 1009 331 1049 simpliciter
367 1018 427 1048 pro
462 1007 660 1048 ponderibus

88 1055 182 1085 dixit.
206 1072 253 1078 ——-
278 1055 354 1085 531.
373 1055 567 1084 Sententiam
591 1065 661 1084 ver-

88 1112 141 1131 sus
165 1102 292 1131 ornavit
317 1099 484 1133 Claudiau.
510 1100 548 1130 de
571 1101 659 1131 Bello

89 1148 192 1178 Getic.
208 1147 402 1183 604—615.

137 1194 221 1229 532,
239 1194 315 1223 533.
336 1192 471 1223 Ornavit
490 1193 660 1222 Homerica

88 1239 108 1269 l.
128 1250 155 1269 c.
179 1239 270 1270 mad.
287 1249 307 1280 φ
321 1261 329 1275 ,
354 1249 397 1278 99
419 1248 500 1277 sqq.‚
519 1245 551 1268 et
571 1240 606 1267 in
628 1249 658 1268 v.

90 1286 175 1320 534,
203 1286 269 1314 535
295 1284 375 1314 ibid.
405 1285 465 1313 115
495 1294 563 1323 sqq.
589 1294 661 1323 quae

88 1330 270 1367 conferant,
285 1339 426 1370 quorum
444 1328 547 1358 studia
563 1330 597 1358 in
611 1329 661 1358 his

87 1378 189 1417 posita
207 1382 293 1406 sunt.
311 1392 359 1399 —-
374 1376 451 1405 532.
466 1377 568 1404 Parce
581 1386 661 1416 gna-

88 1423 127 1451 tis
143 1422 218 1458 tuis,
243 1432 303 1463 pro
316 1431 421 1457 serva,
437 1427 474 1450 ut
494 1421 578 1461 apud
597 1423 658 1451 Lu-

88 1468 197 1498 cilium
229 1475 260 1498 et
295 1468 436 1497 Ennium
463 1468 628 1497 invenitur
651 1477 659 1497 :

88 1517 176 1545 Serv,
195 1513 280 1543 Belli
287 1512 481 1543 commercia
494 1512 660 1542 redemtio-

89 1570 161 1590 nem
185 1560 396 1599 captivorum.
419 1575 466 1581 »-
486 1559 562 1594 534.
579 1560 661 1588 Ean-

89 1605 161 1635 dem
193 1605 339 1635 Anchisae
363 1605 508 1634 Manium
537 1610 568 1633 et
596 1603 659 1633 Iuli

89 1652 277 1682 sententiam
300 1661 364 1680 esse
381 1652 442 1681 aio.
468 1651 606 1690 Respicit
622 1649 660 1679 ad

91 1708 200 1738 preces
216 1707 246 1726 v.
269 1697 352 1733 524,
376 1697 451 1727 525.

138 1745 200 1781 537
218 1760 264 1766 —-
281 1743 357 1779 542.
373 1744 442 1773 Nec
455 1742 571 1782 procul
588 1743 661 1771 Ha·-

92 1790 234 1819 munides
261 1806 309 1812 —
345 1790 445 1829 Quem
477 1799 661 1830 congressus

91 1836 179 1876 agiu
195 1846 282 1866 inore
295 1835 381 1865 haud
398 1835 544 1871 insolito,
559 1842 662 1864 struc-

92 1890 194 1912 turam
208 1883 356 1918 mutavit3
373 1892 473 1922 quum
486 1892 551 1911 esse
567 1881 663 1910 debc-

92 1935 138 1958 ret
167 1939 174 1959 :
205 1930 271 1959 Nec
301 1928 412 1968 procul
440 1927 662 1958 lla-:nonidem

91 1974 172 2012 agit.
198 1990 243 1997 —-
267 1976 342 2013 539.
364 1974 545 2015 Insignibus
568 1973 661 2005 albis.

91 2021 141 2049 sic
157 2021 239 2060 apud
255 2024 342 2051 Serv.
357 2021 481 2050 Probus
493 2018 661 2061 legendum

90 2065 211 2095 dicebat
229 2077 236 2096 ι
258 2081 272 2091 u
292 2073 326 2095 ut
344 2066 428 2096 albas
452 2073 552 2097 vestes
583 2066 664 2095 acci-

92 2113 232 2151 piamus,
257 2123 327 2152 quae
349 2113 564 2143 sacerdotibus
588 2123 664 2142 con-

91 2168 178 2198 gruae
197 2166 281 2188 suut.
304 2174 318 2184 ›·
344 2161 409 2188 ,Nec
431 2166 533 2189 tamen
551 2158 661 2195 video,

714 1007 878 1048 quomodo
896 1006 1035 1049 insignia
1054 1007 1094 1037 de
1113 1014 1197 1037 veste
1217 1018 1287 1048 pos-

713 1055 778 1083 sint
812 1055 922 1094 accipi.
957 1055 1025 1084 Nisi
1055 1054 1136 1083 forte
1168 1053 1287 1090 voluit,

714 1107 798 1130 certe
819 1100 947 1136 debuit,
965 1099 1104 1140 insignia
1127 1098 1222 1134 alba,
1248 1099 1287 1129 de

713 1146 814 1176 infula
831 1153 862 1176 et
878 1147 964 1175 vittis
979 1145 1132 1185 intelligi,
1148 1151 1179 1174 et
1195 1153 1287 1175 veste

713 1192 790 1221 alba
807 1192 882 1222 inde
904 1191 1036 1232 expleri.
1056 1192 1104 1220 Ita
1122 1190 1286 1221 blanditur

713 1238 809 1268 lectio
825 1248 833 1268 ;
848 1239 942 1267 etiam
957 1238 1031 1277 quia
1046 1236 1153 1278 paullo
1164 1244 1237 1277 post
1251 1248 1283 1268 ν.

715 1285 782 1313 550
797 1283 1042 1325 infidgentibus
1059 1282 1157 1312 armis
1174 1282 1284 1313 itidem

714 1331 790 1359 exit.
805 1347 853 1352 —
870 1331 946 1365 541.
967 1329 1161 1370 Ingentique
1174 1328 1286 1359 umbra

714 1375 794 1416 tegit
806 1387 850 1406 sc.
869 1386 964 1416 super
987 1374 1128 1412 adstans,
1145 1382 1177 1405 et
1193 1374 1286 1406 incli-

713 1432 793 1451 nans
817 1433 867 1459 se,
888 1429 924 1451 ut
947 1421 1047 1461 spolia
1072 1421 1167 1462 legat.
1195 1420 1285 1452 Ordo

713 1467 887 1496 verborum
901 1467 1076 1507 simplicior
1095 1473 1161 1496 erat
1184 1476 1192 1497 :
1213 1466 1286 1506 Iap-

713 1523 782 1542 smn
794 1512 957 1547 immolat,
976 1519 1221 1552 superstansque
1240 1512 1287 1542 in-

711 1558 806 1599 genti
827 1558 939 1587 umbra
965 1558 1053 1599 tegit.
1076 1559 1123 1587 Ita
1145 1559 1285 1599 accipio,

714 1615 773 1633 nec
788 1604 877 1634 aliter
890 1604 990 1644 accipi
1005 1614 1095 1644 posse
1105 1611 1195 1644 puto.
1206 1606 1287 1635 Sauo

714 1650 753 1679 de
775 1658 876 1680 morte
903 1657 968 1680 tuin
993 1650 1062 1686 alii,
1083 1657 1149 1680 tum
1178 1651 1285 1681 Ursiu.

714 1696 828 1736 Scalig.
854 1696 952 1727 Ccrda
972 1697 1153 1736 accipiunt,
1180 1703 1216 1726 ut
1247 1698 1288 1727 sit

714 1740 821 1777 σκότος
842 1741 904 1772 ὅσς’
923 1740 1088 1783 ἐκάλυψεν,
1107 1749 1138 1772 et
1154 1752 1227 1783 quae
1246 1743 1287 1772 si·

714 1790 799 1818 milia
815 1789 874 1819 alia
887 1789 972 1830 apud
986 1791 1161 1820 Homerum
1176 1798 1287 1819 occur-

716 1843 801 1866 runt.
813 1838 857 1866 At
869 1838 954 1866 enim
967 1842 1089 1865 noctem
1098 1857 1107 1870 ,
1123 1834 1265 1864 umbram
1274 1857 1282 1868 .

715 1890 820 1922 tegere
835 1882 941 1912 oculos
956 1889 1041 1911 recte
1055 1880 1176 1911 dixeris
1190 1890 1198 1912 :
1215 1882 1286 1921 quis

716 1939 792 1957 vero
810 1929 906 1963 ferat,
930 1935 1035 1968 tegere
1052 1926 1193 1967 aliquem
1218 1937 1286 1956 nm·

714 1971 844 2003 braym
858 1980 926 2003 tum
939 1972 1048 2003 umbm
1063 1972 1209 2014 ingemi?
1226 1975 1286 2004 Ar-

716 2031 765 2050 ma
787 2019 922 2049 deu-aeta
938 2018 990 2049 dat
1009 2022 1132 2049 Sei-esto
1154 2019 1284 2060 abspor-

717 2065 809 2096 tanda
827 2075 834 2095 :
854 2076 894 2096 ex
914 2076 1020 2102 more,
1037 2076 1067 2096 v.
1090 2075 1118 2096 c.
1139 2065 1226 2096 iliad.
1243 2076 1285 2103 π,

718 2113 783 2143 663
798 2129 845 2136 —
857 2112 935 2143 665.

765 2159 841 2194 543.
876 2161 1065 2189 Instaurant
1093 2158 1178 2188 acies
1208 2165 1287 2199 puto
