1414 2435
137 89 199 127 164

632 90 828 121 AENEIDOS

130 153 296 186 Dextera
313 158 442 186 caussa
460 156 524 186 tua
541 155 613 194 est3
632 150 804 185 Turnum
822 155 1010 196 gnatoque
1027 146 1202 196 patrique

132 211 256 253 Quam
275 207 415 244 debere
434 207 538 245 vides
559 222 567 243 ε
588 206 731 244 meritis
749 214 860 244 vacat
878 206 940 242 hic
960 205 1031 243 tibi
1048 206 1149 243 solus

131 269 382 316 Fortunaeque
400 268 523 314 locus;
541 280 618 304 non
633 266 721 303 vitae
741 266 878 315 gaudia
896 278 1043 315 quaero,
1281 273 1326 297 18⁰

131 328 210 361 Nec
228 326 298 372 fas;
319 325 386 363 sed
404 334 493 363 nato
510 327 634 363 Manis
650 326 819 376 perferre
837 324 908 362 sub
924 325 1030 362 imos.
1051 341 1065 357 υ

182 387 334 421 Aurora
352 385 496 422 interea
514 385 661 422 miseris
679 383 903 420 mortalibus
924 384 1060 420 almam

132 445 328 482 Extulerat
346 446 487 493 lucem,
504 446 671 482 referens
691 457 809 493 opera
827 452 939 492 atque
958 443 1119 480 labores.

131 507 214 540 ,lam
233 513 341 554 pater
360 507 513 550 AEneas,
529 506 608 555 jam
628 517 746 541 curvo
766 504 805 540 in
821 503 932 540 litore
949 502 1099 538 Tarcho

133 565 372 601 Constituere
388 577 501 614 pyras
522 578 528 599 :
548 564 623 600 huc
643 576 805 613 corpora
823 563 983 612 quisque
1004 573 1160 598 suorum
1282 570 1326 592 1²5

130 625 241 660 More
261 624 380 660 tulere
397 634 565 674 patrum3
586 623 842 674 subjectisque
859 621 1011 671 ignibus
1029 622 1119 659 atris

131 682 316 718 Conditur
332 682 371 719 in
388 682 561 719 tenebras
582 683 698 719 altum
717 682 875 731 caligine
894 681 1040 717 coelum.

132 741 206 775 Ter
224 739 367 776 circum
387 741 584 785 adcensoe,
605 741 719 777 cincti
737 739 967 789 fulgentibus
988 739 1119 784 armis,

133 908 234 931 turus.
255 903 344 931 Hanc
375 901 536 937 dextram,
571 902 676 941 inquit
691 923 700 938 ‚

130 947 212 977 hanc
231 947 387 977 ultionem
403 947 499 976 (lebes
518 949 598 987 patri
619 946 700 976 filio-

132 1003 204 1032 que.
217 1011 262 1016 -—-
274 1003 335 1032 179
347 1015 356 1029 ‚
375 994 449 1023 180.
468 993 699 1034 Tibifortunoe-

132 1049 193 1078 que
215 1039 266 1069 laic
284 1039 368 1068 solus
385 1039 471 1069 locus
488 1047 591 1068 ‘vacat
608 1038 700 1068 meri-

132 1084 171 1113 tis
185 1095 196 1113 .·
221 1085 259 1115 ad
283 1086 447 1121 meritum,
466 1092 502 1114 ut
517 1085 556 1115 de
573 1096 622 1114 me
638 1096 702 1115 me-

132 1133 273 1162 reamini.
291 1133 366 1161 Haec
384 1141 447 1160 nna
463 1133 543 1161 ratio
559 1138 620 1167 est,
639 1141 701 1171 qua

132 1184 163 1207 et
184 1184 220 1207 tu
243 1178 356 1207 mereri
375 1177 413 1206 de
430 1188 495 1213 me,
511 1185 541 1207 et
566 1177 702 1206 fortunae

131 1233 190 1263 ego
220 1223 340 1264 aliquid
367 1223 482 1252 debere
512 1224 638 1264 possim.
655 1241 702 1245 —

135 1270 208 1299 181.
225 1271 311 1299 Dura
329 1279 437 1298 versus
455 1271 572 1306 oratio,
584 1269 703 1309 perfir-

130 1325 163 1345 re
175 1325 234 1355 pro
251 1315 388 1356 perferre
401 1316 551 1345 nuntium
563 1338 570 1352 ,
586 1322 615 1344 et
633 1317 702 1355 qui-

130 1360 201 1390 dem
219 1361 258 1395 de
273 1363 386 1391 Turno
409 1361 578 1391 interemto
597 1371 604 1392 2
629 1372 700 1391 nam

129 1407 189 1437 hoc
208 1408 411 1437 nuntiaturus
427 1414 472 1436 est
494 1418 592 1437 senex
611 1407 700 1437 brevi

129 1454 195 1494 ipse
208 1453 372 1483 subiturus
382 1453 450 1482 loca
465 1454 573 1483 infera.
590 1455 700 1493 Itaque

128 1500 271 1539 suspicor
295 1501 328 1528 in
353 1501 494 1529 Maronis
519 1499 700 1540 apographo

128 1544 180 1574 hic
193 1555 318 1574 versum
335 1551 389 1573 ant
405 1545 554 1581 defuisse,
573 1553 626 1574 aut
643 1556 698 1574 ex-

129 1590 240 1620 cidisse
256 1589 451 1621 inchoatum.
476 1590 631 1631 Supplent
648 1592 698 1621 alii

126 1636 251 1677 gaudia
274 1642 386 1665 sumtae
405 1637 444 1666 ab
463 1637 552 1667 hoste
575 1637 698 1666 vindic-

130 1689 179 1712 tae.
203 1682 283 1722 Quis
302 1681 363 1712 hoc
385 1682 481 1718 ferat,
502 1693 601 1723 quum
624 1683 700 1713 vita*

126 1727 250 1769 gaudia
269 1730 506 1768 praecesserint?
528 1731 654 1759 Servius
669 1737 699 1759 ct

128 1775 194 1815 ipse
200 1773 398 1804 substituisse
407 1774 530 1804 videtur
541 1775 700 1805 ηιιιιιίιιηιι

129 1820 244 1850 Saltem
277 1819 336 1849 hoc
363 1820 413 1850 vel
441 1820 508 1850 luc-c
538 1822 700 1861 interponi

129 1873 199 1906 post
222 1873 298 1896 nato
312 1877 323 1895 .·
344 1866 402 1896 sed
416 1874 493 1896 nato
509 1866 567 1896 hoc
584 1869 700 1897 Manes

125 1911 269 1953 perferre
291 1912 346 1942 sub
362 1912 459 1948 imos,
476 1924 519 1943 sc.
535 1924 658 1953 quaero.
670 1921 701 1944 et

129 1958 173 1987 sic
183 1959 337 1988 sententia
347 1960 467 2000 expleri
478 1967 616 2000 poterat:
628 1959 696 1994 hoc,

131 2006 258 2034 AEneam
275 2005 378 2034 ultum
402 2016 467 2035 esse
490 2008 645 2036 Turnum.
663 2008 700 2036 Et

131 2060 216 2079 nunc
232 2050 362 2087 dubito,
381 2061 419 2081 nn
440 2062 506 2081 non
531 2051 640 2093 legerit
655 2053 699 2081 sic

130 2095 235 2125 Julius
248 2096 382 2126 Sabinus
394 2106 401 2127 :
419 2112 434 2123 «ι
450 2098 511 2127 hoc
525 2097 696 2139 significat.

130 2150 269 2170 caussam
294 2153 358 2172 esse
370 2165 377 2178 ‚
394 2143 480 2183 quod
499 2145 636 2185 patietur
653 2145 699 2173 vi-

131 2193 211 2224 tam,
228 2194 264 2217 ut
284 2188 369 2228 apud
394 2191 503 2220 Manes
535 2189 630 2220 Pallas
654 2190 698 2219 vi-

755 901 826 930 deat
840 911 954 930 caesum
967 903 1125 931 Turnum.
1137 915 1153 926 »ι
1163 902 1250 930 Bona
1260 912 1328 930 sen-

755 948 871 976 tentia!
889 947 944 976 sed
967 947 1061 976 verba
1079 946 1225 986 expedita
1241 948 1326 977 volt·-

754 993 846 1027 bam:
865 1003 898 1022 ea
914 1001 1019 1022 autem
1033 993 1182 1032 expedies
1193 1015 1201 1029 ‚
1213 993 1327 1022 admis-

754 1050 789 1069 so
814 1038 1014 1069 hoa—Sed
1031 1049 1157 1078 qua-ro,
1183 1039 1217 1067 in
1245 1040 1326 1068 votis

754 1085 876 1122 habeo,
897 1093 974 1114 nato
993 1083 1156 1124 per-fene,
1180 1086 1327 1114 nuntiare

754 1132 854 1173 (hoc,
883 1131 922 1160 de
953 1133 1065 1161 Turno
1093 1137 1231 1160 sumtam
1262 1141 1326 1160 esse.

754 1178 933 1218 poenam),
969 1178 1084 1206 Blattes
1123 1176 1178 1205 sub
1215 1176 1294 1206 imos
1314 1188 1324 1205 .-

754 1225 904 1253 nimirum
933 1224 965 1251 in
994 1229 1114 1259 morte3
1143 1232 1238 1262 quam
1264 1223 1325 1253 sihi

756 1270 845 1299 brevi
878 1268 1058 1299 obeundam
1093 1279 1158 1298 esse
1193 1279 1324 1310 augura—

754 1323 816 1346 tur.

805 1362 878 1391 182.
901 1360 1042 1398 Mimris,
1059 1357 1184 1391 δειλοῖσι
1204 1360 1323 1403 βροτοῖ-

754 1418 801 1443 σι,
837 1408 911 1437 alins
941 1407 1135 1447 generaliore
1162 1407 1322 1447 epitheto,

754 1465 841 1484 nunc
867 1455 1022 1494 proprio,
1046 1455 1252 1490 aerumnosis,
1278 1464 1322 1483 sc.

753 1507 884 1540 propter
921 1499 1003 1535 hoc,
1037 1499 1126 1539 quod
1157 1500 1300 1540 sequitur
1317 1509 1323 1528 :

753 1545 893 1586 referens
908 1546 947 1574 iis
961 1555 1057 1584 opera
1070 1552 1167 1584 atque
1189 1544 1320 1575 labores.

753 1609 798 1614 -—
825 1592 897 1627 184.
925 1592 961 1620 In
981 1601 1049 1631 sqq.
1076 1591 1154 1620 ritus
1177 1590 1325 1621 funebres·

753 1639 810 1667 ειη-ἰ
838 1636 959 1666 heroici
987 1638 1160 1677 expressit,
1179 1647 1261 1677 quos
1284 1647 1325 1667 ex

755 1686 893 1714 Homero
912 1683 1066 1715 illustret.
1089 1683 1146 1723 qui
1163 1682 1267 1720 volet,
1285 1683 1321 1714 ΙΙ.

751 1741 789 1765 η,
819 1730 1038 1765 amo—4323
1062 1726 1103 1769 ψ,
1126 1739 1173 1769 pr.
1190 1746 1238 1752 ——
1259 1738 1321 1767 27,

759 1787 769 1805 1
783 1776 931 1812 10—257
947 1786 955 1811 3
971 1785 995 1805 ω
1007 1797 1016 1811 ,
1036 1785 1097 1813 777
1122 1774 1322 1816 sqqzodyss.

754 1834 796 1858 ω,
826 1823 879 1860 57.
908 1822 999 1851 Alios
1028 1827 1173 1851 auctores
1199 1821 1322 1851 dabunt

754 1869 859 1899 Guell.
882 1875 913 1897 et
937 1867 1047 1898 Cerda.
1063 1867 1164 1897 Etiam
1181 1867 1323 1907 singulos

755 1925 862 1944 versus
878 1919 1062 1954 comparant
1080 1914 1198 1952 impp„
1212 1914 1267 1952 qui
1283 1919 1323 1942 ta·

754 1971 826 1990 men
849 1960 1060 1990 illustratione
1075 1958 1132 1988 hac
1155 1967 1222 1987 non
1239 1959 1323 1988 indi-

753 2017 825 2047 gere
847 2005 1005 2035 videntur.
1030 2020 1077 2027 -—-
1103 2003 1176 2033 186.
1195 2004 1323 2045 Ignibus

752 2051 829 2081 aeris
857 2057 986 2092 propter
1010 2050 1153 2085 fumum,
1179 2060 1244 2080 non
1269 2050 1323 2080 nti·

753 2104 817 2134 ter;
842 2103 925 2137 patet
950 2107 989 2126 cx
1012 2095 1110 2126 altero
1134 2106 1246 2133 versu,
1264 2096 1323 2126 nbi

752 2143 921 2184 caliginem
940 2150 1107 2172 vocnt—1
1117 2142 1214 2172 88.Vi
1224 2151 1322 2183 oppo-

752 2190 802 2220 siti
813 2189 976 2220 decurrere
992 2189 1031 2219 ad
1045 2188 1166 2229 pedites
1180 2195 1321 2229 spectare
