1414 2435
567 72 689 102 LIBER
713 73 772 102 XI.

1208 85 1268 113 179

71 132 185 169 Nulla
203 131 302 169 salus
320 129 440 176 bello;
456 142 589 179 pacem
606 137 643 166 te
659 129 849 179 poscimus
871 141 998 167 omnes
1010 159 1020 177 ‚

25 177 33 184 ,
70 194 222 238 Turne3
240 191 351 229 simul
369 189 472 240 pacis
491 190 613 226 solum
631 188 849 225 inviolabile
868 190 1015 239 pignus.

70 252 218 288 Primus
237 263 326 300 ego,
346 250 512 286 invisum
529 261 643 298 quem
662 258 702 285 tu
721 248 790 285 tibi
809 248 933 298 fingis,
955 259 990 286 ct
1009 262 1088 287 esse

71 312 133 349 Nil
153 323 299 356 moror,
321 323 386 356 en,
408 310 569 359 supplex
588 308 700 344 venio
720 323 727 344 ε
749 308 927 346 miserere
944 317 1115 355 tuorum3
1223 318 1271 342 365

71 376 171 409 Pone
191 372 354 417 animos,
376 379 413 407 et
433 371 563 420 pulsus
583 369 664 415 abi3
686 378 742 406 sat
761 369 894 406 funera
915 370 987 406 fusi

69 431 261 476 Vidimus,
282 429 443 480 ingentis
464 439 501 466 et
519 428 770 466 desolavimus
791 441 913 478 agros.

70 493 165 538 Aut,
186 490 217 527 si
238 490 336 526 sama
358 497 504 534 movet,
523 489 554 525 si
574 497 720 525 tantum
737 497 892 537 pectore
912 488 1031 525 robur

70 549 264 599 Concipis,
285 558 322 585 et
340 549 371 585 si
391 548 486 585 adeo
507 548 643 585 dotalis
665 548 768 597 regia
788 548 896 584 cordi
915 557 970 585 est
982 563 992 594 3

71 610 202 654 Aude,
224 619 336 659 atque
357 609 557 646 adversum
578 608 694 645 fidens
715 609 771 644 fer
791 617 922 658 pectus
941 609 979 645 in
998 609 1156 645 hostem.
1227 617 1274 649 370

72 668 240 714 Scilicet,
262 677 304 705 ut
324 671 454 705 Turno
474 668 666 717 contingat
687 668 790 717 regia
809 668 964 717 conjux,

71 730 149 764 Nos
161 755 171 772 ‚
191 728 325 763 animae
343 728 456 773 viles,
478 728 675 764 inhumata
692 727 896 776 infletaque
918 726 1049 772 turba,

73 789 294 824 Sternamur
313 787 474 836 campis3
497 795 533 823 et
549 787 627 836 jam
648 795 708 832 tu,
729 786 760 823 si
779 799 854 835 qua
871 786 942 822 tibi
960 788 1036 831 vis,

73 848 114 883 Si
131 847 243 896 patrii
263 847 356 896 quid
373 847 508 884 Martis
527 846 645 884 habes
657 875 667 893 ,
688 846 794 883 illum
815 846 968 896 adspice
983 854 1115 883 contra

74 906 150 951 Qui
171 914 290 942 vocat.
312 922 327 938 υ

1222 913 1270 937 3=5

124 964 279 1002 Talibus
296 965 436 1003 exarsit
454 964 564 1002 dictis
583 965 763 1002 violentia
778 965 920 1012 Turni;

73 1028 147 1062 Dat
166 1027 365 1076 gemitum,
386 1027 606 1076 rumpitque
622 1027 690 1064 has
706 1027 783 1063 imo
799 1035 954 1077 pectore
975 1039 1086 1064 voces
1104 1040 1112 1061 :

77 1168 130 1196 cui
162 1167 272 1196 velint.
287 1183 331 1189 —-·
350 1167 427 1198 363.
458 1167 552 1197 Pacis
574 1168 647 1209 pig-

77 1223 153 1248 nus,
187 1213 326 1242 Laviniae
358 1214 546 1254 conjugium
573 1224 648 1243 cum

76 1260 184 1288 AEnea.
201 1275 247 1281 ——-
265 1259 342 1294 364.
371 1259 507 1288 Invisum
530 1271 541 1289 .·
562 1259 649 1289 haud

75 1303 172 1334 dubie
186 1315 262 1344 pro,
280 1306 446 1334 inimicum
456 1328 464 1342 ‚
480 1306 591 1336 active.
602 1323 649 1328 -

77 1350 154 1380 366.
181 1351 294 1380 Pulsus
313 1351 385 1387 abi;
411 1351 586 1381 referebam
610 1351 650 1381 ad

77 1397 240 1436 superiora
255 1396 294 1426 de
310 1398 439 1427 Lavinia
453 1404 484 1427 et
499 1397 650 1438 putabam

75 1452 140 1471 esse
160 1452 168 1472 :
191 1449 299 1482 patere
319 1450 348 1472 te
373 1444 532 1483 repulsam
556 1444 648 1474 ferre.

75 1487 241 1518 Haerebam
251 1511 259 1525 ‚
275 1499 314 1518 an
325 1511 333 1525 ,
344 1489 435 1528 quod
449 1490 570 1519 faciunt
580 1489 632 1518 alii
640 1511 648 1526 ‚

75 1543 291 1574 compararem
312 1535 393 1563 infra
418 1546 448 1565 v.
471 1536 535 1575 392
548 1558 557 1572 ,
572 1535 649 1564 Pul-

75 1589 126 1609 sus
142 1590 202 1620 ego
211 1583 228 1609 .³
243 1587 280 1610 ut
293 1580 372 1610 adeo
387 1582 429 1610 sit
443 1590 450 1611 :
463 1591 571 1621 pugna
586 1581 650 1610 vic-

76 1632 145 1655 tum
161 1632 192 1655 te
208 1625 320 1662 fatere,
337 1637 372 1656 ac
384 1626 470 1657 cede.
490 1628 598 1667 Atque
613 1628 648 1656 in

75 1670 137 1701 hoc
155 1671 327 1701 concedam
349 1679 380 1701 et
398 1673 465 1712 ipse
483 1674 554 1703 viro
570 1673 646 1703 doc-

77 1724 110 1746 to
132 1719 286 1747 mouenti.
297 1734 343 1739 —
353 1718 430 1757 369.
452 1718 582 1748 Dotalis
597 1730 647 1748 re-

73 1761 131 1804 gia
141 1774 151 1791 :
166 1762 270 1792 dotale
290 1773 434 1803 regnum.
447 1764 496 1793 Sic
510 1771 542 1794 et
560 1764 646 1795 alibi.

73 1825 120 1832 —
132 1810 209 1846 372.
226 1810 388 1848 Expressit
407 1809 536 1850 vulgare
559 1810 648 1840 Grae-

75 1864 188 1884 corum
222 1853 309 1896 *ἡμεῖς
320 1878 328 1892 ,
353 1852 492 1890 ἄθαπτος
522 1852 576 1885 καὶ
613 1853 649 1885 ὁί-

75 1903 222 1936 κλαυςτος
238 1899 328 1940 ὄχλος
348 1911 355 1931 :
374 1902 464 1941 quasi
490 1909 553 1931 tam
572 1901 650 1931 viles

74 1945 175 1976 hahiti
187 1969 195 1984 ,
211 1954 247 1977 ut
266 1948 480 1988 projiciantur
496 1948 550 1977 vel
567 1948 649 1977 inse-

75 1992 158 2031 pulti
177 2002 185 2024 :
205 1994 312 2023 minus
332 1993 413 2023 bene
432 1996 518 2025 Serv.
541 2000 571 2024 et
594 1994 646 2023 alii

76 2037 228 2069 aliten-
241 2040 318 2077 373.
336 2041 520 2069 Sternemur
540 2042 645 2070 Dona-

40 2086 46 2089 '
74 2089 126 2113 tus
139 2091 170 2114 et
184 2086 278 2116 Pierii
292 2085 455 2116 Mediceus
465 2109 474 2124 ,
491 2093 559 2116 tum
575 2096 646 2127 pars

74 2129 330 2170 Heiusianorum,
343 2143 417 2162 cum
433 2132 482 2164 ed.
502 2143 551 2174 pr.
565 2134 646 2162 Bur-

82 2184 187 2214 mau.;
221 2177 275 2208 sed
310 2180 499 2210 vetustiores
538 2189 647 2210 omnes

700 1174 832 1198 tuentur
851 1168 902 1206 id,
918 1167 1006 1208 quod
1022 1167 1095 1197 inde
1111 1168 1150 1197 ab
1172 1168 1268 1198 Aldd.

701 1214 823 1251 editur,
851 1216 1048 1244 Sternamur.
1071 1216 1154 1245 Tum
1174 1214 1272 1243 etiam

702 1267 733 1289 tu
744 1259 864 1289 editum
877 1267 948 1289 ante
961 1260 1129 1290 Heinsium
1141 1271 1149 1296 ;
1163 1261 1273 1300 sicque

703 1306 830 1336 Servius
852 1306 946 1345 legit,
974 1313 1005 1335 et
1038 1306 1175 1346 explicat
1198 1306 1269 1342 cia,

704 1345 776 1380 n'am
788 1358 834 1380 est
846 1351 1001 1381 hortantis
1011 1350 1198 1381 adverbium
1210 1351 1273 1382 hoc

703 1398 785 1427 loco.
796 1414 842 1419 --
854 1398 892 1435 37
901 1402 930 1432 4.
942 1397 1057 1427 illartis
1068 1420 1076 1435 ,
1092 1398 1202 1438 patriae
1212 1399 1274 1427 vir-

705 1445 790 1473 tutis.
806 1443 922 1483 Aspice
937 1450 1060 1473 contra.
1079 1444 1209 1474 Homer.
1224 1440 1273 1473 ἅν-

703 1499 744 1518 τα
755 1512 764 1525 ,
798 1486 890 1522 ἄντην
902 1511 911 1525 ,
944 1496 981 1519 ut
1008 1487 1099 1522 ἄντην
1136 1486 1271 1519 εἰσιδέειν

704 1535 795 1565 Iliad.
810 1546 828 1565 τ
838 1558 846 1573 ,
867 1546 879 1565 1
888 1536 918 1566 5.

752 1582 829 1619 376.
846 1581 899 1611 Ad
917 1581 1014 1611 verba
1031 1588 1214 1622 comparant
1234 1581 1272 1613 11.

702 1637 743 1665 α,
766 1628 827 1657 188
840 1650 848 1665 ‚
864 1633 895 1657 et
917 1638 987 1668 sup.
1007 1628 1064 1658 lib.
1081 1629 1164 1664 VII,
1186 1628 1271 1663 445,

702 1681 733 1703 et
753 1673 792 1703 acl
807 1685 853 1704 vs.
873 1674 937 1712 378
954 1674 1044 1704 Iliad.
1062 1672 1100 1712 β,
1122 1673 1199 1713 796.
1217 1674 1273 1705 Ce-

701 1726 806 1750 terum
832 1721 866 1749 in
893 1719 951 1749 hac
980 1721 1083 1750 Turni
1109 1720 1252 1748 oratione
1263 1742 1272 1756 ,

701 1765 803 1795 multo
817 1766 910 1795 etiam
926 1767 1022 1806 magis
1040 1775 1134 1805 quam
1151 1765 1185 1793 in
1200 1764 1273 1794 alte-

702 1821 735 1839 ra
759 1811 894 1840 Drancis
904 1832 913 1847 ,
936 1811 1044 1840 saeculi
1071 1812 1119 1839 sui
1145 1810 1273 1850 genium

702 1856 822 1886 artibus
845 1857 1010 1885 rhetoricis
1032 1855 1148 1886 imbuti
1171 1855 1273 1885 decla-

701 1903 783 1931 ravit
807 1903 909 1932 Maro.
938 1903 1004 1932 Nec
1035 1902 1207 1942 quicquam
1236 1902 1272 1931 in

702 1948 840 1984 Graecis,
864 1947 966 1977 multo
983 1949 1090 1977 minus
1104 1948 1139 1976 in
1152 1949 1271 1978 Home-

702 2004 751 2030 ro,
765 1994 895 2034 reperiri
907 1993 1053 2031 arbitror,
1067 1993 1156 2034 quod
1172 1993 1210 2023 ad
1225 2003 1273 2023 ar-

700 2045 763 2069 tem
774 2040 1026 2069 declamatoriam
1040 2040 1173 2080 propius
1187 2049 1272 2080 spec-

700 2092 754 2117 tet.
769 2085 828 2117 Sed
842 2085 979 2115 habebat
993 2085 1176 2127 Euripidem
1187 2109 1196 2124 ,
1211 2085 1272 2116 for-

700 2138 729 2162 te
746 2138 777 2162 et
793 2132 872 2162 alios
895 2133 1048 2173 tragicos,
1068 2132 1125 2173 qui
1146 2133 1181 2161 in
1203 2131 1270 2161 rhe-

699 2179 807 2209 toricis
829 2178 879 2209 his
903 2177 1033 2220 dialogis
1057 2177 1095 2209 ad
1122 2177 1268 2208 dramati-
