1414 2435
583 62 706 93 mmm
730 64 789 94 1x.
1240 64 1278 101 57

146 118 306 154 Ductori
321 120 467 163 Turno,
486 117 634 156 diversa
654 119 692 155 in
711 129 818 169 parte
838 121 994 168 furenti,

94 176 353 226 Turbantique
371 177 494 222 viros,
511 178 702 227 perfertur
720 179 893 225 nuntius,
914 180 1059 217 hostem

94 237 256 272 Fervere
275 235 375 272 caede
394 249 510 282 nova,
532 244 568 272 et
588 244 715 285 portas
734 238 904 286 praebere
922 240 1092 289 patentis.

93 295 242 331 Deserit
260 295 471 345 inceptum,
492 304 604 344 atque
622 295 763 332 inmani
781 299 948 335 concitus
968 300 1041 344 ira,

90 352 321 390 Dardaniam
339 354 416 390 ruit
433 354 480 390 ad
499 363 666 404 portam,
687 355 895 404 fratresque
912 371 952 394 su
958 357 1114 407 perb053
1229 365 1278 398 69⁵

91 414 139 450 Et
157 413 322 462 primum
337 414 590 464 Antiphaten,
608 414 638 451 is
656 414 756 450 enim
774 428 812 451 se
831 415 975 464 primus
995 417 1144 467 agebat,

89 473 271 510 Thebana
289 474 336 511 de
354 482 473 511 matre
492 474 652 510 nothum
673 474 901 523 Sarpedonis
919 476 1003 522 alti,

89 533 268 582 Conjecto
287 534 418 569 sternit
430 533 570 583 jaculo.
591 533 703 569 Volat
722 533 814 570 Itala
833 546 972 570 cornus

91 594 191 627 Aera
207 604 276 640 per
292 599 461 628 tenerum
472 620 482 637 ,
504 592 773 641 stomachoque
790 593 904 628 infixa
921 592 990 629 sub
1011 593 1127 631 altum

89 652 223 687 Pectus
244 650 338 697 abit3
359 650 484 688 reddit
504 664 638 701 specus
657 651 730 688 atri
749 651 913 687 volneris
934 651 1074 688 undam
1231 672 1279 696 700

90 712 352 758 Spumantem,
373 719 410 746 et
426 710 501 745 fixo
522 710 665 745 ferrum
684 710 722 745 in
743 710 920 758 pulmone
940 710 1110 759 tepescit.

90 769 188 804 Tum
201 771 398 818 Meropem
411 778 523 817 atque
537 771 740 818 Erymanta
752 780 864 805 manu
872 796 882 814 ‚
898 777 978 805 tum
990 769 1122 806 sternit
1134 770 1350 820 Aphidnum
1362 787 1371 819 3

91 830 188 866 Tum
203 828 326 866 Bitian
345 828 540 866 ardentem
559 829 676 867 oculis
687 857 698 877 ‚
717 829 924 879 animisque
941 829 1177 876 frementem,

137 968 216 1008 691.
239 970 368 1009 Semper
396 967 529 999 inhaeret
554 970 659 1001 animo

90 1015 223 1044 Homeri
235 1012 437 1057 τειχομαχία..
449 1016 514 1054 Qui
525 1015 572 1044 ibi
585 1019 660 1045 Hec-

90 1066 162 1096 tor,
175 1059 227 1090 hic
241 1062 368 1090 Turnus
384 1067 439 1090 est.
461 1062 522 1090 Hic
544 1062 659 1091 nuntio

92 1111 239 1145 accepto,
263 1112 388 1146 portam
410 1106 486 1135 vall-i
509 1106 660 1144 Trojano-

91 1160 165 1180 rum
179 1158 302 1191 patere,
326 1161 364 1181 eo
382 1153 536 1188 accurrit,
562 1158 660 1182 castra

89 1197 239 1236 irrumpit
268 1203 300 1226 et
323 1198 477 1235 Trojanos
506 1196 544 1226 ad
576 1208 660 1227 sum-

89 1251 178 1271 mum
190 1241 359 1272 discrimen
375 1242 511 1273 adducit.
526 1244 657 1283 ——697.

92 1286 246 1317 leebana
276 1289 316 1318 de
344 1296 444 1318 matre
453 1300 466 1324 ;
491 1299 589 1328 quum
619 1289 659 1318 de

87 1333 267 1373 Sarpedone
298 1341 425 1374 agatur,
459 1333 471 1374 (
489 1344 584 1373 quem
611 1334 659 1364 al-

87 1385 153 1409 tum
163 1402 173 1417 ,
190 1390 338 1421 magnum
350 1402 359 1416 ‚
374 1379 532 1420 appellat)
553 1381 658 1420 Lyciae

85 1435 179 1466 rege,
203 1425 406 1466 intelligenda
431 1432 494 1461 est,
523 1425 656 1455 oriunda

86 1481 128 1500 ex
140 1470 248 1501 Thebe
264 1472 377 1512 Mysiae
392 1471 472 1500 urbe
487 1471 548 1500 sub
563 1481 656 1501 mon-

85 1523 117 1546 te
131 1517 236 1547 Placio
247 1539 256 1554 ‚
269 1517 345 1547 olim
366 1528 383 1547 a
402 1516 553 1547 Cilicibus
575 1517 656 1547 colo—

85 1563 136 1592 nis
160 1563 295 1599 insessa,
317 1565 450 1593 Eetioue
464 1573 535 1603 rege
554 1562 654 1600 clara,

84 1618 181 1648 quem
199 1608 339 1638 Achilles
356 1609 532 1645 interemit,
552 1615 583 1638 et
598 1619 654 1638 cu-

82 1654 135 1691 jus
149 1652 214 1683 filia
229 1653 450 1684 Andromache
469 1661 544 1684 erat.
561 1654 598 1684 11.
615 1664 653 1691 α,

87 1699 153 1735 364
167 1706 198 1729 et
213 1699 252 1729 al.
273 1699 410 1740 Campus
433 1699 557 1729 Thebes
577 1699 654 1729 hinc

84 1746 201 1775 mansit
221 1747 313 1775 etiam
327 1744 499 1774 serioribus
511 1745 653 1774 aetatibus

84 1793 168 1821 circa
185 1791 434 1831 Adramyttium.
450 1791 523 1820 Late
541 1789 579 1819 de
595 1790 653 1820 hac

84 1837 193 1868 Thebe
216 1837 347 1873 Strabo,
373 1843 404 1866 et
427 1836 502 1865 libri
527 1846 653 1876 geogra-

83 1883 180 1923 phici.
200 1885 400 1913 Burmannus
421 1881 526 1911 laudat
546 1888 652 1911 notam

84 1928 125 1958 ad
146 1929 241 1960 Ovid.
267 1931 332 1959 XII
356 1929 435 1958 Met.
462 1938 535 1967 109.
558 1928 652 1957 Nunc

83 1974 124 2005 de
147 1986 182 2005 ea
202 1974 274 2005 vide
296 1974 335 2004 ad
354 1975 483 2004 Homer.
506 1972 595 2002 Iliad.
611 1982 651 2009 α,

87 2021 164 2052 366.
179 2037 226 2046 —-
240 2021 318 2060 698.
339 2020 458 2050 Cornus
475 2031 505 2049 v.
524 2019 582 2049 Ge.
602 2020 650 2054 11,

87 2072 172 2106 447,
209 2067 286 2104 448.
314 2083 361 2089 —-
389 2065 466 2106 699.
499 2066 652 2095 Teucrum

84 2114 189 2143 Heius.
211 2113 352 2153 reposuit
372 2118 520 2151 tanquam
540 2111 651 2150 exqui-

83 2159 173 2189 sitius
189 2169 206 2189 e
223 2157 339 2190 Medic.
356 2164 388 2188 et
403 2157 484 2196 aliis,
500 2157 651 2188 Pierianis

712 979 859 1010 quoque,
883 976 915 999 et
932 969 1084 1010 exemplis
1101 966 1279 1002 illustravit.

712 1015 817 1056 Vulgo
834 1025 913 1054 :per
927 1023 1065 1045 tenuem.
1083 1015 1178 1055 Quod
1195 1017 1279 1056 equi-

714 1060 785 1089 dem
807 1071 867 1101 pro
886 1071 981 1090 sensu
1003 1071 1074 1091 meo
1097 1061 1279 1101 praeferam,

713 1111 861 1146 tanquam
884 1107 1050 1146 proprium
1072 1117 1106 1135 ac
1126 1107 1278 1137 sollenne.

712 1168 758 1174 -—·
771 1154 859 1181 Aera
871 1159 1011 1181 tenerum
1020 1163 1033 1187 ;
1049 1152 1121 1182 alias
1135 1159 1279 1190 tenuem;

712 1196 767 1226 sed
788 1204 819 1227 et
840 1198 908 1226 aliis
922 1197 1000 1227 locis
1015 1198 1148 1227 alterum
1166 1208 1278 1228 occur-

711 1243 763 1273 rit.
803 1243 954 1283 Exempla
987 1243 1115 1284 collegit
1148 1244 1276 1278 Heins.;

711 1294 891 1328 spectatque
921 1287 1002 1317 illud
1025 1299 1084 1317 nec
1107 1289 1213 1317 minus
1239 1288 1279 1317 ad

711 1335 790 1363 aeris
813 1341 976 1370 naturam,
1002 1344 1102 1373 quum
1128 1333 1277 1373 imPulsui

710 1379 793 1409 cedit
811 1386 841 1409 et
857 1381 985 1419 pervius
1005 1386 1060 1409 est.
1084 1377 1277 1416 Stomacko;

710 1432 794 1454 recte
806 1427 892 1456 Serv.
903 1439 919 1451 «
930 1425 1060 1454 Graecus
1071 1435 1174 1455 sermo
1187 1431 1232 1454 est
1241 1435 1250 1462 3
1260 1439 1276 1451 n

709 1470 791 1500 dixit
809 1470 929 1501 scilicet
947 1468 1104 1513 στόμαχον
1115 1492 1124 1508 ,
1146 1476 1274 1512 guttur,

709 1517 832 1556 gulam;
857 1523 926 1546 tum
950 1527 1059 1556 specus
1079 1516 1113 1546 h.
1143 1525 1276 1552 cavum,

708 1562 825 1591 vulnus
839 1561 929 1592 hi-Jns
938 1584 946 1599 ,
962 1561 1067 1591 reddit
1081 1561 1201 1591 undam
1215 1560 1279 1590 aeri

708 1607 852 1637 ‘vulneris
864 1608 897 1638 h.
917 1609 1101 1649 sanguinem
1123 1607 1276 1637 ebullien-

708 1660 770 1683 tem
784 1655 817 1683 in
832 1653 989 1683 undarum
1002 1663 1122 1683 morem
1133 1675 1141 1690 ‚
1157 1652 1278 1682 undan-

707 1706 781 1729 tem.
801 1699 842 1730 cf.
867 1699 904 1729 11.
926 1709 961 1741 ρ,
983 1705 1022 1737 47
1046 1709 1114 1738 sqq.
1131 1715 1177 1721 —
1197 1708 1274 1735 702.

706 1747 832 1780 Ma1m;
857 1755 948 1780 ense,
973 1746 1004 1773 vi
1028 1744 1164 1783 oppositi
1181 1753 1187 1773 :
1202 1752 1274 1772 nam

708 1801 751 1819 vs.
770 1790 834 1829 698
851 1789 964 1830 jaculo
984 1789 1180 1828 Antiphaten
1202 1798 1274 1828 pro-

706 1841 872 1871 stravera13
899 1845 958 1864 nec
986 1834 1124 1863 insolens
1144 1833 1214 1864 hoc.
1231 1835 1271 1864 E-

707 1882 782 1910 tiam
797 1881 924 1910 Servius
940 1880 1071 1909 notavit.

754 1927 837 1964 703,
863 1931 938 1963 704.
964 1926 1075 1955 Bitiam
1099 1930 1162 1953 tam
1183 1931 1271 1955 vasto

706 1979 737 2001 et
752 1972 881 2000 immani
905 1981 1037 2011 corpore
1057 1970 1150 1999 fuisse
1169 1969 1270 2000 deela-

706 2024 771 2053 rat,
789 2024 825 2046 ut
836 2016 933 2055 jaculi
950 2017 1066 2045 vulnus
1082 2016 1174 2045 nimis
1187 2015 1270 2051 leve,

706 2074 764 2093 nec
792 2070 926 2092 mortem
953 2062 1122 2091 allaturum
1152 2061 1270 2092 fuisset.

705 2112 778 2139 Non
799 2109 870 2138 satis
891 2107 1023 2149 dignum
1043 2107 1184 2137 Maronis
1206 2117 1272 2136 cas-

706 2156 848 2198 tigatiore
862 2155 955 2186 Musa
966 2153 1028 2184 hoc
1042 2152 1169 2184 videtur
1186 2163 1192 2184 :
1211 2162 1269 2182 nec
