1414 2435
576 47 700 78 LIBER
724 48 783 78 XI.
1240 50 1280 77 ΓΤ

93 104 333 150 Pectoribus,
354 111 563 152 moestoque
580 104 741 152 inmugit
761 103 862 152 regia
882 104 996 142 luctu.

92 165 198 211 Ipse,
218 171 331 213 caput
349 163 452 198 nivei
472 162 609 199 fultum
625 163 801 199 Pallantis
820 171 856 199 et
875 176 942 200 ora

92 223 144 258 Ut
164 221 277 266 vidit,
296 222 445 271 levique
464 230 596 271 patens
615 221 654 257 in
670 230 824 272 pectore
842 223 976 260 volnus

91 281 264 331 Cuspidis
283 281 480 327 Ausoniae,
499 283 662 320 lacrimis
682 283 734 319 ita
750 283 850 320 fatur
868 282 1013 319 obortis
1031 296 1039 317 τ

91 355 106 371 «
126 340 246 387 Tene,
266 340 406 390 inquit,
428 342 638 379 miserande
657 355 770 392 puer,
789 355 907 391 quum
924 342 1008 379 laeta
1028 341 1189 388 veniret,

90 401 233 437 Invidit
251 405 420 440 Fortuna
438 403 549 451 mihi,
570 417 616 440 ne
636 416 752 453 regna
770 402 919 440 videres

89 463 245 508 Nostra,
265 476 389 512 neque
409 464 456 500 ad
475 464 582 501 sedes
600 463 724 501 victor
740 463 924 500 veherere
943 466 1137 514 paternas!

89 523 176 557 Non
195 521 275 558 haec
295 524 472 561 Evandro
490 524 536 560 de
557 533 592 561 te
613 524 797 574 promissa
818 524 967 574 parenti

88 581 294 620 Discedens
314 584 511 631 dederam,
531 598 648 634 quum
668 598 727 621 me
747 585 952 635 conplexus
969 592 1119 621 euntem

87 642 259 679 Mitteret
278 643 317 679 in
337 656 514 694 magnum
531 644 749 694 imperium,
768 652 1015 693 metuensque
1035 654 1204 681 moneret

88 701 197 738 Acris
216 715 296 739 esse
314 704 434 749 viros,
454 717 540 740 cum
557 704 652 748 dura
671 704 800 754 praelia
819 711 941 753 gente.

88 761 135 795 Et
153 773 253 797 nunc
272 762 333 797 ille
351 763 503 811 quidem
521 776 586 812 spe
603 763 762 799 multum
780 770 912 812 captus
932 763 1036 798 inani

89 821 182 855 Fors
202 828 238 855 et
257 829 346 856 vota
365 821 472 866 facit,
490 820 732 870 cumulatque
752 821 884 858 altaria
903 820 1024 858 donis.

1251 831 1282 854 50

89 880 166 915 Nos
179 880 357 928 juvenem
377 881 611 927 exanimum,
631 890 668 918 et
686 881 738 918 nil
750 881 829 931 jam
846 879 1059 917 coelestibus
1080 880 1162 917 ullis

88 1006 188 1032 v'emu
206 1012 378 1034 renovatur
393 1005 509 1036 luctus.
529 1006 661 1046 Compa-

90 1056 138 1078 rat
151 1051 278 1080 Servius
287 1052 377 1081 statii
384 1051 492 1081 locum
501 1053 549 1081 VI
559 1052 661 1082 Theb.

95 1096 133 1132 37
158 1105 244 1135 seqq.
268 1114 316 1119 —
337 1103 390 1132 40.
421 1097 564 1138 Lenique
595 1099 684 1128 Ou-x

92 1141 171 1170 dart.
196 1142 227 1170 in
255 1153 384 1182 corpore
403 1154 453 1184 pr.
483 1145 600 1175 Moret.
616 1161 662 1166 —

91 1189 164 1218 Lem
175 1211 184 1223 ,
215 1189 350 1228 pulchro
361 1212 368 1225 ‚
396 1190 513 1230 puerili
542 1200 549 1220 ;
578 1200 659 1220 uon-

92 1233 168 1263 dum
188 1240 290 1264 setoso
302 1257 310 1271 ‚
330 1236 373 1264 ait
391 1238 478 1266 Serv,
495 1236 606 1266 Malim
622 1236 660 1266 de

91 1279 158 1310 loto
174 1287 206 1310 et
220 1291 237 1309 a
255 1291 368 1311 cruore
386 1289 522 1322 purgato
541 1283 660 1322 accipe-

91 1336 135 1355 re.
151 1331 266 1365 ——-'47.
295 1327 431 1357 Mitteret
453 1327 485 1357 in
506 1339 660 1369 magnum

91 1371 254 1412 imperium
265 1397 273 1409 ‚
305 1373 343 1402 ad
374 1373 550 1413 parandum
580 1373 659 1403 illud

90 1419 254 1456 Trojanis3
288 1429 460 1460 magnum,
492 1427 658 1459 respectu,

89 1471 190 1503 puto,
215 1464 352 1494 fatorum
377 1473 408 1495 et
434 1466 659 1495 vaticiniorum

90 1510 128 1540 de
141 1511 240 1540 initiis
255 1512 394 1551 potentis
412 1512 556 1552 imperii,
572 1511 660 1552 quod

91 1559 125 1587 in
139 1557 229 1587 Italia
241 1557 429 1587 conditurus
443 1565 522 1587 esset
535 1559 659 1588 AEneas.

90 1603 238 1634 Sollenne
263 1614 339 1633 vero
357 1610 467 1640 nostro
484 1611 586 1644 poetae
597 1627 605 1641 ,
625 1611 661 1633 ut

91 1660 131 1679 ex
147 1648 207 1678 hac
225 1651 291 1689 ipsa
309 1650 515 1689 praedictione
531 1657 616 1691 petat
626 1661 660 1680 ea

91 1705 162 1736 quae
178 1694 216 1724 ad
229 1694 480 1735 amplificandam
495 1707 602 1726 rerum
615 1703 659 1726 te-

90 1742 245 1771 nuitatem
277 1741 342 1769 vim
371 1741 486 1771 habere
520 1744 660 1782 possint3

91 1794 127 1819 ut
142 1787 251 1828 paullo
271 1793 342 1817 ante
358 1796 365 1817 ε
382 1787 501 1816 Invidit
519 1789 661 1817 Fortuna

91 1833 187 1870 mihi,
207 1844 246 1863 ne
260 1843 361 1875 regna
375 1832 504 1862 videres
517 1835 636 1863 Nostra
646 1846 659 1870 ;

90 1886 160 1910 etv.
173 1890 199 1910 c.
214 1881 271 1917 IV,
288 1880 350 1917 267
370 1879 429 1909 heu
442 1879 535 1920 regni
545 1891 660 1909 rerum-

90 1937 151 1966 que
167 1926 260 1956 oblite
275 1933 400 1955 tuarum
416 1937 427 1955 .·
445 1925 502 1955 ubi
518 1927 558 1957 cf.
581 1927 646 1964 275
651 1950 657 1956 .

90 1974 166 2013 Sup.
183 1975 247 2010 IX,
268 1973 330 2011 207
349 1972 385 2002 Si
396 1983 510 2012 capere
525 1973 658 2002 Italiam

89 2019 279 2060 sceptrisque
289 2018 389 2059 potiri
404 2018 580 2060 Contigeris
591 2019 658 2048 ‘vic-

88 2064 160 2094 tori.
186 2066 288 2106 Igitur
313 2075 402 2095 nunc
429 2076 488 2106 pro
512 2065 656 2106 vulgari:

89 2111 210 2140 mittere
235 2111 274 2140 ad
302 2111 505 2142 debellandos
532 2113 657 2141 Latinos

89 2162 119 2185 et
145 2155 181 2185 ad
204 2167 302 2187 novas
324 2157 412 2188 sedes
433 2159 467 2188 in
491 2159 579 2187 Latio
601 2169 655 2198 pa-

716 1005 838 1037 randas.
850 1022 898 1029 ——-
910 1006 963 1040 48.
977 1007 1019 1036 D.
1036 1005 1068 1035 ιἰι
1080 1004 1196 1045 praelia
1211 1005 1282 1034 Me-

715 1051 777 1081 dic.
795 1062 811 1081 a
827 1063 870 1082 ru.
893 1062 952 1081 sec·
967 1074 975 1088 ‚
992 1051 1080 1091 qnod
1095 1061 1127 1080 se
1147 1061 1213 1080 non
1236 1051 1282 1080 in-

713 1098 854 1139 telligere
869 1097 983 1127 fatetur
996 1099 1105 1127 Heius.
1122 1098 1171 1127 Sc.
1189 1103 1280 1136 puta-

715 1145 762 1173 vit
777 1145 984 1184 Apronianus
1002 1143 1124 1172 dictum
1139 1153 1155 1172 a
1170 1149 1261 1182 poeta
1274 1153 1282 1173 :

713 1197 843 1229 gentem
877 1190 990 1218 duram
1021 1189 1054 1218 in
1078 1188 1197 1229 praelia
1207 1211 1216 1225 ,
1246 1195 1284 1218 ut

714 1237 817 1265 virum
835 1236 871 1264 in
893 1245 1031 1276 pugnam
1057 1245 1179 1270 acrem,
1202 1245 1281 1274 pro,

714 1281 752 1311 ad
782 1292 939 1321 pugnam,
968 1281 1114 1310 dicimus.
1140 1297 1186 1302 --
1218 1286 1260 1319 49
1272 1302 1280 1315 ,

716 1328 769 1357 50.
788 1328 884 1358 Color
909 1328 1072 1356 sententiae
1099 1325 1209 1355 similis
1229 1336 1281 1365 ap.

713 1373 861 1413 Sophocl.
872 1375 959 1412 Ajac.
974 1374 1038 1412 509
1048 1372 1200 1412 sq.--·5o.
1212 1374 1282 1401 For-

712 1427 760 1449 sec
773 1430 837 1449 esse
847 1430 937 1460 posse
950 1422 1036 1450 Serv.
1047 1418 1180 1458 putabat
1189 1428 1200 1446 .·
1209 1420 1283 1447 For-

713 1466 754 1496 sit
766 1466 915 1496 nonnulli
930 1476 980 1506 ap.
995 1466 1092 1501 Pier.,
1107 1465 1163 1504 qui
1177 1471 1282 1493 tamen

714 1522 787 1543 cum
808 1513 930 1543 Fabric.
951 1519 982 1541 et
996 1512 1105 1541 Heius.
1121 1520 1157 1539 ac
1171 1511 1280 1540 Burm.

714 1561 787 1589 satis
815 1559 921 1588 firmat
945 1558 1111 1598 vulgatum
1139 1557 1216 1586 Fors
1240 1563 1280 1585 et.

713 1607 789 1635 Erat
802 1615 931 1646 quoque
951 1603 1034 1644 apud
1054 1604 1134 1633 Pier.
1150 1603 1184 1631 iu
1200 1601 1279 1632 libb.

715 1653 788 1682 Sors
805 1659 852 1687 ee,
871 1651 1006 1681 sollenni
1024 1659 1142 1679 errore.

762 1698 815 1727 51.
832 1697 892 1727 Nil
907 1697 981 1738 jam
1006 1694 1179 1725 coelestibus
1209 1692 1281 1722 ullis

714 1740 902 1774 Debeneemss
945 1743 1098 1772 Animose
1138 1739 1259 1768 dictum
1273 1740 1281 1767 t

713 1788 926 1820 Referendum
950 1794 1053 1817 autem
1077 1785 1116 1814 ad
1138 1794 1218 1814 vers.
1237 1784 1278 1813 50

712 1843 793 1864 vota
819 1833 907 1875 facie
932 1833 1133 1872 cumulatque
1161 1829 1280 1859 altaria

713 1880 802 1910 donis
830 1887 923 1919 atque
945 1879 1020 1908 hinc
1045 1875 1278 1907 illustrandum.

713 1928 776 1967 Qui
801 1933 875 1955 vota
904 1926 996 1960 facit,
1024 1924 1136 1953 debere
1162 1922 1282 1952 dicitur

711 1973 781 2007 diis,
798 1974 822 2002 si
840 1979 905 2002 rata
918 1977 992 2001 sunt
1005 1982 1013 2007 ;
1028 1969 1179 2012 sinuit-rita
1193 1975 1279 2004 sunt,

712 2019 791 2048 nihil
818 2018 922 2048 debet.
949 2019 1059 2056 Itaque
1070 2016 1183 2055 juveni
1195 2015 1278 2053 justa

710 2065 896 2105 persolvunt
929 2064 1060 2101 'rrojani
1071 2085 1079 2099 ,
1117 2071 1176 2102 pro
1214 2071 1278 2101 quo

712 2118 783 2141 vot-'1
811 2111 851 2141 ab
874 2109 1022 2141 Evandro
1048 2114 1136 2150 patre
1164 2107 1278 2136 frustra

709 2164 854 2198 suscepta
876 2158 963 2186 suere
974 2179 982 2194 ‚
998 2162 1028 2185 et
1045 2165 1140 2196 quem
1156 2153 1199 2183 dii
1218 2153 1276 2182 sul-
