1414 2435
155 34 1352 50 *Sssmmmmmmmsssummnzmmmmusmszsm

440 201 977 271 EXCURSUS
1031 202 1061 268 I

512 376 596 420 AD
631 374 867 418 LIBRUM
892 376 998 418 XII.

158 498 230 539 De
252 491 386 537 rebus
404 493 544 554 gestis
562 489 736 548 etfatz‘s
754 491 922 533 AEneoe
946 488 1053 533 inde
1077 487 1136 532 ab
1160 488 1357 534 adventa

223 574 270 615 in
293 566 482 614 Italiam
496 602 508 624 ‚
532 576 577 612 ec
597 566 656 611 de
662 575 825 629 poetoe
846 566 1042 628 artficc'o
1063 569 1110 609 in
1131 565 1203 611 lzz‘s
1224 564 1357 610 rebus

222 645 474 693 tractandis
498 655 544 690 et
565 643 800 690 ornandis.
1332 649 1334 651 '

208 789 289 826 XII,
312 787 387 827 189.
404 787 478 817 Non
494 796 554 828 ego
570 795 629 816 nec
646 784 773 815 Teucris
790 785 893 815 Italos
905 797 1023 826 parere
1034 786 1170 827 jubebo,
1194 787 1263 817 Nec
1282 785 1363 817 mihi

163 854 263 886 regna
274 850 350 884 peto
366 852 377 871 .·
390 841 522 882 paribus
539 851 572 871 se
590 840 710 882 legibus
728 840 831 871 ambae
847 839 976 871 Inviccae
987 849 1101 883 gentes
1115 849 1237 872 oetema
1257 842 1289 871 in
1295 841 1360 883 soe-

164 899 242 928 dera
266 897 418 933 miccane;
439 898 540 927 Sacra
558 896 697 937 deosque
721 895 803 925 dabo
812 907 825 932 ;
850 906 939 926 socer
956 906 1049 926 arma
1067 895 1202 926 Latinus
1222 895 1359 933 kabeco;

164 953 337 993 Imperium
349 951 490 981 sollenne
505 961 594 981 socer
609 961 620 980 .·
637 949 717 980 milti
729 950 850 980 moem'a
869 951 982 981 Teucri
999 951 1211 988 constituent,
1232 952 1362 993 urbique

165 1007 255 1037 dabie
268 1005 403 1037 Lavinia
427 1016 561 1042 nomen,
583 1010 615 1034 et
637 1015 668 1036 v,
687 1004 751 1034 821
775 1015 822 1045 sq.
848 1007 949 1046 Quum
965 1006 1036 1047 jam
1057 1006 1221 1037 connubiis
1239 1017 1360 1048 pacem

158 1061 327 1103 felicibus,
348 1067 432 1097 esto,
458 1060 678 1101 Componene‚·
696 1070 791 1100 quum
800 1059 874 1101 jam
897 1059 984 1102 leges
1007 1060 1180 1102 etfoedera
1201 1061 1337 1104 jungent
1350 1073 1363 1091 .-

166 1117 218 1148 Ne
233 1123 326 1147 vetus
343 1115 513 1157 indigenas
527 1125 643 1145 nomen
658 1120 782 1145 mutare
801 1114 951 1151 Latinos,
968 1115 1041 1145 Neu
1057 1117 1158 1146 Troas
1162 1116 1243 1160 fieri
1246 1116 1365 1158 jubeas

168 1173 364 1211 Teucrosque
384 1169 517 1206 vocari,
535 1171 602 1199 Aut
615 1179 731 1199 vocem
753 1176 877 1200 mutare
897 1169 1004 1206 viros,
1025 1177 1083 1200 aut
1100 1178 1227 1202 vertere
1251 1171 1364 1204 vestis.

167 1225 216 1255 Sic
229 1224 353 1256 Latium
361 1235 375 1260 ;
390 1223 454 1254 sinc
468 1223 593 1254 Albani
603 1234 667 1264 per
681 1223 789 1254 secula
808 1234 898 1266 reges
907 1236 919 1260 ;
940 1224 990 1255 Sit
1005 1225 1155 1255 Romana
1171 1233 1287 1266 potens
1299 1227 1363 1256 lta-

166 1281 200 1310 la
211 1279 329 1311 virtute
336 1290 482 1322 propago
497 1290 508 1309 :
525 1279 666 1316 Occidit,
687 1279 899 1321 occideritque
914 1280 1003 1310 sinas
1019 1291 1090 1310 cum
1107 1280 1238 1316 nomine
1254 1281 1363 1323 Troja.

210 1334 454 1366 Observationes
470 1343 566 1374 super
578 1333 628 1363 his
640 1333 831 1376 subjungam
847 1334 1034 1373 nonnullas3
1050 1344 1123 1376 quae
1137 1341 1286 1376 tanquam
1301 1345 1362 1376 pro

163 1387 384 1428 supplemento
397 1397 504 1417 rerum
518 1388 553 1416 in
568 1386 698 1417 AEneide
718 1394 920 1418 tractatarum
933 1389 1013 1426 siut,
1029 1389 1086 1419 etsi
1101 1399 1169 1420 non
1182 1387 1274 1419 valde
1285 1387 1362 1419 doc—

165 1448 209 1470 tas
225 1451 258 1470 ac
275 1440 466 1478 reconditas,
487 1450 626 1481 quasque
648 1450 737 1471 mens
752 1448 815 1471 tam
830 1442 915 1484 longi
935 1444 1040 1484 operis
1058 1442 1195 1473 decursu
1217 1441 1295 1473 fessa
1315 1452 1362 1472 se-

165 1506 237 1525 eum
255 1495 351 1532 ferre,
369 1496 447 1534 justi
460 1495 564 1525 oneris
579 1495 648 1526 leve
661 1496 930 1537 superpondhm,
949 1507 1016 1527 non
1031 1497 1174 1538 refugiat.

210 1552 249 1580 Et
267 1551 406 1591 primum
420 1548 550 1590 quidem
568 1550 769 1590 ingeniosum
789 1550 850 1580 hoc
866 1550 994 1586 factum,
1016 1549 1105 1590 quod
1113 1549 1259 1591 fiatur-um
1275 1551 1363 1581 Latii

164 1611 295 1639 statum,
316 1614 411 1643 quem
433 1603 588 1641 majorum
606 1604 712 1643 primo
737 1603 937 1633 sermonibus
961 1610 1101 1642 servata,
1129 1611 1197 1635 tum
1215 1615 1231 1634 a
1250 1606 1363 1646 priscis

165 1656 372 1697 scriptoribus
398 1656 495 1686 literis
520 1656 662 1697 prodita,
692 1657 842 1687 memoria
868 1656 906 1686 ad
930 1658 1146 1698 posteritatem
1169 1657 1360 1699 pertulerat,

165 1717 318 1750 tanquam
325 1708 453 1751 soedere
465 1708 538 1750 jam
557 1709 597 1739 ab
616 1709 707 1740 initio
722 1710 922 1741 constitutum
937 1712 1124 1741 memoravit
1145 1718 1177 1742 et
1193 1711 1361 1743 commode

166 1765 237 1795 loco
251 1765 399 1794 intexuit.
417 1764 543 1794 (tessere
566 1764 696 1803 Trojani
718 1765 753 1794 in
771 1765 955 1796 Latinorum
971 1776 1099 1797 nomen.
1121 1768 1232 1808 Quum
1256 1772 1360 1797 tamen

166 1821 294 1857 AEneas,
313 1819 390 1849 dum
405 1820 525 1848 viveret
541 1820 685 1857 Latinus,
706 1830 779 1850 suos
794 1821 950 1860 Trojanos
969 1821 1120 1852 discretos
1141 1820 1180 1851 ab
1203 1821 1241 1852 iis
1262 1820 1362 1851 habe-

165 1880 228 1910 ret,
245 1883 302 1903 nec
318 1883 370 1903 eos
389 1883 463 1902 cum
478 1872 709 1914 Aboriginibus
727 1875 870 1905 misceret
880 1897 888 1912 ‚
902 1876 964 1905 nisi
978 1885 1019 1905 ex
1030 1885 1094 1915 quo
1109 1875 1236 1905 Latinus
1254 1875 1364 1905 vivere

164 1924 295 1956 desierat
311 1934 319 1956 ε
335 1926 510 1966 exspectari
529 1932 671 1967 poterat,
693 1927 821 1958 Latinos
836 1928 943 1968 potius
958 1928 991 1957 in
1007 1927 1221 1966 Troianorum
1241 1937 1360 1958 nomeu

167 1979 308 2010 abituros
326 1990 402 2010 esse.
419 1979 601 2011 obscurum
623 1986 685 2018 est,
702 1991 765 2021 qua
779 1982 900 2011 ratione
915 1980 948 2011 id
971 1980 1089 2010 factum
1107 1981 1164 2018 sit,
1182 1988 1212 2011 et
1227 1980 1361 2012 diversis

169 2033 268 2063 modis
294 2034 412 2064 factum
431 2033 462 2063 id
482 2042 636 2064 narratur.
660 2034 810 2066 Sollerter
830 2035 935 2076 itaque
959 2035 1127 2064 inventum
1151 2045 1169 2064 a
1190 2041 1300 2075 poeta,
1324 2041 1361 2066 ut

172 2087 297 2117 foederis
318 2087 357 2117 de
379 2088 462 2118 bello
486 2099 541 2128 per
565 2095 722 2118 certarnen
746 2088 903 2130 singulare
927 2087 1106 2118 dirimendo
1123 2088 1362 2120 conditionibus

170 2139 236 2171 hoec
262 2143 539 2173 constitueremur.
570 2141 776 2174 Conditioues
804 2143 902 2184 igitur
929 2142 977 2172 11ae
1005 2142 1159 2174 habendae
1187 2153 1194 2174 :
1230 2143 1363 2185 Trujani
