1414 2435
595 127 717 158 LIBER
743 126 816 157 XII.

108 186 288 232 Inmolat,
307 195 343 222 et
363 197 512 234 poenam
532 185 715 221 scelerato
734 196 780 220 ex
802 183 982 232 sanguine
1004 185 1127 222 sumit.
1145 202 1159 217 ι)

110 249 193 282 Hoc
213 246 357 291 dicens,
373 245 517 281 serrum
536 244 696 281 adverso
716 243 786 281 sub
808 251 962 292 pectore
984 245 1111 282 condit
1261 258 1309 288 950

111 306 293 343 Fervidus
314 319 322 340 :
344 314 399 342 ast
417 306 472 342 illi
491 306 691 342 solvuntur
710 304 851 354 frigore
868 304 1057 351 membra,

111 365 272 414 Vitaque
290 378 375 401 cum
395 366 537 414 gemitu
555 364 650 413 fugit
670 363 862 413 indignata
881 364 952 401 sub
973 364 1139 402 umbras.

113 498 254 526 Meomm
282 498 437 538 graviter,
460 507 518 537 pro
549 506 616 526 uuo
645 507 685 526 ex

112 543 187 579 suis,
200 553 239 572 ex
250 543 358 572 amicis
369 552 376 572 :
388 543 539 573 Pallante.
549 560 596 565 —-
605 549 682 582 949.

114 588 286 625 Immolat,
308 599 375 618 nou
394 589 474 626 sibi,
488 588 543 618 sed
562 588 621 617 diis
637 590 685 618 in-

116 634 199 664 feris.
212 635 348 675 —952.
374 636 512 664 Versum
539 635 686 664 Homeri-

117 690 189 709 cum
201 691 266 710 esse
284 691 486 720 expressum,
505 679 596 719 Ψυχὴ
611 677 641 709 δ’
653 679 687 709 ἐκ

119 724 226 767 ῥεθέων
246 734 306 757 etc.
324 726 413 757 Iliad.
428 737 468 766 χ,
490 726 553 755 362
566 748 574 762 ‚
599 727 663 756 363
678 749 686 761 ‚

114 773 178 809 jam
201 774 324 802 notavit
345 774 482 803 Servius.
505 772 687 813 Indignata

118 828 189 848 cum
211 819 333 860 gemitu
361 829 421 858 pro
443 828 590 859 gemens,
609 828 687 846 moe-

118 874 212 895 rens:
233 863 263 894 Ξν
280 863 399 905 πότμον
424 861 551 906 γοόωσα
571 864 686 893 anima.

119 910 202 940 conf.
231 921 301 951 sup.
333 911 399 947 XI,
430 911 508 940 831.
552 911 687 950 Jamque

118 967 191 986 cum
207 957 310 987 Turni
327 962 428 986 morte
449 955 575 986 foederis
594 966 689 996 supra

119 1003 267 1043 concepti
294 1002 493 1033 conditiones
527 1013 587 1032 τες.
626 1003 686 1039 187

119 1059 187 1089 sqq.
213 1050 334 1079 exitum
349 1049 468 1079 habent
483 1058 490 1078 :
508 1049 638 1078 Lavinia
656 1049 690 1077 in

119 1096 356 1125 matrimonium
397 1101 522 1134 accepta
536 1117 544 1129 ‚
580 1096 691 1124 AEneas

740 497 894 535 Trojanos
913 498 946 526 in
961 498 1107 527 Latinum
1126 509 1244 529 nomen
1261 501 1312 530 ad-

738 544 862 583 jungit,
880 553 997 572 novam
1014 544 1126 573 urbem
1143 547 1311 576 Lavinium

741 588 868 625 condit,
889 590 1004 628 jusque
1022 599 1134 619 socero
1156 591 1190 620 in
1211 603 1308 633 regno

741 634 933 664 succedendi
964 637 1191 676 consequitur:
1215 638 1308 668 adeo-
1341 668 1344 669 γ

741 691 803 720 que
818 682 929 710 AEneas
944 682 1066 721 accepit
1077 682 1184 712 sedem
1199 683 1231 712 in
1246 686 1312 714 Ica-

742 725 788 755 lia
803 725 969 767 inliditque
983 727 1059 756 deos
1074 727 1166 757 Latio
1176 751 1185 764 ‚
1203 737 1239 759 nt
1251 730 1310 760 lib.

742 775 775 807 I,
804 773 840 808 5,
861 772 882 801 6
908 773 975 801 fore
998 779 1091 812 poeta
1108 774 1309 813 praedixerat.

740 818 881 847 Omnino
901 819 926 846 si
945 817 984 847 de
1001 825 1066 848 arte
1079 822 1248 859 qnaeritur,
1269 823 1309 852 ab

741 863 914 903 ingeniosis
938 865 1075 894 inventis
1095 867 1255 906 profecta,
1282 876 1312 898 et

740 909 852 947 judicii
879 911 1058 941 maturitate
1091 918 1123 941 et
1148 916 1312 944 severitate

744 962 913 996 temperata
926 979 934 993 ‚
961 957 1043 986 nihil
1083 958 1193 996 video,
1225 961 1314 1000 quod

743 1012 815 1031 cum
837 1003 972 1032 Marone
997 1006 1171 1044 comparari
1193 1007 1308 1045 possit;

744 1048 910 1087 multoque
934 1047 993 1078 hac
1012 1056 1098 1088 parte
1117 1051 1248 1081 inferior
1266 1060 1312 1082 est

745 1093 817 1123 Ilias
832 1093 972 1124 AEneide.

566 1705 892 1723 -q—-Qfi--ffl
