1414 2435
592 138 712 168 CIRIS.
1197 135 1258 171 377

61 200 131 236 Cui
149 201 274 235 Parcae
292 195 460 232 tribucre
480 207 548 231 nec
567 194 643 230 ullo
659 193 814 230 volnere
829 194 913 230 laedi
937 208 942 228 :

60 258 271 296 Dicendum
288 265 360 303 est,
377 256 516 293 frustra
536 254 802 292 circumvehor
819 254 945 291 omnia
964 253 1106 300 verbis,

61 319 130 355 Ille
148 330 248 364 mea,
268 317 330 354 ille
347 316 447 353 idem
467 323 662 366 oppugnat
678 314 890 364 praecordia
907 314 1046 352 Minos.

63 376 175 422 Quod
194 386 229 414 te
248 389 318 426 per
337 377 467 414 divum
485 376 640 413 crebros
658 375 828 412 obtestor
847 386 1010 419 amores,

61 439 208 485 Perque
228 445 335 473 tuum
353 437 530 474 memoris
549 436 726 473 haustum
747 435 840 472 mihi
857 444 989 486 pectus
1009 434 1165 471 alumna·
1177 463 1184 475 ‚

62 497 115 532 Ut
135 508 215 542 me,
235 496 267 532 si
286 510 437 533 servare
456 504 581 547 potes,
601 509 648 532 ne
667 495 829 545 perdere
848 495 966 532 malis.
1209 502 1255 533 ²75

65 555 132 593 Sin
151 564 276 593 autem
296 565 434 606 optatae
454 570 538 606 spes
558 564 613 594 est
631 557 750 594 incisa
769 555 916 602 salutis,

64 618 122 653 Ne
140 616 252 662 mihi,
272 630 384 666 quam
405 617 546 663 merui,
566 617 754 663 invideas,
775 615 984 661 nutricula,
1002 623 1174 651 mortem.

64 677 161 712 Nam
178 675 251 712 nisi
270 684 305 712 te
324 676 434 714 nobis
453 677 589 723 malus,
611 689 634 712 o
650 677 786 721 malus,
809 676 951 726 optima
969 676 1102 711 Carme
1115 704 1124 720 ,

67 737 164 771 Ante
183 735 284 771 hunc
303 746 546 786 conspectum
566 749 720 774 casusve
741 736 882 773 deusve
899 735 1062 780 tulisset3

68 796 146 829 Aut
165 794 266 830 ferro
284 794 358 831 hoc
378 811 394 827 »
415 796 537 845 aperit
554 796 697 831 ferrum
717 795 820 844 quod
839 803 943 831 veste
960 792 1119 837 latebat,
1215 802 1260 823 2⁸0

71 870 85 886 a
103 856 340 903 Purpureum
358 855 475 904 patris
494 855 711 891 demsissem
730 854 873 890 vertice
893 853 1051 897 crinem,

70 916 147 950 Aut
166 914 258 950 mihi
278 915 455 964 praesenti
472 914 702 964 peperissem
721 915 876 951 volnere
892 914 1020 951 letum.
1041 929 1055 943 »

121 973 196 1010 Vix
212 974 294 1010 haec
314 973 499 1021 ediderat,
520 987 638 1023 quum
656 974 761 1011 clade
779 974 959 1011 exterrita
978 974 1076 1010 tristi

72 1036 246 1070 Intonsos
265 1034 385 1069 multo
405 1033 583 1082 deturpat
600 1034 757 1083 pulvere
775 1034 907 1080 crinis,

73 1098 120 1132 Et
139 1095 304 1144 graviter
321 1102 456 1144 questu
476 1096 609 1130 Carme
627 1094 823 1144 conplorat
844 1093 933 1130 anili
954 1107 961 1127 :
1220 1103 1266 1131 :rs-⁸·

75 1172 90 1188 «
108 1158 142 1191 Ο
161 1154 254 1191 mihi
272 1168 372 1191 nunc
388 1155 526 1191 iterum
545 1154 707 1191 crudelis
725 1153 873 1190 reddite
888 1154 1032 1196 Minos,

73 1218 107 1252 O
127 1215 264 1251 iterum
284 1223 422 1251 nostrae
441 1214 566 1251 Minos
585 1213 735 1249 inimice
752 1222 928 1259 senectae,

76 1277 234 1324 Semper
250 1283 306 1320 et,
328 1281 392 1311 aut
411 1274 501 1310 olim
519 1282 624 1319 nata,
646 1286 669 1309 o
691 1282 726 1310 te
743 1283 902 1323 propter
922 1275 1099 1317 eundem,

74 1338 152 1371 Aut
168 1348 274 1371 amor
289 1336 429 1371 insanae
447 1335 591 1370 luctum
609 1333 776 1384 portavit
798 1333 973 1371 alumnae!

74 1398 175 1431 Tene
195 1407 265 1444 ego
285 1404 361 1431 tam
380 1396 490 1443 longe
510 1402 619 1443 capta
639 1403 751 1443 atque
771 1402 902 1431 avecta
918 1397 1088 1444 nequivi,
1221 1418 1266 1441 ,ψ

75 1457 167 1491 Tam
187 1467 301 1504 grave
319 1454 533 1500 servitium,
553 1463 630 1490 tam
649 1454 764 1490 duros
783 1466 891 1503 passa
911 1453 1077 1500 labores,

76 1513 269 1562 Effugere,
291 1521 333 1549 ut
349 1513 476 1550 sistam
494 1512 652 1549 exitium
669 1512 821 1549 crudele
840 1516 1034 1550 meorum?

566 1565 580 1582 d

78 1699 175 1730 dubie
191 1698 399 1728 immortalem
414 1697 480 1727 fore
494 1698 648 1733 Minoem,

79 1747 162 1775 inter
195 1744 270 1774 deos
298 1743 468 1783 aliquando
494 1745 649 1782 recipien-

80 1791 157 1821 dum
196 1790 342 1824 heroem,
381 1788 538 1817 declarare
570 1789 649 1819 vult.

81 1837 162 1868 Aliis
195 1836 289 1874 hujus
315 1834 380 1864 loci
406 1833 550 1874 partibus
581 1844 651 1864 non

83 1883 169 1914 deest
184 1882 335 1923 elegantia
352 1890 418 1911 sua.

130 1930 208 1968 275.
225 1927 409 1958 Laudarunt
429 1926 491 1955 viri
511 1925 598 1956 docti
611 1925 650 1955 ad

83 1974 116 2005 h.
143 1975 165 2005 l.
193 1974 274 2004 illud
301 1984 341 2003 ex
371 1971 483 2002 Medea
517 1971 649 2003 Ovidii:

86 2021 216 2050 Servare
226 2019 321 2060 potui
340 2030 351 2048 .·
366 2019 504 2058 perdere
523 2029 566 2047 an
577 2028 652 2058 pos-

86 2065 164 2099 sim,
191 2069 313 2107 rogas?
338 2076 379 2095 ex
407 2065 532 2104 hocque
557 2075 651 2094 versu

89 2112 170 2142 Ciris
188 2119 347 2142 auctorem
363 2111 532 2152 profecisse
553 2109 652 2140 credi-

88 2157 214 2188 derunt.
238 2159 461 2198 Antiquiorem
486 2158 653 2186 auctorita-

89 2211 152 2234 tem
166 2203 382 2244 Aristophanis
391 2203 478 2235 Nuh.
496 2214 509 2232 1
520 2214 532 2233 1
541 2214 556 2241 7
563 2214 582 2243 9
592 2203 654 2233 Νῦν

90 2245 138 2280 οὗν
165 2249 248 2285 ὅπως
272 2247 369 2291 σώσῃς
392 2251 436 2291 μ’,
457 2246 522 2279 ἐπεὶ
545 2246 655 2290 κᾴπώ-

704 1699 794 1730 λεσας
820 1705 1045 1727 commemorat
1069 1699 1176 1728 Burm.
1205 1704 1271 1731 Sec.

704 1742 742 1772 ad
759 1742 893 1772 Amhol.
910 1749 930 1772 t.
947 1745 976 1777 I,
995 1753 1026 1782 p.
1046 1749 1122 1781 4¹0·

752 1788 829 1817 280.
846 1787 1086 1829 Apert'tferrum
1103 1790 1192 1829 qnod
1201 1801 1271 1820 vcs-

705 1841 736 1862 ee
752 1833 883 1863 latebat.
906 1836 976 1864 AEn.
996 1835 1058 1871 VI,
1077 1835 1142 1870 406
1166 1838 1271 1877 aperit

704 1889 826 1908 ramum
846 1879 902 1919 qui
916 1887 1005 1910 ‘veste
1022 1880 1153 1911 latebat.

751 1925 816 1954 286
842 1935 909 1966 sqq.
940 1927 1081 1967 Respicit
1107 1927 1168 1957 sata
1197 1928 1270 1959 filiae

702 1972 916 2009 Britomartis,
931 1973 1021 2010 cujus
1038 1983 1143 2003 amore
1163 1975 1271 2005 Minos

704 2024 874 2054 exarserat,
902 2029 996 2058 quem
1026 2019 1078 2047 illa
1107 2019 1228 2060 fugiens
1256 2033 1271 2050 a

703 2064 895 2104 Dictynnaeo
907 2065 1129 2104 promontorio
1141 2067 1175 2096 iu
1188 2077 1273 2096 mare

705 2120 737 2139 se
752 2110 949 2150 praecipitare
961 2110 1123 2141 maluerat.

755 2166 831 2195 290.
854 2155 957 2196 Capta
973 2163 1069 2197 atque
1091 2164 1158 2186 tam
1177 2156 1272 2199 longe

709 2209 828 2232 avecta.
851 2203 900 2232 Ex
926 2203 1015 2233 Creta
1036 2203 1134 2242 igitur
1163 2203 1272 2234 Carme

710 2249 831 2289 captiva
854 2247 985 2278 abducta
1011 2251 1138 2289 Megara
1165 2258 1275 2289 perie-

1050 2309 1118 2345 32*
