1414 2435
107 70 168 100 108

602 69 794 100 AENEIDOS

103 132 159 166 Ac
178 128 301 173 velut,
321 134 452 176 optato
471 126 591 164 ventis
611 135 739 164 aestate
759 127 917 171 coortis,

105 188 284 237 Dispersa
302 185 459 223 inmittit
477 186 579 223 silvis
599 186 772 224 incendia
791 194 937 236 pastor3

106 245 307 296 Conreptis
327 244 455 283 subito
473 245 626 292 mediis,
645 246 862 283 extenditur
878 259 953 283 una

105 306 271 343 Horrida
289 319 358 356 per
374 306 469 342 latos
490 305 588 342 acies
606 306 788 342 Volcania
807 318 958 356 campos
974 321 982 342 :

104 368 171 403 Ille
191 366 323 403 sedens
341 365 465 403 victor
484 365 651 402 flammas
667 365 859 415 despectat
877 366 1034 403 ovantis.

106 428 193 463 Non
214 425 322 462 aliter
342 425 488 462 socium
504 425 626 461 virtus
647 425 725 461 coit
744 426 865 462 omnis
884 425 922 461 in
941 439 1076 471 unum,

105 487 235 534 Teque
247 485 374 535 juvat,
394 484 495 521 Palla
515 499 522 520 :
543 482 611 520 sed
629 483 738 519 bellis
758 495 844 520 acer
863 484 1021 520 Halesus

105 545 242 582 Tendit
260 545 299 582 in
317 544 515 591 adversos,
535 556 650 593 seque
669 543 708 579 in
728 556 796 580 sua
815 543 969 592 conligit
988 555 1102 592 arma.

106 606 178 643 Hic
197 613 336 642 mactat
354 605 529 649 Ladona,
550 603 805 653 Pheretaque,
825 602 1181 653 Demodocumque3

108 754 195 791 τίζει.
210 754 307 796 Quod
322 755 508 785 Rutulorum
530 765 607 784 arva
622 765 682 795 pro

112 802 180 832 solo
194 824 202 839 ,
220 808 251 831 et
265 801 394 842 quidem
409 802 522 831 Latino
533 823 541 838 ‚
558 802 680 841 posuit,

114 854 243 878 ornatus
280 857 388 877 caussa
417 847 500 877 fecit.
531 863 576 870 ——-
603 847 680 882 405.

115 895 238 933 Optata
252 901 328 923 vett.
343 892 414 924 edd.
430 899 501 922 ante
514 894 596 924 Pier.
609 903 682 922 cum

107 940 181 971 Ald.
200 951 248 981 pr.
277 947 309 970 et
333 939 428 969 codd.
449 939 573 969 nonulli
598 938 681 979 apud

109 987 217 1017 Heius.
239 993 269 1016 et
291 987 399 1016 Burm.
419 992 449 1015 et
473 985 539 1016 duo
561 984 676 1021 Goth.‚

109 1043 293 1073 perperam3
309 1043 377 1061 non
401 1033 485 1062 enim
509 1039 603 1062 a‘scas
624 1042 680 1072 op-

110 1086 194 1109 tatur
205 1102 213 1117 ‚
227 1078 282 1108 sed
303 1079 337 1107 in
356 1085 460 1108 aestate
472 1078 568 1108 venti
583 1088 675 1108 aura.

110 1127 220 1165 Itaque
247 1131 332 1154 recte
359 1125 564 1160 vetustiores,
593 1124 680 1164 quod

111 1171 234 1201 editum
250 1181 265 1200 a
284 1171 445 1210 Naugerio
457 1193 465 1207 ‚
491 1177 601 1210 optato
612 1194 620 1208 ,
645 1171 677 1202 h.

111 1228 151 1247 ex
170 1224 265 1254 voto,
282 1223 317 1246 ut
339 1216 419 1246 bene
437 1218 563 1247 Servius
582 1217 681 1257 expli-

111 1270 180 1301 cat3
204 1263 258 1293 sed
281 1263 361 1292 male
385 1263 624 1304 interpungitur
645 1264 679 1293 in

111 1310 220 1340 Heius.
238 1317 269 1340 et
282 1311 390 1339 Burin.
414 1316 523 1349 optato
535 1332 542 1346 ,
559 1309 677 1340 ventis.

110 1373 157 1379 -—
171 1357 236 1392 405
255 1367 324 1396 sqq.
339 1356 542 1396 Comparatio
561 1355 599 1385 ad
618 1357 681 1386 Ho-

111 1403 262 1433 mericum
289 1401 470 1442 exemplum
493 1403 681 1432 concinnata

111 1449 149 1480 11.
169 1452 204 1486 λ,
228 1449 405 1486 155—157
420 1471 428 1485 ‚
449 1447 529 1478 forte
552 1459 680 1489 quoque

111 1505 149 1532 υ,
174 1502 238 1536 490
263 1506 330 1535 sqq.
351 1497 451 1534 Supra
476 1495 610 1524 similem
634 1495 681 1525 lo-

112 1551 186 1571 cum
213 1541 350 1571 vidimus
377 1540 434 1570 lib.
462 1542 512 1577 11,
541 1542 623 1577 304,
652 1547 683 1570 et

114 1587 173 1617 Ge.
199 1588 251 1623 11,
277 1588 341 1617 303
364 1597 410 1626 sq.
423 1608 431 1622 ,
446 1587 480 1616 in
499 1586 616 1626 quibus
633 1586 682 1616 vel

112 1634 262 1670 incauto,
284 1633 334 1663 vel
357 1633 468 1673 ignaro
489 1639 613 1672 pastore
632 1633 681 1661 in-

113 1678 262 1709 cendium
293 1680 447 1709 exoritur.
477 1680 547 1708 Hoc
577 1684 681 1708 autem

112 1726 185 1756 loco
221 1731 329 1766 pastor
361 1724 471 1755 volens
505 1724 682 1765 lubensque

112 1773 222 1804 silvam
247 1770 405 1807 incendit,
425 1777 456 1800 et
480 1771 604 1800 flamma
627 1771 680 1800 lae-

114 1826 197 1849 tatur
215 1828 221 1848 :
239 1817 326 1858 quod
342 1823 396 1847 aut
419 1817 552 1847 stultum
569 1824 620 1847 aut
641 1817 682 1846 fa-

114 1866 295 1895 cinorosum
319 1864 480 1894 hominem
503 1863 629 1904 prodit3
652 1869 683 1893 et

114 1921 266 1951 quorsum
288 1911 420 1941 omnino
441 1910 503 1939 hoc
525 1911 682 1950 pertinet,

114 1964 147 1986 ut
163 1958 233 1997 quis
247 1959 281 1987 in
296 1956 396 1986 media
414 1963 518 1986 aestate
534 1955 681 1986 incendat

113 2004 228 2033 silvas?
262 2003 323 2033 hoc
356 2002 483 2042 quidem
519 2001 681 2043 quomodo

114 2049 236 2089 placere
246 2073 254 2087 ‚
270 2056 324 2079 aut
340 2048 504 2089 quomodo
517 2056 618 2089 poetae
631 2059 683 2078 ex-

114 2094 217 2124 cidere
238 2096 394 2135 potuerit,
412 2105 476 2125 non
493 2094 597 2126 video.
621 2097 684 2124 Vc-

114 2151 185 2170 rum
202 2151 260 2170 nec
276 2148 377 2181 pocta·
393 2141 485 2181 culpa
501 2152 535 2171 ca
551 2149 615 2178 est,
630 2140 684 2171 sed

112 2188 319 2228 interpretum
336 2209 344 2224 ,
379 2188 435 2227 qui
471 2188 581 2218 silvam
618 2197 684 2217 non

735 755 906 784 meminere
925 765 990 784 esse
1005 754 1037 785 h.
1054 755 1075 785 l.
1091 756 1221 796 stipulas
1237 757 1302 797 agri

736 801 886 837 demessi,
911 811 987 840 quas
1008 808 1133 841 pastor,
1156 813 1212 831 seu
1233 813 1301 832 om-

735 848 814 877 nino
837 848 964 887 agrestis
982 847 1021 876 ad
1041 848 1147 876 solum
1163 858 1302 878 recrean-

735 893 813 923 dum
836 893 989 924 incendit.
1013 896 1064 924 Sic
1087 893 1199 923 silvam
1221 893 1302 924 dixit

735 941 846 977 Maro,
878 939 916 969 de
945 940 1142 981 leguminum
1178 940 1301 969 calamis

735 986 852 1027 Georg.
870 989 902 1023 Ι,
924 986 964 1023 76
978 1009 985 1023 ‚
1003 993 1033 1016 et
1052 986 1090 1015 de
1103 985 1210 1016 herbis
1223 986 1300 1016 ibid.

738 1033 821 1069 152,
856 1039 886 1062 et
908 1031 970 1062 hoc
994 1043 1087 1062 sensu
1107 1033 1213 1061 locum
1246 1043 1301 1062 ex-

731 1079 843 1118 pressit
864 1081 980 1109 Lucan.
998 1081 1042 1109 IX
1054 1101 1062 1115 ,
1091 1079 1151 1107 182
1173 1088 1239 1118 sqq.
1256 1096 1301 1102 ψ-

735 1125 812 1159 406.
832 1125 983 1165 Dispersa
1007 1124 1171 1165 epitheton
1187 1124 1227 1153 ab
1242 1135 1296 1157 eo.

733 1170 821 1211 quod
844 1173 986 1212 sequitur
997 1193 1005 1207 ,
1030 1177 1171 1200 sumtum
1189 1180 1196 1201 ε
1213 1171 1301 1211 quod

733 1228 766 1246 se
800 1217 946 1258 dispersit
979 1217 1162 1246 incendium
1180 1228 1188 1254 ;
1235 1228 1301 1248 nou

735 1264 823 1303 qnod
844 1263 978 1293 diversis
999 1263 1077 1293 locis
1093 1270 1199 1304 pastor
1218 1263 1299 1294 fecit.

732 1327 778 1333 —
802 1317 878 1348 407.
907 1309 1062 1349 Correptis
1087 1309 1217 1346 mediis;
1239 1310 1300 1340 ele-

734 1363 844 1397 ganter
881 1356 920 1386 ad
950 1357 1101 1386 interiora
1137 1362 1302 1396 penetrare

733 1403 825 1433 dixit.
851 1403 985 1444 Reliqua
1002 1413 1033 1432 ν.
1059 1409 1121 1440 407
1135 1425 1143 1439 ,
1164 1403 1228 1438 408
1252 1413 1303 1433 or-

733 1450 910 1485 natissima,
939 1450 1174 1488 comparatione
1194 1449 1302 1477 incen-

735 1495 780 1525 dii
804 1505 877 1524 cum
899 1504 1006 1535 pugna
1037 1494 1134 1530 facta;
1159 1493 1243 1523 unde
1271 1501 1302 1523 et

736 1551 812 1570 mox
833 1541 994 1583 flammas
1026 1547 1172 1575 ovante-s„
1213 1542 1301 1579 quasi

735 1597 882 1616 successu
906 1585 1097 1621 exultantes,
1123 1585 1226 1615 dicere
1245 1596 1300 1615 au-

735 1643 788 1662 sus
818 1638 874 1662 est.
897 1649 943 1654 —-
963 1637 1037 1671 [009.
1067 1631 1189 1667 Victor,
1221 1631 1302 1662 bene

735 1680 821 1709 Serv.
848 1679 916 1708 voti
948 1688 1094 1718 compos,
1127 1676 1300 1718 ἑπιτυχώνς

735 1731 765 1754 et
791 1731 856 1760 4¹0
885 1724 917 1754 in
943 1735 1040 1754 unum
1066 1723 1171 1754 locum
1193 1726 1300 1755 Burm.

734 1773 789 1801 Est
803 1777 906 1800 autem
916 1772 962 1800 vis
972 1777 1000 1800 et
1014 1777 1209 1800 momentum
1220 1781 1302 1800 coni-

734 1818 906 1858 parationis
917 1817 951 1846 in
963 1817 1024 1847 hoc
1035 1840 1043 1854 ‚
1057 1816 1144 1857 quod
1158 1817 1192 1846 in
1205 1817 1301 1857 stipu-

735 1864 763 1894 la
780 1863 905 1893 flamma
928 1873 994 1893 uno
1019 1864 1092 1893 loco
1114 1869 1223 1892 exorta
1240 1862 1300 1892 late

735 1909 938 1947 extenditur,
962 1916 992 1940 et
1016 1918 1102 1939 nuuc
1126 1919 1232 1949 pugna
1254 1919 1301 1938 se-

733 1956 795 1986 mel
811 1967 826 1985 a
843 1955 980 1986 Pallante
996 1957 1151 1994 incoepta,
1165 1965 1241 1984 mox
1260 1955 1301 1984 ab

736 2001 912 2032 Arcadibus
931 2001 1070 2030 collectis
1085 2001 1144 2030 late
1161 2011 1217 2041 per
1232 2000 1302 2031 lios·

735 2048 803 2078 tiles
817 2054 933 2077 turmas
945 2054 1147 2088 propagatur.
1161 2064 1207 2070 ——
1223 2053 1239 2083 l,
1250 2058 1260 2076 t
1273 2059 1282 2077 1
1291 2071 1299 2079 .

736 2093 885 2130 Halesus,
905 2094 1134 2123 Auruncorum
1159 2092 1245 2131 dux,
1266 2095 1300 2124 in

736 2142 764 2171 T
766 2141 838 2170 urni
857 2140 991 2180 agmine.
1016 2138 1077 2169 vid.
1097 2140 1204 2180 paullo
1228 2146 1300 2170 ante

737 2197 768 2217 v.
797 2187 873 2218 352.
900 2203 944 2210 —
963 2191 1039 2221 4¹²-
1059 2187 1160 2227 Seque
1185 2185 1218 2217 in
1243 2196 1303 2216 sua
