1414 2435
135 59 200 94 334
599 57 824 90 EXCURSUS
847 59 880 88 11

134 125 170 147 ut
185 116 293 146 saltem
324 123 486 146 teneamus
517 126 570 154 ea,
600 126 672 157 quae
699 116 797 158 vulgo
819 116 961 146 evenisse
987 114 1123 146 credidit
1145 116 1335 156 antiquitas,

134 178 167 202 et
177 181 314 212 quorum
325 180 480 201 summam
496 172 644 212 proxime
660 170 701 201 ad
719 172 886 202 veritatem
900 170 1050 202 accedere
1063 180 1158 201 nemo
1173 181 1267 201 sanus
1280 170 1339 201 du·

138 226 228 257 bitet.

493 465 875 520 EXCURSUS
913 467 976 519 ΙΙ.

143 607 343 649 Censura
381 620 538 649 eorum
557 640 569 659 ‚
604 621 712 667 quae
749 609 794 649 in
832 605 1047 650 AEneidc's
1083 611 1339 651 oeconomia

490 684 768 746 reprehendi
773 695 985 747 possunt.

186 826 324 857 AEneidis
354 832 577 866 argumentum
605 833 636 856 et
661 836 834 863 summam,
858 837 974 867 eaque,
1000 838 1070 868 quae
1093 830 1208 868 passim
1231 840 1248 859 a
1268 830 1344 859 viris

139 881 242 912 doctis
257 892 357 922 quum
375 881 409 910 in
425 881 558 922 singulis
577 881 736 921 partibus,
756 887 823 910 tum
843 881 882 910 de
900 881 991 910 libris
1016 892 1072 911 sex
1094 882 1341 922 posterioribus,

141 943 196 966 aut
214 936 253 965 de
273 935 421 976 episodiis
440 942 470 965 et
487 935 566 966 locis
585 935 753 965 nonnullis
768 936 889 965 monita
911 935 1060 973 fuerunt,
1080 937 1215 977 exposui
1227 938 1263 967 iu
1277 938 1344 978 ipsa

140 990 338 1019 enarratione
349 1012 356 1026 ‚
373 990 606 1029 opportunius,
626 999 720 1028 quam
734 989 759 1018 si
773 999 809 1018 ea
821 999 888 1018 uno
898 988 971 1018 loco
985 989 1149 1019 cumulare
1162 990 1342 1021 voluissem.

142 1044 289 1074 Aliorum
313 1044 469 1073 rationem
491 1043 565 1072 satis
588 1042 737 1072 idoneam
758 1041 890 1072 reddere
912 1042 991 1072 mihi
1011 1044 1096 1072 visus
1121 1053 1211 1080 sum,
1229 1044 1288 1074 alia
1305 1043 1344 1074 ad

142 1098 241 1128 fatum
257 1097 396 1128 AEneidis
408 1119 416 1134 ‚
435 1103 585 1137 tanquam
604 1098 708 1136 operis
715 1096 832 1126 2ultima
848 1107 944 1126 mann
961 1096 1046 1126 haud
1060 1096 1198 1127 absoluti
1209 1120 1218 1135 ‚
1229 1098 1342 1135 retuli,

143 1153 201 1183 alia
216 1152 349 1182 humani
362 1152 482 1192 ingenii
500 1151 709 1181 imbecillitati
723 1151 932 1182 condonanda
947 1162 1013 1182 esse
1029 1151 1109 1183 dixi.

189 1209 305 1237 Praeter
318 1206 385 1236 haec
396 1213 498 1236 tamen
509 1212 583 1235 sunt
593 1205 746 1236 nonnulla
756 1229 764 1243 ‚
778 1205 969 1246 quaejudicii
983 1205 1109 1236 laudem
1118 1228 1126 1243 ,
1138 1216 1199 1247 qua
1208 1207 1345 1238 maxime

143 1261 310 1290 Maronem
330 1259 484 1290 excellere
507 1269 589 1300 saepe
613 1260 839 1300 pronuntiavi,
859 1259 945 1290 haud
972 1270 1086 1301 parum
1109 1259 1279 1291 obscurare
1296 1263 1344 1291 vi-

142 1314 259 1345 dentur
270 1337 277 1351 ,
292 1325 394 1355 quum
409 1314 506 1345 modo
522 1314 746 1355 probabilitate
757 1315 983 1353 destituantur,
994 1315 1093 1346 modo
1103 1317 1220 1346 rationi
1235 1326 1344 1347 rerum

143 1380 177 1398 ac
192 1376 371 1409 temporum
383 1392 391 1407 ,
408 1369 549 1409 adeoque
563 1369 689 1398 veritati
704 1369 863 1399 historica²
874 1392 882 1406 ‚
902 1376 1092 1411 repugnent.
1108 1371 1153 1400 Ut
1164 1369 1346 1412 diligentius

144 1434 178 1452 ea
199 1430 417 1460 retractarem,
441 1425 543 1453 movit
561 1434 611 1452 me
627 1424 774 1463 inprimis
794 1425 887 1453 missa
902 1434 1005 1464 nuper
1021 1424 1059 1454 ad
1078 1435 1128 1455 me
1143 1426 1205 1455 viri
1223 1426 1346 1456 amicis-

144 1477 232 1513 simi,
251 1476 367 1506 Jacobi
384 1479 528 1516 Bryant,
551 1483 644 1506 acute
663 1478 780 1517 scripta
798 1476 976 1507 dissertatio
993 1477 1032 1507 de
1050 1477 1100 1507 his
1115 1478 1210 1518 ipsis,
1224 1488 1295 1519 quae
1312 1480 1347 1508 in

144 1531 277 1560 AEncide
302 1531 382 1560 male
412 1532 584 1561 constituta
607 1538 692 1562 sunt.
711 1531 877 1562 Subtiliter
898 1531 951 1561 ille
964 1554 972 1569 ,
988 1532 1047 1561 etsi
1066 1531 1135 1561 aliis
1151 1531 1191 1561 de
1209 1533 1344 1569 caussis,

144 1591 175 1613 ct
190 1583 230 1613 ab
247 1584 313 1614 aliis
332 1586 496 1624 principiis
510 1585 668 1625 profectus
679 1607 687 1621 ‚
704 1593 740 1615 ut
754 1583 849 1615 fidem
865 1585 1074 1622 Trojauarum
1093 1594 1200 1614 rerum
1215 1584 1348 1615 labefac-

145 1645 239 1675 taret,
257 1640 458 1681 investigavit
480 1649 532 1676 ea,
556 1640 589 1669 iu
611 1639 730 1679 quibus
749 1646 803 1669 aut
819 1638 914 1669 fidem
929 1639 1113 1669 historicam
1128 1646 1183 1669 aut
1196 1639 1347 1681 probabi-

144 1693 263 1724 litatem
286 1693 452 1725 desideres.
480 1694 531 1724 Ad
552 1694 620 1724 baec
639 1695 856 1735 potissimum,
877 1701 944 1724 tum
965 1694 1002 1724 ad
1021 1695 1081 1725 alia
1102 1696 1216 1736 passim
1236 1706 1253 1725 a
1270 1696 1347 1726 viris

145 1747 247 1778 doctis
263 1749 478 1779 animadversa
489 1772 497 1786 ,
514 1756 659 1790 respectu
679 1748 790 1779 habito
813 1749 985 1779 recensebo
1001 1750 1124 1790 potiora
1135 1773 1144 1787 ‚
1159 1760 1195 1780 ac
1207 1749 1345 1786 videbo,

146 1802 221 1843 quid
237 1804 270 1833 in
286 1803 419 1845 singulis
434 1810 488 1834 aut
512 1803 731 1834 excusandum
742 1827 750 1842 ‚
771 1811 826 1834 aut
848 1803 1082 1835 defendendum
1095 1827 1103 1842 ‚
1117 1811 1173 1834 aut
1193 1803 1345 1835 damnan—

146 1857 221 1888 dum
239 1858 337 1888 videri
358 1860 466 1900 possit.

192 1915 373 1954 Antequam
394 1924 470 1944 vero
489 1913 527 1943 ad
548 1914 670 1955 singula
693 1914 881 1944 descendam
893 1937 901 1951 ,
920 1913 1078 1945 monenda
1094 1919 1170 1943 sunt
1188 1913 1345 1944 nonnulla

147 1968 292 1997 universe
304 1990 312 2004 ,
329 1979 399 2008 quae
412 1967 450 1998 ad
465 1968 623 2006 judicium
638 1969 723 1998 bisce
737 1969 776 1999 de
791 1969 887 1999 rebus
902 1968 1070 1998 ferendum
1083 1966 1185 1997 fucere
1201 1974 1344 2007 possunt.

148 2022 254 2052 Fidem
275 2023 455 2053 historicam
477 2031 507 2053 et
526 2023 783 2064 probabilitatem
803 2033 910 2053 rerum
927 2022 965 2052 ad
987 2020 1082 2052 fidem
1106 2019 1254 2051 fictarum
1279 2032 1346 2052 non

148 2086 277 2114 prorsus
297 2076 405 2107 iisdem
420 2076 539 2107 linibus
556 2079 654 2108 teneri
667 2101 675 2113 ‚
686 2089 701 2107 a
713 2078 820 2107 multis
831 2077 989 2107 monitum
1004 2082 1068 2106 est:
1082 2086 1215 2105 evenere
1230 2075 1345 2113 multa,

146 2139 219 2168 qua·
243 2130 498 2169 probabilitatem
523 2143 590 2161 non
616 2132 753 2168 habent3
776 2138 852 2161 suut
876 2130 935 2160 alia
967 2129 1158 2170 probabilia.
1181 2139 1254 2170 quae
1277 2129 1348 2170 ipso

147 2192 261 2214 eventu
277 2185 481 2224 comprobata
501 2197 566 2214 non
583 2194 668 2217 sunt.
680 2189 796 2223 Porro,
817 2186 850 2216 iu
870 2184 1091 2224 probabilitate
1105 2183 1293 2225 fingentium
1308 2183 1346 2213 nd
