1414 2435
121 76 186 105 400

485 71 520 100 P.
544 69 728 101 VIRGILII
751 70 948 103 MARONIS

120 128 191 166 Cui
210 131 336 164 Venus
360 135 444 163 ante
463 127 573 174 alios,
595 127 691 174 divi,
712 127 919 178 divumque
939 140 1111 174 sorores,
1299 137 1313 161 ⁵

173 190 334 234 Cuncta,
354 200 478 237 neque
496 187 670 237 indigno,
690 191 819 235 Musa,
841 188 979 225 dedere
999 188 1120 234 bona3

120 252 281 295 Cuncta,
305 247 444 298 quibus
464 247 603 298 gaudet
621 248 806 295 Phoebus,
825 249 965 286 chorus
984 249 1141 299 ipseque
1162 246 1314 294 Phoebi3

172 309 331 346 Doctior
347 322 370 346 o
389 308 473 358 quis
492 317 545 355 te,
564 311 693 354 Musa,
711 309 825 346 fuisse
843 311 990 358 potest?

121 372 154 407 O
174 369 258 419 quis
279 378 314 406 te
333 369 372 405 in
390 369 501 406 terris
520 369 690 418 loquitur
704 368 914 419 jucundior
930 370 1030 407 uno?

172 429 253 465 Clio
272 441 359 466 nam
377 438 479 466 certe
499 428 660 465 candida
678 442 755 466 non
772 429 955 478 loquitur.
1289 445 1318 460 10

122 491 249 534 Quare
268 488 361 525 illud
381 488 470 524 satis
491 497 563 534 est,
582 489 613 525 si
636 497 672 524 te
692 489 880 538 permittis
900 488 1017 525 amari
1025 503 1036 535 3

171 550 276 594 Non,
297 556 429 584 contra
450 556 489 584 ut
510 548 556 584 sit
577 561 684 585 amor
702 556 857 586 mutuus
875 548 963 585 inde
983 546 1089 584 mihi.

669 702 772 737 XIV.

517 848 558 870 IN
578 848 732 872 OCTAVII
756 849 929 874 MORTEM.

129 981 222 1028 Quis
243 980 353 1027 deus,
374 978 530 1024 Octavi,
552 987 588 1014 te
605 978 715 1015 nobis
735 978 913 1015 abstulit?
934 992 1000 1026 an,
1021 993 1106 1029 quae

180 1040 339 1085 Dicunt,
360 1051 424 1083 an,
444 1037 561 1073 nimio
581 1037 718 1088 pocula
738 1037 834 1074 dura
854 1040 985 1075 mero?

128 1101 248 1138 Vobis
265 1100 295 1136 si
315 1099 426 1148 culpa
446 1106 501 1134 est
520 1097 607 1134 bilis
628 1113 635 1134 :
656 1111 723 1134 sua
743 1111 932 1148 quemque
953 1108 1164 1148 sequuntur

180 1162 288 1206 Fata3
308 1157 412 1208 quod
430 1157 596 1194 inmeriti
613 1157 917 1195 crimcn'habent
935 1159 1086 1208 cyathi?

133 1220 282 1270 Scripta
301 1218 454 1268 quidem
473 1225 537 1253 tua
555 1230 623 1254 nos
641 1218 803 1254 multum
823 1217 1068 1266 mirabimur,
1087 1227 1124 1256 et
1145 1227 1180 1256 te
1314 1227 1328 1249 ⁵

182 1283 367 1329 Raptum,
386 1287 422 1315 et
438 1280 648 1315 Romanam
666 1277 840 1315 flebimus
856 1278 1066 1316 historiam.

132 1341 205 1379 Sed
227 1350 266 1377 tu
283 1339 407 1376 nullus
424 1339 508 1375 eris.
527 1339 721 1385 Perversi,
742 1339 874 1385 dicite,
894 1342 1045 1386 Manes,

186 1403 296 1436 Hunc
313 1412 510 1449 superesse
528 1399 625 1448 patri
648 1412 730 1448 qum
753 1399 822 1435 fuit
842 1398 1009 1435 invidia?

136 1583 220 1623 apud
241 1584 457 1612 Burni-'inmun
468 1605 476 1619 ,
490 1584 545 1622 qni
560 1583 619 1612 hoc
634 1593 706 1623 pne-

138 1630 269 1659 matium
294 1627 499 1668 Anlhologia:
525 1629 641 1657 Latinae
665 1630 707 1657 in—

137 1676 233 1705 seruit
259 1673 342 1704 libro
366 1675 415 1710 11,
437 1684 486 1714 ep.
519 1680 591 1710 124.
614 1675 707 1704 N’unc

137 1733 176 1751 rx
213 1721 273 1750 hoc
302 1722 479 1761 poematii»,
515 1720 604 1760 quod
642 1731 707 1750 non

138 1769 216 1804 alio,
236 1777 330 1807 quam
347 1777 384 1795 00
406 1774 552 1804 auctore,
571 1767 625 1807 qui
648 1768 706 1797 Ca-

140 1815 251 1844 talecta
269 1814 406 1853 collegit,
427 1814 553 1853 Virgilii
571 1824 635 1843 esse
650 1813 708 1843 fer-

141 1869 201 1895 tur,
212 1861 272 1890 hoc
282 1860 441 1895 discimus,
452 1860 544 1890 fuisse
555 1871 625 1890 cum
638 1871 708 1901 poe-

141 1916 178 1937 tae
189 1907 412 1937 amicissimum
423 1930 430 1944 ‚
441 1907 654 1947 omnibusque
665 1908 709 1937 in-

140 1955 222 1993 genii
254 1953 382 1983 dotibus
412 1961 442 1983 et
475 1953 594 1983 artibus
628 1954 708 1993 poli-

143 2003 293 2030 tiss-imum
313 2000 486 2030 hominem.

383 2095 469 2122 XIV.

190 2185 313 2216 clandit
348 2185 407 2214 hoc
441 2187 629 2225 epigramma
659 2196 709 2225 ag-

763 1594 834 1613 men
849 1583 1079 1614 Catalectorum
1090 1607 1098 1620 ‚
1114 1594 1185 1623 quae
1206 1584 1332 1614 Mamm

762 1629 858 1669 vulgo
877 1629 1076 1659 tribuuntur.
1100 1630 1181 1670 Quis
1198 1629 1250 1660 hic
1269 1633 1334 1662 Oc-

764 1677 865 1704 tavius
895 1676 951 1711 sit,
982 1676 1140 1716 ignorari,
1172 1686 1210 1706 eo
1237 1678 1335 1719 magis

763 1722 963 1751 mirationem
984 1722 1075 1759 facit,
1102 1722 1190 1763 quod
1210 1724 1335 1764 scriptis

763 1768 870 1797 multis
889 1768 1092 1805 inclaruisse,
1114 1776 1145 1798 et
1171 1769 1334 1799 historiam

763 1816 939 1845 Romanam
959 1825 1120 1856 aggressus
1143 1825 1208 1845 esse
1232 1825 1335 1845 narra-

764 1867 816 1890 tur
832 1872 861 1891 v.
886 1862 922 1899 5,
941 1861 972 1891 6.
992 1863 1073 1891 Eum
1092 1862 1243 1900 juvenem
1262 1869 1335 1891 ante

763 1914 883 1947 patrem
909 1918 989 1938 vers.
1011 1918 1041 1945 7,
1071 1908 1108 1944 8,
1130 1908 1212 1937 inter
1233 1918 1334 1948 pocu-

764 1954 809 1990 la,
825 1964 924 1994 quum
949 1952 1185 1986 excanduisset,
1205 1961 1336 1994 repente

768 2007 929 2030 mortuum
952 2011 1017 2030 esse
1041 2001 1099 2036 ita,
1118 2007 1154 2029 ut
1173 1999 1211 2029 de
1229 2010 1335 2030 caussa

768 2048 877 2075 mortis
901 2046 1058 2076 dubitatio
1080 2052 1177 2083 esset,
1202 2057 1218 2075 a
1243 2053 1335 2088 poeta

767 2093 936 2130 discimus,
965 2093 1021 2133 qui
1049 2103 1187 2122 caussam
1217 2094 1251 2123 in
1276 2095 1336 2123 ira-

767 2139 916 2169 cundiam
945 2149 960 2168 a
990 2149 1077 2169 mero
1104 2147 1243 2170 avertere
1265 2139 1336 2169 alla-

766 2185 867 2215 horat.
