1414 2435
97 76 140 107 60
595 76 788 108 AENEIDOS

94 139 142 174 Et
160 148 236 185 quo
255 135 304 172 sit
323 134 474 172 fortuna
492 133 597 180 loco,
617 134 684 183 qui
704 147 811 172 casus
829 143 914 183 agat
932 146 1010 181 res;

95 198 247 232 Portam
264 194 303 230 vi
322 194 440 230 multa
458 206 641 230 converso
661 194 813 231 cardine
831 203 999 244 torquet,

97 253 271 292 Obnixus
290 253 374 291 latis
393 253 580 298 humeris,
596 254 809 303 multosque
827 267 982 292 suorum
1239 263 1286 297 725

95 313 286 351 Moenibus
306 314 476 351 exclusos
496 313 592 350 duro
614 313 653 350 in
673 315 876 351 certamine
892 314 1047 364 linquit;

95 377 164 411 Ast
185 374 279 412 alios
299 387 427 412 secum
445 375 605 411 includit
625 375 838 425 recipitque
855 374 1018 420 ruentis,

95 437 277 472 Demensl
295 435 362 484 qui
381 435 566 472 Rutulum
584 434 624 471 in
639 435 765 471 medio
783 447 860 470 non
878 435 1025 484 agmine
1042 447 1170 486 regem

96 494 244 532 Viderit
263 496 561 544 inrumpentem,
579 495 758 544 ultroque
777 495 972 531 incluserit
990 494 1096 541 urbi,

96 557 292 592 Inmanem
310 554 429 590 veluti
447 566 587 603 pecora
602 554 701 590 inter
718 553 854 590 inertia
870 553 1008 602 tigrim.
1085 592 1088 595 ‚
1240 563 1287 596 730

96 614 285 651 Continuo
304 626 405 650 nova
420 614 487 650 lux
504 613 622 650 oculis
642 612 817 659 obfulsit‚
837 621 874 649 et
892 625 996 649 arma

96 674 340 712 Horrendum
358 686 537 719 sonuere;
557 681 722 710 tremunt
742 674 780 709 in
799 672 940 710 vertice
959 672 1081 710 cristae

98 734 339 783 Sanguineae,
360 732 569 782 clypeoque
586 733 762 769 micantia
782 733 938 771 fulmina
956 733 1121 770 mittunt.

97 793 342 843 Adgnoscunt
360 793 493 828 faciem
512 792 689 839 invisam,
710 801 822 842 atque
840 792 1005 829 inmania
1020 792 1190 831 membra

144 946 226 984 726,
244 955 320 984 727.
335 945 469 976 Occlusa
483 951 573 986 porta
585 945 666 975 mul-

97 999 147 1023 tos
161 1002 294 1022 suorum
307 992 450 1021 excludit
460 1014 468 1028 ‚
482 991 600 1025 hostes,
610 993 666 1031 qui

96 1041 292 1079 irruperant,
328 1037 476 1068 includit.
508 1037 666 1067 Laudatus

95 1086 211 1115 Statius
237 1083 293 1114 lib.
317 1086 367 1120 X,
395 1083 495 1114 Theb.
518 1084 579 1113 508
601 1085 665 1121 jam

97 1141 113 1160 a
131 1132 240 1162 Servio
255 1139 263 1160 ε
279 1132 345 1159 Par
361 1129 450 1169 operi
467 1129 595 1169 jactura
617 1130 663 1159 la-

97 1187 149 1206 cro
162 1187 173 1206 .·
193 1186 332 1216 numque
347 1175 434 1205 hoste
448 1183 572 1216 recepto
595 1177 663 1205 Ex-

97 1223 216 1252 clusere
247 1232 326 1252 suos.
356 1221 416 1251 Sed
447 1222 496 1251 his
522 1222 664 1252 versibus

96 1270 201 1298 minus
223 1269 383 1308 gravitatis
398 1269 489 1298 inest.
509 1268 548 1298 cf.
565 1267 662 1298 eund.

95 1326 126 1345 ν.
153 1315 216 1345 503
237 1325 343 1354 sq.—-
358 1314 434 1351 728.
460 1312 577 1349 Ντῖπιος
602 1321 662 1346 etc.

96 1360 184 1391 Iliad.
206 1359 242 1399 β,
263 1360 304 1390 38
328 1367 360 1390 et
392 1371 462 1401 sup.
491 1362 555 1397 VI,
586 1361 662 1400 590.

97 1409 237 1437 Demens
249 1405 304 1447 qui
316 1406 437 1436 nimbos
453 1406 615 1448 etfidmen
629 1407 665 1436 si-

96 1453 247 1483 mularat.
265 1470 312 1475 —
332 1454 409 1490 730.
432 1455 555 1482 Pecora
579 1453 663 1482 iuer-

96 1499 140 1528 τίη
152 1522 159 1534 ,
182 1510 257 1530 oves
275 1500 318 1529 ait
343 1498 461 1536 Cerda;
480 1499 589 1529 saltem
607 1510 663 1540 po-

96 1546 261 1576 tissimum.

146 1592 222 1629 ·731.
238 1591 267 1621 E
261 1589 375 1631 ffidsit
391 1590 486 1631 vulgo
501 1590 617 1620 lectum
630 1591 664 1620 in

97 1636 190 1667 codd.
204 1643 235 1666 et
247 1636 317 1666 edd.
327 1636 338 1677 (
348 1636 455 1666 saltem
465 1647 543 1676 quas
553 1637 662 1667 Heius.

96 1693 193 1713 manu
211 1682 381 1719 tractabat3
397 1693 436 1712 ex
451 1682 548 1715 Aldd.
563 1683 663 1723 prima

96 1740 113 1758 e
143 1729 233 1766 alsit,
263 1729 353 1759 tertia
387 1739 444 1769 per
470 1730 664 1769 Naugerium

96 1774 218 1817 offitlsic
240 1786 250 1804 .·
275 1774 349 1804 inde
381 1774 452 1805 odd.
477 1782 592 1805 secutae
612 1785 664 1804 vn-

96 1821 210 1861 riant.)
226 1819 372 1862 Offitlsit,
396 1820 482 1861 quod
501 1824 663 1852 Romanus

96 1869 190 1898 Pierii
214 1874 340 1905 tuetur,
362 1868 488 1908 repetiit
505 1868 613 1898 Heius.
630 1878 661 1898 v·

95 1924 165 1955 sup.
182 1925 212 1944 v,
235 1924 247 1943 1
259 1924 296 1943 10
308 1936 316 1951 ‚
337 1913 390 1943 sed
405 1914 437 1944 h.
451 1913 472 1943 l.
493 1913 572 1944 forte
587 1914 661 1943 alte-

96 1970 167 1990 rum
190 1960 473 1996 accommodatius3
492 1970 559 1990 non
577 1960 661 1990 euim

96 2006 199 2046 :igitur
228 2006 265 2036 de
296 2006 367 2036 lnce
378 2029 386 2043 ‚
415 2016 486 2046 quae
512 2005 662 2046 effulgent

96 2052 197 2081 oculis
219 2052 360 2087 aliunde,
382 2052 435 2082 sed
459 2053 568 2082 emissa
586 2061 662 2081 ocu-

96 2097 134 2126 lis
148 2097 247 2137 fulget
264 2099 314 2127 illa
332 2109 339 2129 :
356 2099 419 2128 hoc
435 2105 500 2134 est,
517 2097 659 2140 eſj‘idget.

97 2145 270 2175 Revocavit
283 2155 410 2185 quoque
426 2143 602 2175 Wakefield
617 2143 661 2185 es-

86 2187 192 2229 fialsie.
209 2207 254 2213 —
270 2191 310 2228 73
321 2201 331 2220 1
346 2209 390 2213 —
408 2191 483 2229 735.
512 2190 661 2225 Praeclare

718 944 786 975 haec
809 946 843 976 in
857 946 956 984 majus
977 952 1078 976 aucta.
1098 944 1219 975 Videas
1240 947 1288 975 in-

718 990 890 1022 terclusum
911 1003 943 1022 se
961 994 1087 1022 Turnus
1107 1002 1208 1022 novos
1232 1003 1286 1022 su-

718 1039 775 1068 mit
791 1039 911 1069 animos
922 1061 930 1075 ‚
946 1038 1149 1068 concitatiore
1173 1048 1287 1078 corpo-

717 1077 760 1114 ris
794 1091 885 1114 motu
922 1085 1021 1113 fertur
1035 1106 1044 1120 ,
1074 1093 1159 1113 arma
1195 1085 1289 1114 vertit

718 1140 949 1170 quamcumque
973 1130 1008 1159 in
1033 1136 1153 1170 partem
1177 1136 1287 1160 contra

716 1176 851 1213 obvios3
868 1176 953 1206 unde
978 1177 1079 1214 major
1106 1186 1284 1212 armorum,

716 1222 810 1262 galeae
840 1230 871 1252 et
898 1223 1002 1263 clypei
1025 1222 1140 1263 fulgor.
1160 1222 1287 1253 Scilicet

717 1269 921 1309 cogitandum
935 1276 980 1298 est
989 1291 997 1306 ‚
1007 1269 1190 1308 principum
1203 1269 1286 1299 viro-

715 1325 789 1344 rum
813 1325 847 1344 ac
870 1325 978 1356 regum
1011 1324 1095 1344 arma
1121 1315 1285 1355 praecipuo

717 1360 825 1401 aliquo
838 1361 954 1391 laevore
977 1371 1012 1390 ac
1033 1360 1155 1401 fulgore
1179 1360 1284 1401 splen-

719 1407 792 1438 dere
815 1407 980 1445 debuisse,
1001 1408 1108 1436 cristns
1125 1407 1220 1436 fuisse
1242 1407 1285 1437 al-

717 1454 826 1491 tiores,
846 1460 878 1483 et
900 1455 944 1483 sic
965 1463 1073 1494 porro.
1098 1455 1209 1483 Turno
1231 1463 1284 1482 au-

718 1506 782 1529 tem
799 1500 880 1529 intra
898 1506 995 1529 castra
1011 1500 1187 1538 intercepto
1203 1508 1286 1528 cres-

717 1546 761 1575 cit
775 1545 853 1575 adeo
875 1544 1001 1575 audacia
1017 1554 1025 1574 ;
1042 1554 1123 1574 nova
1141 1543 1198 1573 lux
1215 1555 1285 1574 ocn-

717 1591 757 1620 lis
769 1590 914 1632 obfidsie,
935 1590 1069 1627 affulsit,
1086 1589 1227 1630 adeoque
1241 1591 1285 1620 ef-

717 1636 814 1668 fulsit.
841 1637 989 1668 Ceterum
1010 1636 1132 1677 singula
1157 1637 1191 1665 in
1220 1637 1285 1667 Ho-

716 1693 803 1712 mero
833 1684 947 1723 passim
975 1689 1049 1712 sunt
1077 1682 1190 1719 obvia,
1215 1693 1286 1723 quae

716 1736 821 1759 tamen
845 1729 884 1758 ad
902 1730 1110 1759 imitationem
1133 1728 1213 1758 trahi
1230 1739 1285 1759 ne-

716 1782 856 1816 queunt;
875 1776 919 1805 sic
937 1772 987 1805 ἐπὶ
1001 1774 1139 1807 etitem
1153 1771 1189 1804 δὲ
1204 1777 1283 1814 χαλ-

715 1820 767 1856 κὸς
781 1817 974 1864 Ζμερὸαλέον
985 1818 1126 1855 κονάῧιζε
1141 1820 1229 1851 Iliad.
1243 1830 1263 1861 φ
1275 1843 1284 1855 ,

717 1869 782 1903 254
795 1891 802 1905 ‚
817 1875 847 1898 et
867 1867 966 1898 Aew'ov
987 1863 1017 1897 δ’
1034 1864 1149 1909 ἔῧραχε
1165 1866 1282 1906 χαλκὸς

716 1911 767 1945 ἐπὶ
793 1912 946 1947 στήθεσσιν
969 1910 1101 1948 ἄνακτος
1128 1912 1217 1944 Iliad.
1242 1909 1281 1946 ὃ,

716 1967 792 1996 420.
809 1962 909 1990 Arma
926 1959 1114 1989 horrendum
1127 1969 1260 1989 sonuere
1270 1983 1278 1995 ‚

714 2013 744 2035 et
750 2005 897 2047 fulmina
910 2016 970 2045 pro
984 2005 1117 2046 fulgore.
1135 2005 1222 2035 Iliad.
1239 2016 1260 2045 χ
1271 2029 1279 2041 ,

719 2052 780 2082 133
794 2075 802 2089 ,
823 2053 896 2087 134.
915 2051 1031 2082 Crisaeas
1048 2052 1150 2082 Turni
1169 2052 1279 2082 ruben-

714 2105 759 2128 tes
789 2108 834 2128 vs.
866 2107 930 2136 ²70
958 2107 1052 2138 supra
1079 2097 1280 2128 vidimus.—

717 2144 793 2183 733.
809 2143 1013 2174 Mittuntseil.
1028 2154 1077 2182 se,
1093 2145 1280 2175 mittuntur:

714 2189 830 2221 durum
846 2197 949 2221 tamen
964 2189 1036 2221 hoc.
