1414 2435
603 49 726 80 LIBER
751 52 792 80 X.
1239 53 1256 81 8
1267 63 1278 81 1

83 108 171 146 Sive
192 120 321 144 errore
339 106 438 144 malo
455 105 597 156 Trojae‚
618 105 846 156 monitisque
867 106 1037 145 sinistris.

1236 126 1282 140 110

82 171 162 207 Nec
181 168 341 205 Rutulos
361 167 468 203 solvo
487 181 495 202 ε
518 179 585 203 sua
605 165 742 215 cuique
763 179 897 204 exorsa
917 167 1087 204 laborem

85 231 367 277 Fortunamque
383 228 523 273 ferent3
544 239 612 263 rex
630 229 652 263 J
655 226 807 276 uppiter
826 227 1001 264 omnibus
1021 228 1132 265 idem.

85 291 178 326 Fata
196 288 298 324 viam
315 285 519 323 invenient.
540 302 555 318 »
576 286 697 334 Stygii
716 299 784 334 per
803 286 959 324 flumina
979 287 1123 333 fratris,

85 350 157 384 Per
174 346 257 396 pice
277 346 455 383 torrentis
476 355 633 394 atraque
651 344 833 393 voragine
854 346 953 394 ripas

86 407 249 452 Adnuit,
267 414 305 443 et
325 414 447 442 totum
466 413 563 441 nutu
581 404 790 441 tremefecit
813 405 1028 455 Olympum.

1235 415 1280 440 115

86 467 159 504 Hic
179 465 262 503 finis
281 464 385 502 fandi
405 480 413 501 ε
433 464 526 502 solio
548 473 627 500 tum
649 463 826 512 Juppiter
845 476 960 500 aureo

89 526 235 577 Surgit,
250 526 427 564 coelicolae
446 523 613 561 medium
633 535 746 572 quem
763 522 810 559 ad
828 523 957 560 limina
977 524 1130 562 ducunt.

88 694 200 722 Venus
235 692 380 731 volebat,
420 698 660 733 prosequuntur

88 739 243 777 Trojanos
269 739 364 768 etiam
385 739 420 767 in
442 738 582 767 medium
603 740 660 767 La-

88 785 188 822 tium,
218 784 281 814 sive
310 794 413 814 errore
442 784 529 813 malo
558 783 661 824 Trojoe

90 828 145 871 (h.
165 841 192 861 e.
208 830 420 868 Trojanorum
432 852 440 867 ‚
460 831 516 870 qui
533 830 660 860 oracula

90 883 215 916 accepta
236 876 316 906 male
339 877 538 917 interpretati
559 875 660 917 sunt)

90 922 283 963 monitisque
298 922 451 958 sinistris,
473 922 609 952 oraculis
630 929 662 952 et

90 969 248 999 vaticiniis
276 968 377 1006 falsis,
396 967 495 1010 fitriis
521 969 660 999 Cassan-

89 1015 157 1045 drae
179 1026 211 1046 v.
236 1025 307 1055 sup.
339 1026 421 1045 vers.
449 1015 509 1052 67,
537 1015 592 1045 68.
614 1032 661 1037 -—

94 1071 107 1090 1
119 1071 131 1090 1
142 1071 169 1090 1.
188 1060 282 1090 Salvo
300 1061 421 1091 Zulich.
434 1070 492 1100 pro
508 1071 572 1090 var.
586 1061 659 1092 lect.

88 1107 197 1146 sicque
213 1105 311 1136 Goth.
337 1113 408 1136 tert.
429 1105 568 1146 Quisque
592 1108 660 1136 Me-

89 1151 151 1182 dic.
171 1162 186 1180 a
199 1162 242 1182 m.
261 1162 311 1192 pr.
328 1153 550 1192 Interpunctio
566 1153 660 1181 etiam

88 1199 133 1227 sic
146 1197 270 1227 institui
282 1203 403 1236 potest:
418 1197 548 1227 habebo.
562 1198 658 1228 Seu...

89 1243 221 1273 sinistris
245 1253 257 1271 .·
284 1243 354 1271 Nec
383 1244 420 1273 R.
449 1243 545 1273 solvo.
569 1243 630 1272 Vel
650 1253 658 1274 :

89 1290 152 1319 Seu
155 1312 211 1319 .....
242 1287 376 1317 sinistris
401 1287 413 1328 (
431 1290 501 1317 Nec
530 1288 661 1318 Rutulos

88 1335 172 1364 solvo
186 1334 198 1375 )
212 1345 222 1363 .·
241 1344 298 1363 sua
314 1333 426 1373 cuique
441 1344 559 1362 exorsa
571 1333 658 1362 labo-

87 1391 154 1410 rem
173 1382 409 1419 Fortunamque
431 1378 554 1420 ferent.
577 1380 659 1410 Neu-

88 1433 136 1455 tra
168 1427 247 1455 ratio
283 1431 408 1465 praestat
443 1425 578 1465 vulgari.
612 1442 659 1448 —

87 1473 157 1502 Nec
173 1471 303 1501 Rutulos
316 1471 410 1506 solvo,
432 1470 604 1500 obscurum
614 1478 660 1500 est

87 1528 144 1558 per
176 1517 363 1546 brevitatem
393 1517 535 1546 affectus.
563 1516 660 1546 Vide-

88 1570 142 1592 tur
163 1562 377 1603 supplendum
394 1573 458 1592 esse
477 1573 518 1592 ex
534 1563 572 1592 iis
589 1573 660 1603 quae

87 1609 234 1648 proxima
256 1615 332 1638 sunt
351 1618 359 1639 ε
383 1619 449 1639 non
470 1609 577 1646 solvo,
607 1619 660 1638 ex-

88 1654 199 1690 solvo,
225 1656 350 1690 eximo,
382 1655 519 1684 Rutulos
552 1654 660 1684 labore

89 1698 278 1740 etfhrtuna,
292 1710 362 1740 quae
375 1710 428 1729 eos
444 1707 560 1731 maner.
578 1702 656 1736 Nec,

88 1755 156 1775 non
178 1746 275 1787 magis
303 1745 438 1776 Rutulos
460 1756 556 1785 quam
580 1748 659 1776 Tro-

85 1792 186 1830 janOS.
198 1794 389 1832 Interpretes
404 1791 580 1821 secundum
593 1794 659 1821 Ser-

87 1838 178 1866 vium
211 1837 297 1867 solvo
330 1847 389 1877 pro
418 1836 550 1866 absolvo
577 1838 658 1866 acci-

88 1884 182 1923 piunt
192 1894 200 1921 3
211 1893 323 1923 parum
334 1882 499 1913 commode
513 1881 658 1912 arbitror.

89 1945 135 1952 —-
158 1939 240 1967 112,
262 1930 337 1959 113.
365 1928 523 1959 Omnibus
550 1939 659 1967 :equus

90 1985 164 2012 er03
183 1976 290 2005 neutri
305 1976 387 2015 parti
408 1974 555 2004 studebo.
573 1974 661 2004 Nihil

90 2020 228 2051 obstabit
237 2021 323 2051 fatali
332 2031 440 2050 rerum
450 2019 555 2050 ordini
566 2030 574 2056 ;
589 2030 660 2059 pro,

90 2076 149 2106 ego
173 2077 240 2097 non
266 2067 426 2097 obsistam.
450 2065 580 2096 Abhinc
606 2067 662 2106 igi-

90 2118 144 2141 tur
158 2113 279 2154 reliqna
288 2112 427 2143 AEneidjs
437 2111 577 2152 putanda
587 2118 662 2140 sunt

81 2156 158 2198 fizto
176 2160 242 2199 geri
257 2169 266 2191 :
281 2158 368 2200 quod
389 2157 514 2201 differri
533 2156 662 2199 quidem

713 693 804 723 Jovis
823 690 980 728 consiliis,
1000 702 1067 722 non
1086 698 1191 723 autem
1214 694 1282 724 tolli

714 738 864 774 omnino,
905 745 936 767 et
964 739 1113 778 intercipi
1148 746 1280 779 poterat.

714 785 811 814 Omni
834 784 931 824 igitur
949 793 1008 813 suo
1025 785 1208 814 interventu
1224 787 1244 815 J
1247 796 1282 814 u-

713 830 796 870 piter
825 829 1006 859 abstinebit.
1037 831 1147 870 Itaque
1177 833 1283 861 castris

711 877 775 914 jam
789 875 955 905 obsidione
971 875 1110 905 liberatis
1125 875 1210 906 idem
1224 879 1282 907 Ju-

713 932 832 952 nonem
847 922 983 963 appellat
1003 921 1060 952 inf.
1082 922 1145 960 607
1163 932 1171 952 z
1189 923 1284 953 Nunc

713 968 801 998 vides
812 991 820 1006 ‚
851 979 919 998 non
948 978 1020 997 meo
1031 991 1039 1005 ,
1072 968 1123 998 vel
1152 970 1285 999 Veneris

714 1015 915 1051 interventu,
929 1014 983 1044 sed
1001 1014 1064 1044 fato
1083 1024 1132 1043 res
1154 1014 1198 1043 ita
1215 1025 1285 1045 eve-

714 1061 803 1097 nire3
821 1067 852 1090 et
869 1060 930 1090 sub
952 1059 1049 1089 finem
1070 1060 1209 1090 AEneidis
1225 1062 1284 1091 Ju-

713 1116 831 1135 nonem
852 1107 934 1143 XII,
963 1116 1024 1144 791
1050 1116 1097 1146 sq.
1119 1105 1283 1144 hortatur,

713 1158 751 1179 ut
769 1151 858 1180 cedat
879 1151 1004 1181 tandem
1028 1151 1117 1188 fatis;
1132 1153 1152 1181 J
1155 1161 1284 1192 unoque

713 1196 882 1236 respondet
897 1206 905 1227 z
924 1208 955 1228 v.
977 1197 1062 1233 818,
1080 1204 1112 1226 et
1128 1207 1213 1226 nunc
1234 1209 1284 1227 ce-

713 1242 755 1270 do
778 1242 924 1281 equidem
928 1265 985 1272 .....
1002 1242 1092 1271 Illud
1113 1248 1161 1277 te,
1190 1243 1283 1272 nulla

704 1286 776 1328 fati
794 1287 882 1326 quod
899 1287 969 1328 Iege
988 1294 1130 1323 tenetur,
1141 1298 1204 1326 pro
1221 1290 1283 1318 La-

714 1332 758 1362 tio
775 1333 919 1363 obtestor.

764 1384 838 1414 114.
858 1380 960 1409 Docte
987 1378 1069 1408 dixit
1094 1378 1179 1419 ripas
1203 1379 1282 1421 (pro

712 1425 783 1464 ipso
802 1424 908 1465 amni)
928 1431 1079 1454 torrentes
1088 1425 1163 1465 pice
1177 1433 1209 1455 et
1220 1437 1282 1456 vo-

713 1469 824 1511 ragine
840 1478 912 1499 atra
924 1471 957 1500 h.
977 1482 1004 1500 e.
1018 1471 1079 1500 alta
1095 1481 1175 1511 aqua
1193 1473 1284 1513 nigra

713 1515 854 1545 defluens
867 1515 998 1546 flumen.
1012 1534 1058 1539 -——
1074 1527 1085 1546 1
1095 1518 1146 1547 15.
1163 1518 1282 1548 Notum

713 1562 751 1593 Il.
766 1571 787 1591 α
798 1584 806 1599 ,
822 1562 885 1591 528
903 1573 962 1602 sq„
979 1569 1010 1592 et
1026 1563 1139 1593 Catull.
1159 1564 1282 1602 LXIII,

715 1613 780 1644 204
795 1608 922 1642 Annuit
936 1608 1051 1638 invicto
1061 1609 1219 1638 coelestum
1230 1620 1284 1639 nu-

713 1653 800 1683 mine
817 1661 938 1689 rector,
962 1655 1030 1694 Quo
1050 1661 1125 1683 tunc
1143 1661 1175 1684 et
1192 1655 1284 1684 tellus

712 1707 807 1740 atque
822 1699 951 1729 horrida
965 1707 1218 1730 contremuerunt
1229 1702 1286 1731 ΙΕ-

712 1756 810 1785 quota
820 1768 830 1781 ,
847 1745 1064 1785 concussitque
1077 1744 1233 1774 micantia
1246 1746 1284 1776 si-

712 1791 790 1820 dera
806 1791 952 1821 mundus.
975 1793 1047 1820 Jam
1069 1801 1215 1830 compara
1232 1798 1283 1821 tu·-

712 1846 832 1866 morem
842 1837 930 1866 Statii
944 1837 1007 1865 VII
1018 1836 1118 1866 Theb.
1138 1837 1154 1866 3
1168 1859 1176 1874 ,
1193 1842 1211 1872 4
1221 1859 1229 1873 ,
1244 1836 1282 1867 de

712 1883 792 1912 Jove
805 1881 989 1922 indignante
1004 1891 1011 1911 :
1027 1882 1283 1922 Jupiter—Con-

712 1927 867 1967 cussitque
883 1934 996 1966 caput,
1017 1935 1103 1956 motu
1118 1938 1180 1967 quo
1196 1928 1282 1958 celsa

714 1973 863 2002 laborant
881 1973 1013 2009 Sidera,
1037 1973 1283 2014 proclamatque

714 2019 803 2048 adici
831 2018 997 2048 cervicibus
1027 2019 1188 2059 Atlas.—
1208 2030 1281 2058 117.

715 2065 866 2095 Medium.
890 2065 950 2094 Hic
975 2067 1153 2095 Romanum
1171 2075 1283 2105 agnos-

716 2121 750 2140 ce
768 2120 776 2140 :
799 2117 834 2140 ut
852 2112 1087 2152 magistratum,
1109 2111 1150 2140 ita
1166 2111 1210 2141 dii
1229 2111 1280 2141 de-

715 2156 839 2187 ducunt
855 2158 875 2187 J
878 2167 969 2187 ovem
987 2156 1217 2188 venerabundi.
