1414 2435
138 56 199 85 158

635 51 829 83 AENEIDOS

130 112 362 159 Indutosque
377 107 486 158 jubet
507 117 659 145 truncos
675 107 877 145 hostilibus
897 107 1009 143 armis

130 175 238 220 Ipsos
258 170 356 206 ferre
377 167 508 213 duces,
528 167 755 216 inimicaque
774 166 926 202 nomina
946 166 1020 215 figi.

131 229 292 266 Ducitur
310 227 440 264 infelix
458 239 540 265 aevo
558 227 752 264 confectus
770 229 936 271 Acoetes,
1295 236 1326 258 ss

130 293 285 325 Pectora
304 300 404 324 nunc
424 287 566 324 foedans
584 286 739 336 pugnis,
756 299 856 322 nunc
873 284 1063 335 unguibus
1082 297 1165 330 ora,

131 348 320 385 Sternitur
339 357 377 386 et
395 356 477 385 toto
497 347 689 397 projectus
707 357 869 395 corpore
886 354 1008 382 terrae.

131 412 283 445 Ducunt
299 416 336 444 et
354 408 497 444 Rutulo
515 407 689 457 perfusos
708 405 889 454 sanguine
909 417 1044 441 currus
1063 420 1071 440 ε

129 471 216 504 Post
234 466 395 504 bellator
415 479 552 516 equus,
572 465 704 516 positis
719 463 947 513 insignibus,
967 464 1107 500 AEthon

129 531 161 563 lt
182 527 392 574 lacrimans,
414 527 605 577 guttisque
624 525 818 561 humectat
837 523 1043 574 grandibus
1061 537 1140 561 ora.
1289 543 1320 566 92

130 590 284 624 Hastam
303 587 366 623 alii
385 588 605 637 galeamque
624 586 768 631 ferunt3
787 597 874 621 nam
892 593 1017 621 cetera
1033 587 1182 622 Turnus

133 648 260 684 Victor
275 647 391 684 habet
406 662 414 684 :
432 657 513 684 tum
528 654 659 684 moesta
673 645 837 696 phalanx
847 673 857 690 ,
873 645 1086 695 Teucrique
1099 655 1322 695 sequuntur,

128 707 390 756 Tyrrhenique
410 707 542 753 duces,
563 715 600 743 et
622 706 741 744 versis
757 704 925 742 Arcades
946 706 1071 742 armis.

129 772 331 816 Postquam
349 766 469 802 omnis
488 766 598 815 longe
614 765 794 802 comitum
812 775 1048 815 processerat
1066 766 1180 812 ordo,

129 826 305 862 Substitit
326 827 480 870 AEneas,
499 825 716 874 gemituque
734 825 815 861 haec
832 825 978 862 addidit
997 826 1072 862 alto
1089 842 1096 861 :
1290 837 1321 867 με

159 889 236 923 Nos
257 886 346 922 alias
362 885 451 937 binc
470 885 517 921 ad
536 885 710 923 lacrimas
727 885 857 922 cadem
875 885 1030 922 horrida
1050 886 1138 922 belli

127 1012 171 1033 est
184 1013 191 1034 2
202 1005 334 1034 alterum
350 1009 453 1033 tamen
466 1003 612 1033 codicum
626 1014 695 1033 auc-

128 1051 252 1080 toritate
275 1050 407 1086 nititur3
425 1059 487 1089 qua
507 1060 580 1079 sane
598 1050 631 1079 in
648 1049 695 1080 his

127 1096 275 1125 standum
289 1094 414 1124 viderur
424 1117 433 1131 ,
450 1095 507 1124 ubi
522 1097 675 1136 quaeritur
685 1119 693 1133 ‚

127 1140 204 1181 quid
223 1147 342 1181 poene,
360 1151 426 1171 non
441 1141 518 1180 quid
539 1141 632 1171 nobis
646 1152 693 1171 ar·

126 1188 240 1217 riserit.
259 1186 403 1218 Praetulit
421 1196 550 1227 quoque
568 1186 692 1217 W'akef.

126 1251 171 1255 -
191 1234 250 1270 83,
271 1234 325 1268 84.
342 1232 472 1262 Fercula
491 1232 641 1262 describit
659 1235 693 1263 in

127 1279 293 1319 triumphis
319 1279 431 1320 gestari
463 1279 553 1308 solita
583 1278 693 1309 hume-

123 1336 165 1354 ris
186 1335 192 1355 :
213 1335 299 1355 arma
322 1334 475 1354 caesorum
501 1325 620 1355 truncis
644 1326 692 1355 in—

125 1370 188 1400 tixa
204 1371 254 1401 vel
267 1371 394 1411 perticis
404 1393 413 1408 ,
433 1381 507 1400 cum
526 1371 625 1401 titulis
640 1382 695 1401 seu

124 1417 308 1447 nominibus
327 1427 455 1453 eorum,
483 1427 619 1457 quorum
646 1428 693 1447 ar-

125 1473 173 1492 ina
197 1463 332 1494 fuerant.
361 1464 443 1493 Sunt
471 1463 504 1492 hi
528 1466 693 1505 τροπαιοῦ-

125 1519 174 1548 χον.
192 1518 200 1539 :
216 1508 302 1549 quali
320 1509 423 1548 specie
436 1515 467 1539 ct
482 1511 611 1539 nomine
627 1510 692 1550 ipse

123 1555 209 1584 Mars
222 1554 366 1584 exhiberi
382 1555 474 1584 solet.
484 1572 530 1577 ——-
543 1555 596 1591 87.
613 1556 691 1583 Scor*

124 1599 209 1629 nitur
224 1606 275 1635 ee;
291 1608 350 1640 pro
360 1621 368 1634 ‚
385 1609 605 1628 nunc—nunc
617 1606 692 1628 stra·

123 1652 173 1675 tus
197 1651 228 1674 et
252 1645 414 1685 projectus
435 1644 540 1678 huini;
563 1651 597 1672 ut
612 1645 690 1673 sole-

122 1691 197 1720 bant
221 1690 322 1720 facere
350 1688 469 1718 doloris
497 1690 691 1729 impatientia

123 1737 283 1776 animique
299 1736 504 1776 impotentia,
525 1742 560 1764 ut
580 1736 614 1765 in
631 1742 690 1765 ter-

121 1792 186 1811 ram
210 1781 344 1822 projecti
363 1788 458 1822 caput
474 1791 602 1821 quoque
618 1782 690 1822 pul-

124 1839 194 1858 vere
218 1827 373 1858 foedarent
388 1835 396 1856 :
413 1827 497 1857 conf.
522 1827 579 1857 inf.
607 1827 689 1857 dicta

122 1873 159 1902 nil
177 1884 221 1903 vs.
249 1883 324 1914 19¹·
339 1891 386 1896 —
400 1873 454 1903 88.
477 1873 590 1903 Curms
607 1875 687 1904 acci-

121 1930 226 1959 perem
246 1920 393 1950 Pallantis
412 1929 539 1949 currum
552 1942 560 1957 ,
576 1922 689 1960 quoin

121 1976 226 2005 pugna
253 1976 328 1995 usus
352 1973 438 2002 erat,
466 1967 525 1995 nisi
553 1966 687 1996 navibus

120 2013 252 2040 munisset
289 2019 318 2041 et
344 2013 449 2042 statim
479 2022 563 2042 unns
587 2023 686 2052 equus

119 2054 348 2094 =subjiceretur3
372 2068 459 2088 nunc
482 2057 566 2087 hosti
589 2059 687 2098 erepti

120 2110 232 2130 currus
246 2103 459 2141 intelligendu
473 2104 556 2134 conf.
573 2103 628 2134 lib.
646 2106 686 2140 Χ,

123 2147 186 2187 399
216 2154 273 2178 etc.
288 2166 332 2171 -—
349 2150 411 2190 89,
438 2161 491 2190 90·
521 2151 686 2180 Homerico

750 1003 915 1043 exemplo,
936 1002 1024 1033 Iliad.
1043 1014 1078 1045 ρ,
1096 1003 1161 1039 426
1184 1014 1229 1043 sq.
1253 1007 1315 1042 437

748 1059 813 1089 seq.
841 1048 938 1088 Quod
970 1050 1113 1079 Maronis
1140 1059 1208 1079 aevo
1238 1050 1319 1080 forte

748 1095 814 1134 ipsa
838 1095 1014 1124 imitatione
1039 1094 1181 1134 placebat
1203 1105 1210 1125 ε
1232 1106 1319 1126 nuuc

747 1140 808 1170 hoc
822 1141 890 1180 ipso
906 1140 1062 1180 displicet,
1073 1141 1161 1180 qnod
1173 1142 1317 1171 imitandi

749 1186 889 1215 studium
911 1187 946 1215 in
962 1187 1072 1216 oculos
1091 1188 1237 1217 incurrit.
1259 1190 1320 1218 Res

747 1242 803 1272 per
821 1243 852 1262 se
868 1232 1004 1261 heroica:
1026 1233 1099 1262 vitae
1121 1233 1267 1263 sensibus
1289 1242 1318 1264 et

746 1277 860 1308 studiis
870 1278 1186 1318 accommodata.—9
1195 1289 1205 1308 1
1214 1302 1221 1309 .
1235 1281 1318 1309 Nam

747 1332 854 1354 cetera
874 1326 996 1355 Turnus
1017 1325 1124 1355 ‘victor
1139 1324 1244 1355 habet.
1261 1328 1318 1357 Su-

748 1381 804 1410 pra
817 1372 847 1401 X
860 1393 868 1408 ,
890 1372 955 1411 496
973 1382 1018 1411 sq.
1037 1371 1177 1401 balteum
1197 1378 1318 1402 tantum

748 1425 1068 1454 commemoraverat,
1099 1428 1116 1447 e
1147 1428 1212 1458 quo
1237 1420 1319 1448 ensis

747 1463 886 1503 pendere
922 1463 1043 1493 debuit.
1076 1463 1208 1504 Reliqua
1250 1471 1317 1493 tum

746 1509 912 1539 subticuit.
937 1526 982 1531 —
1010 1519 1053 1549 92
1082 1519 1147 1549 seq.
1183 1510 1316 1549 Compa-

747 1561 816 1582 rant
835 1554 925 1583 Ilind.
950 1553 989 1592 ψ,
1018 1564 1081 1593 ¹29
1104 1564 1172 1594 sqq.
1197 1553 1236 1583 de
1265 1557 1316 1585 1¹:1-

747 1598 839 1628 trocli
858 1598 978 1629 sunere.
997 1599 1102 1628 I'ersi's
1127 1600 1225 1629 armis
1243 1600 1274 1630 h.
1289 1614 1316 1630 e.

746 1643 841 1672 hastis
852 1665 860 1678 ,
876 1644 960 1673 haud
975 1644 1073 1674 dubie
1095 1643 1134 1674 de
1154 1647 1219 1674 suis
1242 1653 1317 1676 tem-

745 1688 878 1728 poribus
893 1691 1004 1719 sumsit
1024 1697 1126 1730 poeta.
1149 1691 1264 1722 Saltem
1284 1694 1317 1722 in

746 1735 886 1765 Homero
901 1746 1068 1766 occurrere
1090 1736 1152 1766 hoc
1166 1747 1234 1767 non
1252 1749 1315 1767 me-

745 1782 834 1811 mini.
851 1797 896 1804 —-
915 1782 969 1821 96.
995 1783 1061 1812 Nos
1082 1782 1166 1812 alias
1183 1782 1257 1813 hinc
1269 1801 1316 1807 —-

744 1835 874 1858 vocant.
894 1828 1025 1870 Egregie
1041 1829 1107 1858 haec
1124 1828 1164 1859 ad
1182 1829 1313 1860 affectus

743 1880 773 1903 et
797 1873 835 1903 ad
858 1885 963 1904 reruni
995 1876 1156 1905 veritatem
1176 1886 1184 1912 3
1220 1874 1314 1905 idem-

742 1930 803 1960 que
814 1930 886 1950 cum
896 1921 1057 1960 sapientiae
1066 1922 1229 1961 praeceptis
1239 1932 1313 1952 con-

739 1966 993 2003 junctissimum;
1027 1966 1312 2007 obtemperandum

740 2018 786 2040 est
814 2019 935 2041 natura?
962 2012 996 2041 in
1023 2013 1109 2052 gravi
1142 2023 1234 2049 casu;
1266 2023 1311 2044 est

740 2056 901 2093 flendum,
921 2057 1132 2098 elugendum;
1155 2066 1222 2089 tntn
1244 2062 1310 2090 ani-

741 2113 792 2132 mo
805 2103 981 2143 composito
995 2103 1033 2133 ad
1052 2105 1123 2133 vitm
1139 2104 1244 2136 officia
1261 2117 1308 2136 re-

741 2148 913 2178 deundum.
939 2150 1021 2179 Bene
1037 2161 1070 2179 ca
1089 2152 1248 2182 transtulit
1262 2154 1308 2183 Si-
