1414 2435
115 57 176 87 152
610 59 804 90 AENEIDOS

112 119 217 156 Quam
235 122 339 145 tamen
352 126 448 145 sacrae
469 116 601 156 virginis
619 116 737 146 caedem
752 118 861 146 Aruns
882 126 951 146 non
975 115 1031 145 diu
1048 116 1122 146 tulit
1142 116 1277 146 inultam
1295 125 1302 145 2

114 181 186 200 nam
202 177 233 200 et
253 171 319 210 ipse
334 170 442 211 paullo
456 177 529 211 post
549 170 589 200 ab
613 171 693 211 Opi,
710 172 822 201 Dianae
840 171 1001 207 ministra,
1017 172 1126 211 sagitta
1141 170 1308 208 trajectus,

115 224 228 253 offensi
250 225 390 253 numinis
410 235 520 265 poenas
540 225 753 266 persolvit—
768 224 845 262 867.
869 224 1007 254 Camiltae
1022 234 1099 253 nece
1118 223 1310 254 consternati

115 278 228 309 Rutuli
251 278 358 318 fugam
382 279 538 320 arripiunt
555 288 563 309 τ
585 279 716 317 Troiani
735 279 824 309 urbis
842 279 1112 319 oppugnationem
1136 284 1248 318 parant
1264 294 1309 298 -

117 333 194 372 896.
211 333 287 371 Ejus
306 333 489 363 calamitatis
506 334 620 363 nuntio
634 333 674 363 ab
690 335 791 371 Acca,
809 333 948 364 Camiuae
963 334 1094 370 comite,
1113 331 1150 361 ad
1163 334 1309 362 Turnum

116 387 255 427 perlato,
268 387 386 416 relictis
403 398 480 428 quas
495 387 662 418 obsederat
677 388 845 428 angustiis,
862 388 926 416 suis
942 387 1063 417 auxilio
1081 387 1230 417 accurrit.
1248 387 1309 415 Eo-

117 440 189 470 dem
201 441 406 481 subsequitur
420 448 453 470 et
468 444 598 478 AEneas3
612 447 659 478 et,
681 442 833 481 quoniam
846 441 1031 470 imminente
1043 441 1107 479 jam
1123 446 1217 471 nocte
1232 449 1311 480 proe-

114 496 195 525 lium
214 496 369 525 committi
387 506 454 526 non
468 503 592 536 poterat
602 518 610 533 ‚
626 496 754 536 utrique
769 495 880 536 positis
899 501 972 524 ante
984 494 1097 525 urbem
1113 495 1220 524 castris
1237 503 1312 523 con-

117 548 228 579 sidunt
241 566 288 573 ·—-
302 549 342 579 ad
358 547 468 580 finem.

173 767 364 801 Oeam-1:³1
382 767 527 804 interea
546 781 701 817 surgens
719 771 871 804 Aurora
889 767 1054 816 reliquit.

120 827 274 872 AEneas,
295 839 524 876 quamquam
545 837 581 864 et
599 828 709 864 sociis
730 827 819 864 dare
840 836 987 876 tempus
1007 825 1205 862 humandis

121 885 361 936 Praecipitant
377 899 496 933 curae,
518 886 746 936 turbataque
767 887 899 934 funere
919 898 1024 922 mens
1043 893 1113 930 est,

119 947 219 982 Vota
239 944 352 981 deum
369 945 492 994 primo
512 946 635 982 victor
654 945 825 983 solvebat
845 947 937 982 Eoo.

120 1006 315 1054 Ingentem
334 1018 516 1054 quercum
535 1005 668 1042 decisis
687 1005 855 1055 undique
874 1004 987 1042 ramis
1301 1013 1314 1035 5

121 1063 324 1101 Constituit
343 1065 508 1110 tumulo,
527 1065 783 1115 fulgentiaque
799 1064 923 1102 induit
943 1076 1064 1108 arma,

121 1122 287 1159 Mezenti
305 1123 410 1160 ducis
430 1124 604 1170 exuvias,
622 1125 710 1170 tibi,
730 1125 1104 1175 magne‚‘t'r0paeum‚

122 1182 367 1233 Bellipoteu53
387 1193 491 1234 aptat
510 1186 673 1222 rorantis
692 1186 872 1236 sanguine
890 1186 1040 1229 cristas,

121 1242 286 1292 Telaque
305 1251 439 1280 trunca
459 1244 550 1291 viri,
573 1254 610 1282 et
630 1244 688 1282 bis
707 1258 770 1282 sex
791 1245 948 1283 thoraca
968 1243 1127 1294 petitum

174 1388 200 1406 1.
220 1377 333 1407 Altero
350 1387 441 1407 mane
462 1385 535 1419 post
553 1381 694 1419 superio-

123 1424 165 1453 ris
188 1422 251 1453 diei
276 1434 434 1465 pugnam,
461 1426 551 1463 cujus
569 1427 693 1456 exitum

122 1480 189 1499 non
207 1470 322 1499 diserte
340 1472 542 1508 memoravit,
556 1471 611 1501 sed
627 1473 694 1502 Me-

123 1517 219 1546 zentii
239 1515 324 1546 caede
345 1518 473 1547 territos
497 1518 635 1548 Rutulos
657 1519 693 1549 in

122 1562 227 1602 fugam
239 1572 272 1591 se
287 1562 408 1592 dedisse
422 1563 513 1593 facile
526 1566 694 1604 unusquis-

123 1618 184 1648 que
200 1609 387 1648 assequitur.
406 1610 611 1640 Brevitatisne
630 1617 693 1640 stu-

124 1653 178 1683 dio
195 1653 256 1683 hoc
275 1653 396 1684 dederit
415 1662 522 1696 poeta,
545 1657 601 1696 qui
615 1667 694 1686 sem-

123 1710 180 1740 per
215 1700 254 1730 ad
288 1707 437 1730 eventum
471 1702 609 1738 festinat,
644 1710 673 1732 et
685 1725 694 1737 ‚

125 1756 196 1786 quae
209 1747 316 1776 ornari
330 1757 389 1776 nec
404 1755 553 1788 possunt,
564 1749 692 1786 omittit,

125 1803 164 1822 an
174 1793 322 1823 secundis
334 1794 418 1823 curis
432 1796 612 1832 reservarit,
624 1796 695 1836 quis

126 1849 184 1879 pro
197 1846 283 1869 certo
295 1839 452 1870 affirmet?
469 1841 561 1872 Certe
577 1842 695 1871 formu-

125 1885 154 1914 la
168 1885 291 1915 interea
307 1897 418 1926 parum
435 1894 617 1928 opportuna
630 1899 695 1919 esse

127 1930 252 1962 videtur
267 1942 273 1962 :
290 1933 317 1962 si
332 1933 460 1963 ultimos
476 1944 584 1964 versus
604 1946 697 1976 supe-

128 1978 219 2007 rioris
235 1978 308 2008 libri
326 1981 454 2019 cogites.

176 2035 192 2053 ’.ι
205 2047 213 2059 ,
238 2025 267 2054 3.
293 2026 384 2055 Cnrae
398 2026 617 2067 proect'pimnt‚
638 2037 695 2068 po-

129 2072 245 2099 tentius
260 2082 370 2111 quam,
386 2080 512 2114 urgent,
531 2081 695 2114 premunt,

129 2121 163 2144 nt
178 2116 371 2157 impenderet
385 2125 509 2159 tempus
518 2119 697 2150 humationi

129 2172 282 2192 caesorum
302 2164 448 2195 militum.
470 2167 610 2204 Funere,
638 2166 694 2196 do-

744 1380 813 1410 lore
826 1390 866 1409 ex
880 1378 1045 1409 funeribus
1059 1388 1207 1415 suorum,
1222 1378 1318 1418 inpri-

746 1427 805 1456 mis
820 1426 978 1456 Pallantis.
996 1441 1042 1447 —-
1061 1431 1091 1460 4.
1106 1425 1177 1454 Eoo
1196 1424 1317 1455 Lucife-

747 1483 800 1508 ro,
814 1479 850 1501 ut
865 1483 935 1512 sup.
953 1473 1016 1505 111,
1035 1471 1112 1500 588.
1130 1470 1182 1500 Ad
1197 1470 1316 1511 religio-

747 1529 821 1548 nem
844 1525 948 1548 autem
973 1519 1079 1547 AEneae
1100 1515 1162 1546 hoc
1179 1522 1316 1556 spectat,

747 1564 834 1605 quod
854 1571 926 1594 aute
949 1564 1054 1593 omnia
1080 1562 1232 1603 persolvit
1257 1561 1316 1591 diis

747 1617 820 1640 vota
850 1609 953 1650 (vota
979 1607 1147 1648 deorum),
1175 1615 1205 1638 et
1231 1618 1317 1638 nunc

747 1657 874 1697 quidem
893 1664 1012 1697 tropaeo
1035 1657 1069 1685 in
1091 1656 1203 1686 Martis
1218 1655 1318 1685 hono-

748 1714 814 1732 rem
830 1705 1015 1732 constituto.
1032 1720 1078 1724 —-
1097 1702 1126 1732 5.
1152 1703 1253 1732 Locus
1277 1700 1316 1730 de

750 1755 870 1790 tropaeo
905 1748 1054 1790 erigendo
1088 1748 1273 1778 luculentus
1309 1757 1316 1776 :

748 1806 843 1836 quem
858 1796 1022 1826 aemulatus
1035 1802 1081 1825 est
1096 1795 1223 1829 statius,
1238 1792 1317 1823 Thv-

748 1842 834 1873 haid.
855 1844 903 1879 11,
921 1849 986 1881 7⁰4
1008 1853 1089 1882 sqq„
1106 1840 1145 1871 ad
1165 1839 1318 1870 orationis

748 1889 856 1918 saltem
877 1890 1000 1930 copiam
1022 1884 1261 1928 comparandus.
1277 1887 1317 1914 A·

748 1935 817 1965 liud
831 1946 930 1976 genus
943 1935 1054 1975 tropaei
1064 1956 1073 1967 .
1091 1933 1231 1963 humeris
1251 1942 1318 1972 grs-

751 1988 869 2017 tatumt,
886 1992 917 2011 v.
930 1980 987 2011 inf.
1005 1981 1045 2009 83
1059 2002 1067 2015 ‚
1087 1980 1140 2014 84.
1162 1977 1312 2012 rumulo,

748 2037 805 2057 seu
828 2027 1035 2056 eminentiore
1053 2025 1144 2061 loco,
1164 2035 1219 2053 scu
1236 2031 1316 2055 terra·

749 2080 880 2114 aggesta.
900 2075 1029 2114 Aggere
1047 2081 1230 2112 camporum
1252 2080 1316 2099 me-

749 2119 802 2149 dio
815 2119 897 2149 dixit
914 2120 1030 2149 Statius
1052 2119 1072 2149 l.
1093 2129 1120 2149 c.
1143 2119 1220 2156 708.
1240 2116 1316 2147 Tela

750 2174 862 2197 (runca
874 2165 951 2202 viri,
967 2165 1076 2196 fractas
1090 2164 1241 2196 Mezentii
1253 2162 1318 2194 tm-
