1414 2435
135 104 200 144 298

639 97 838 128 AENEIDOS

134 166 223 202 Non
243 173 367 206 secus,
389 171 432 195 ao
448 169 570 194 nervo
587 169 659 208 per
678 155 822 194 nubem
839 155 991 205 inpulsa
1009 156 1163 207 sagitta,

139 226 333 260 Armatam
351 218 441 255 'saevi
459 217 623 256 Parthus
643 229 760 267 quam
777 215 864 252 felle
883 216 1042 263 veneni,

138 281 318 326 Parthus,
338 278 418 316 sive
438 277 591 328 Cydon,
610 277 728 314 telum
746 275 1032 323 inmedicabile,
1051 276 1179 322 torsit3

139 341 310 381 Stridens
330 349 367 377 et
385 339 518 377 celeris
538 338 732 389 incognita
752 337 916 375 transilit
935 336 1102 375 umbras.

139 402 239 439 Talis
258 415 298 438 se
317 409 398 438 sata
413 403 536 438 Nocte
556 399 660 446 tulit,
682 406 880 447 terrasque
899 396 1047 447 petivit.

1299 407 1351 431 860

139 465 344 512 Postquam
360 461 460 499 acies
477 460 584 498 videt
602 460 737 498 Iliacas
757 469 872 510 atque
890 458 1042 509 agmina
1060 459 1180 496 Turni
1203 475 1209 495 :

141 523 251 561 Alitis
268 523 307 559 in
326 536 456 573 parvae
475 521 642 561 subitam
660 521 832 559 conlecta
850 520 1029 571 figuram,

143 658 210 698 plo.
234 673 280 679 -—
305 657 383 695 857.
405 658 562 687 Armatus
581 658 686 698 Sprot.
705 667 721 686 a

144 714 229 734 man.
262 713 324 734 sec.
353 703 502 735 Armavit
527 704 625 735 Goth.
657 714 725 735 sec*

147 752 254 790 Quam
280 749 419 780 Parthus
445 750 588 781 Parrhas.
608 751 722 780 Malim

147 796 291 826 codicem
325 796 462 836 aliquem
492 807 553 837 pro
584 796 723 825 Parthus

146 843 313 873 meliorem
339 842 413 872 dare
435 843 626 880 lectionem3
649 852 724 872 nam

147 889 234 920 illud
255 890 410 919 vitiosum
428 891 542 929 utique
557 899 623 919 esse
642 888 726 918 arbi·

148 943 218 967 tror
234 946 242 966 ε
257 935 338 976 quid
357 936 443 966 enim
461 934 600 966 Parthus
609 958 619 972 ,
644 937 725 965 Par-

150 982 221 1013 thus
243 982 307 1012 sive
334 982 466 1021 Cydon,
492 989 546 1012 aut
564 983 726 1023 gravitatis

150 1037 205 1059 aut
219 1030 382 1060 suavitatis
397 1029 535 1059 habeat?
549 1031 623 1060 Non
637 1029 728 1069 igno-

151 1087 207 1113 m,
233 1075 310 1105 tales
337 1076 523 1104 iterationes
541 1082 573 1104 et
594 1075 729 1104 allitera-

151 1124 255 1153 tiones
284 1132 452 1152 occurrere
482 1121 569 1163 apud
598 1128 725 1162 poetas,

152 1171 259 1210 ipsum
283 1170 462 1199 Homerum
483 1176 515 1198 et
534 1168 729 1209 Virgilium3

151 1215 207 1245 sed
222 1214 343 1256 ubique
357 1216 422 1244 vim
436 1215 575 1256 aliquam
589 1215 709 1245 habent
719 1237 728 1252 ‚

153 1269 208 1292 aut
222 1261 352 1297 addunt,
366 1261 486 1302 aliquid
506 1269 656 1303 tanquam
670 1271 730 1302 pro

152 1308 343 1349 compendio
360 1308 412 1338 vel
427 1309 559 1339 cumulo
576 1320 607 1339 v.
619 1319 646 1338 c.
660 1308 729 1338 Ecl.

154 1357 252 1392 VIII,
284 1355 325 1386 55
349 1354 388 1385 sic
415 1355 541 1395 Tityrus
566 1354 728 1396 Orpheus,

156 1401 298 1443 Orpheus
316 1401 350 1431 ιή
372 1402 476 1438 silvis,
502 1402 586 1432 inter
606 1401 731 1442 delphi-

155 1459 216 1478 nas
231 1448 334 1478 Arion
345 1459 357 1477 .·
373 1448 446 1479 ath.
461 1449 484 1479 l.
498 1449 580 1478 nihil
599 1450 734 1486 ejusmo-

155 1494 189 1524 di
204 1494 310 1526 video.
321 1513 368 1518 —-
383 1495 441 1525 Fel
452 1494 592 1530 veneni,
610 1501 732 1531 ornate,

155 1548 192 1571 ut
217 1542 325 1578 virm,
350 1541 384 1571 id
412 1548 478 1578 est,
509 1552 624 1571 succus
651 1551 733 1571 ama-

155 1598 210 1617 rus
220 1610 229 1625 ‚
244 1589 373 1618 noxius.
387 1605 434 1610 —-
449 1588 527 1618 858.
548 1588 659 1618 Telum
677 1587 735 1617 im-

158 1633 368 1670 medicabile,
391 1633 480 1674 quod
509 1634 629 1663 vulnus
653 1635 735 1663 insa-

157 1680 263 1709 nabile
277 1680 361 1710 facit.
378 1683 566 1716 Armatam,
586 1681 735 1717 tinctam,

157 1726 287 1756 umbras
306 1737 364 1767 pro
381 1737 453 1757 aere
477 1726 568 1757 dixit.
586 1744 631 1750 —
658 1727 735 1767 859.

157 1774 266 1803 Aums
284 1774 460 1803 nonnullos
478 1774 589 1815 legisse
605 1780 737 1804 testatur

157 1821 303 1857 Servius,
330 1821 387 1861 qui
411 1831 477 1850 rem
503 1821 584 1850 male
607 1820 737 1862 expedit

158 1866 196 1895 de
228 1867 341 1897 umbra
372 1868 504 1908 sagittar.
536 1869 638 1898 Immo
655 1890 663 1906 ,
696 1868 735 1898 ad

157 1915 307 1953 majorem
327 1913 552 1955 phantasmatis
568 1915 735 1945 horrorem

157 1971 217 2000 pro
241 1961 327 1991 auris
352 1963 544 2001 exquisitius
566 1961 648 1992 (lixit
667 1973 736 1992 mn-

157 2007 244 2044 (ηας,
261 2007 294 2039 h.
311 2019 338 2039 e.
357 2009 485 2049 nigrum
500 2020 622 2046 aerem,
638 2020 735 2049 quem

158 2055 332 2085 transvolat
349 2056 460 2097 sagitta
486 2065 493 2086 :
518 2056 594 2086 hinc
617 2057 737 2086 celeres

159 2101 297 2138 umbroe,
325 2109 361 2132 ut
385 2102 504 2133 celeres
529 2114 639 2141 narce,
665 2114 736 2144 quae

158 2146 301 2178 celeriter
318 2150 535 2180 transmittunt
553 2150 663 2180 telum.

206 2194 283 2224 862.
311 2195 412 2224 Habet
441 2196 507 2226 lta-c
535 2198 683 2237 Mcgaeroe
702 2197 735 2226 in

159 2239 321 2270 hubonem
341 2243 474 2272 mutatio
489 2242 607 2282 aliquid
620 2266 628 2278 ‚
645 2242 733 2283 quod

774 656 944 697 insigniter
958 655 996 686 ad
1006 662 1164 686 terrorem
1178 665 1356 687 accommo—

775 703 887 733 datum
909 710 956 734 est
980 714 1022 733 ex
1040 709 1186 734 veterum
1203 705 1354 744 supersti-

777 752 885 788 tione;
912 761 952 780 ex
977 761 1040 790 qua
1063 757 1206 780 recentes
1226 760 1355 790 quoque

775 804 879 837 poetae
899 798 1044 826 certatim
1063 796 1254 826 transtulere.
1274 806 1355 836 prae-

777 843 863 882 sagia
886 842 1061 871 bubonum
1092 849 1123 871 et
1154 848 1355 873 noctuarum.

778 889 952 918 Enimvero
962 897 1164 928 nequaquam
1173 887 1236 917 hoc
1245 890 1358 918 mortis

780 935 952 976 augurium
973 933 1224 975 comparandum
1242 934 1282 964 ad
1303 945 1357 965 au—

780 988 909 1022 gustum
933 980 1015 1010 illud
1039 987 1070 1011 et
1097 980 1234 1011 sublime
1256 981 1357 1022 phan-

781 1034 896 1064 tasma,
922 1027 1013 1068 quod
1039 1028 1165 1058 Messiae
1182 1027 1240 1058 lib.
1257 1030 1338 1058 VIII
1350 1051 1358 1066 ‚

781 1074 843 1104 sub
851 1072 966 1111 finem,
977 1073 1126 1104 exhibuit
1136 1081 1247 1105 auctor
1256 1097 1265 1112 ,
1279 1085 1361 1105 sum-

781 1131 872 1150 mum
906 1121 1087 1150 Germaniae
1115 1128 1359 1159 ornamentum3

782 1167 840 1197 ubi
863 1168 1039 1198 Servatom's
1058 1167 1246 1197 moribundi
1266 1175 1363 1209 caput

784 1213 851 1244 duo
870 1214 987 1244 Mortis
1003 1214 1100 1244 Genii
1118 1216 1258 1255 septenis
1276 1215 1363 1256 gyris

785 1261 1008 1291 circumvolat.
1026 1263 1131 1291 Locus
1149 1261 1204 1291 ille
1223 1260 1264 1291 ad
1285 1261 1362 1292 hor-

786 1318 892 1337 rorem
922 1307 1150 1338 incutiendum
1185 1306 1363 1338 efficacissi-

785 1365 867 1385 mus.
881 1355 1052 1384 Maronem
1065 1360 1212 1385 nostrum
1222 1355 1365 1384 imitatur

786 1401 955 1432 Claudian.
981 1402 1015 1431 in
1044 1403 1181 1442 Eun-op.
1213 1402 1246 1431 11
1258 1424 1266 1438 ‚
1298 1411 1364 1442 ²29

786 1457 856 1487 sqq.
878 1447 977 1477 Alitis
984 1458 1107 1488 par-vce.
1125 1447 1264 1478 Videtur
1279 1455 1365 1478 recte

787 1495 948 1523 monitum
967 1504 983 1523 a
999 1495 1129 1532 Servio,
1146 1493 1209 1525 hoc
1226 1495 1366 1525 alienum

789 1550 854 1570 esse
869 1551 886 1570 a
904 1540 1038 1570 bubone
1049 1563 1058 1577 ‚
1075 1551 1171 1580 quem
1185 1541 1299 1581 grandi
1318 1551 1363 1570 es-

789 1596 821 1616 se
839 1596 974 1627 corpore
994 1587 1067 1616 satis
1092 1593 1228 1616 constat.
1246 1588 1286 1616 Et
1307 1597 1365 1628 po-

791 1634 852 1662 tuit
866 1639 960 1673 poeta
974 1639 1102 1662 noctuae
1116 1642 1218 1673 genus
1232 1632 1364 1673 aliquot,

791 1690 823 1709 v.
849 1690 877 1709 e.
901 1680 1065 1709 minimam
1090 1679 1176 1708 illam
1195 1687 1365 1717 noctuam,

790 1735 885 1767 quam
905 1725 1075 1766 fimeream
1098 1725 1230 1763 dicunt,
1251 1726 1366 1757 intelli-

791 1783 874 1813 gere.
896 1773 1030 1813 Reliqua
1047 1779 1151 1803 tamen
1174 1772 1300 1804 buboni
1316 1784 1365 1804 ac-

791 1820 1045 1850 commodatiora
1057 1826 1143 1851 sunt.
1160 1819 1200 1851 cf.
1216 1820 1298 1851 Plin.
1315 1822 1345 1851 X
1355 1843 1363 1857 ‚

795 1878 833 1897 ια
847 1890 855 1904 ,
876 1878 900 1897 s.
920 1868 979 1905 16,
997 1874 1028 1897 ct
1046 1867 1091 1897 sic
1105 1877 1178 1908 sup.
1194 1867 1252 1904 IV,
1276 1866 1341 1902 462
1355 1890 1363 1903 ,

791 1914 992 1955 463.1mque
1002 1924 1138 1954 parvam
1151 1914 1366 1953 comparative

789 1961 1013 2003 accipiendum
1039 1970 1047 1991 :
1075 1959 1133 1990 dea
1165 1966 1308 1989 mutatui-
1332 1961 1365 1990 in

789 2019 879 2039 avem
889 2031 898 2045 ‚
914 2017 1043 2049 parvam
1057 2012 1204 2047 respectu
1216 2004 1293 2037 (leae.
1307 2007 1364 2037 Su-

790 2055 889 2085 betam
900 2078 909 2091 ,
926 2065 986 2095 pro
1005 2052 1123 2083 subito.
1144 2052 1270 2083 Scilicet
1286 2053 1367 2083 subi-

791 2109 877 2137 tam,
898 2102 932 2131 iu
957 2110 1051 2141 quam
1073 2098 1182 2130 subito
1206 2099 1361 2137 collecta,

790 2158 943 2178 conversa
954 2169 962 2184 ‚
978 2153 1034 2176 est.
1053 2146 1213 2187 Colligere
1229 2146 1268 2177 de
1281 2157 1315 2177 re
1329 2147 1364 2176 in

790 2196 946 2224 minorem
958 2194 1094 2234 speciem
1106 2193 1366 2225 mutata.—an-

790 2251 830 2282 go
841 2263 849 2277 ,
866 2241 968 2271 subito
981 2241 1117 2272 collecta
1118 2240 1275 2283 figuram.
1290 2241 1364 2271 Por-
