1414 2435
135 82 197 120 176

628 80 821 111 AENEIDOS

131 144 222 178 Haec
239 139 358 176 omnis
378 137 502 188 regio,
521 145 558 175 et
576 138 665 176 celsi
681 139 791 188 plaga
810 138 923 189 pinea
943 138 1101 184 montis,

1281 147 1329 171 320

131 199 249 236 Cedat
270 198 444 234 amicitiae
465 201 720 244 Teucrorum3
739 206 776 234 et
792 197 943 235 foederis
964 210 1090 247 aequas

132 259 310 294 Dicamus
332 257 450 306 leges,
471 258 670 307 sociosque
689 257 728 294 in
747 270 863 307 regna
878 270 1076 304 vocemns;

132 316 355 361 Considaut,
372 317 404 352 si
424 324 549 354 tantus
572 329 697 362 amor,
716 325 752 353 et
770 317 907 353 moenia
927 317 1102 354 condant.

131 377 198 413 Sin
219 377 310 413 alios
330 376 432 423 finis,
453 377 640 427 aliamque
660 390 856 427 capessere
874 386 1023 426 gentem

131 440 195 474 Est
215 437 380 482 animus,
397 447 634 486 poscuntque
655 438 735 474 solo
756 437 940 474 decedere
959 445 1110 482 nostro,

1281 445 1330 468 3²5

130 497 190 532 Bis
211 495 324 532 denas
345 497 441 532 Italo
461 496 631 533 texamus
651 496 792 533 robore
811 496 936 541 navis,

130 557 206 591 Seu
225 555 344 604 pluris
362 555 540 604 conplere
557 556 702 602 valent3
718 556 818 606 jacet
839 555 960 592 omnis
980 554 1028 591 ad
1047 553 1188 591 undam

129 615 310 651 Materies
329 629 335 649 :
357 615 429 665 ipsi
449 629 727 666 numerumque
746 615 978 665 modumque
998 614 1136 651 carinis

129 674 374 722 Praecipiant;
389 687 459 711 nos
477 688 570 721 aera,
589 688 740 722 manus,
757 674 907 711 navalia
923 674 1068 711 demus.

129 736 334 779 Praeterea,
356 735 421 783 qui
441 735 541 771 dicta
562 736 703 780 ferant,
725 744 762 771 et
782 735 924 770 foedera
943 734 1112 779 firment,
1282 741 1331 765 330

130 796 289 830 Centum
310 802 480 831 oratores
500 796 623 843 prima
642 794 688 830 de
709 801 819 843 gente
840 794 995 829 Latinos

130 856 192 889 Ire
208 853 349 901 placet,
370 853 548 901 pacisque
567 865 680 888 manu
701 851 936 902 p1·aetendcre
956 863 1098 896 ramos;

130 914 291 948 Munera
311 912 514 961 portantis,
533 913 692 961 aurique
712 911 914 960 eborisque
934 911 1071 946 talenta
1084 937 1095 955 ,

133 1082 258 1112 diorum
282 1083 338 1113 XL
359 1081 470 1122 agrum
491 1092 508 1111 a
531 1082 630 1119 colle,
649 1084 702 1112 cui

130 1130 298 1158 Lavinium
329 1130 514 1168 impositum
526 1151 534 1164 ‚
561 1139 700 1168 quaqua-

129 1185 238 1204 versus
252 1181 428 1216 patentem,
446 1185 502 1214 per
511 1174 614 1203 foedus
628 1185 701 1204 cum

129 1221 242 1250 Latino
267 1227 395 1261 pactum
416 1221 541 1249 cessisse
557 1221 702 1258 Trojauis

129 1274 380 1296 memor-'iverant
395 1266 447 1295 alii
463 1265 548 1306 apud
564 1267 699 1307 Dionys.

129 1314 162 1350 1,
182 1313 235 1352 59.
262 1315 306 1343 At
328 1312 412 1353 apud
437 1313 575 1352 Appian.
593 1313 649 1343 lib.
666 1314 700 1350 Ι,

127 1369 177 1398 pr.
206 1360 333 1389 Faunus
361 1359 472 1388 Martis
490 1358 513 1388 f.
539 1368 612 1388 cum
636 1358 700 1388 filia

128 1406 258 1434 Lavinia
275 1408 381 1436 AEneae
398 1404 504 1435 CCCC
525 1405 701 1435 stadiorum

128 1461 238 1492 agrum
251 1452 286 1481 in
300 1452 437 1480 circuitu
451 1450 503 1479 dat
519 1460 526 1480 :
541 1447 596 1481 καὶ
606 1447 701 1481 δίδω-

127 1499 225 1540 σιγῆν
242 1497 276 1528 ἐκ.
289 1493 436 1539 περιόδου
447 1493 582 1527 σταδίων
593 1508 701 1540 τετρα-

127 1541 237 1573 κοσίων
250 1566 258 1581 ,
273 1554 344 1584 qum
360 1544 471 1583 utique
485 1544 589 1573 verior
604 1544 698 1573 lectio

127 1595 189 1624 est,
204 1599 297 1629 quain
313 1591 414 1632 τριῶν.
430 1590 484 1618 Me
498 1588 536 1618 de
550 1591 698 1630 jugerum

128 1645 263 1664 numero
302 1646 413 1675 pai-uin
437 1635 580 1665 laborare
609 1635 698 1665 facile

125 1681 299 1722 intelliges;
315 1682 374 1711 hoc
388 1681 533 1711 volebam
544 1705 552 1718 ‚
568 1688 602 1711 ut
622 1693 696 1711 con-

126 1733 220 1757 staret
232 1750 242 1763 ,
261 1727 356 1757 fuisse
375 1728 488 1757 faniam
512 1729 694 1768 antiquam,

125 1783 221 1813 quam
238 1775 273 1803 iu
289 1784 355 1803 rem
373 1784 461 1803 suam
475 1775 570 1803 vertit
586 1785 620 1804 ac
635 1781 696 1804 tra-

125 1819 219 1849 duxit
230 1821 331 1850 Maro.
347 1822 421 1860 Quo
433 1820 557 1850 taudem
567 1822 696 1850 Latinus

127 1866 168 1894 ait
183 1865 245 1895 sibi
259 1877 326 1896 esse
347 1877 459 1907 agnem
481 1877 526 1897 vs,
543 1867 626 1904 316,
642 1877 698 1907 po-

126 1918 184 1941 test
204 1911 285 1950 hoc,
304 1913 330 1942 si
354 1914 425 1952 quis
447 1914 489 1942 ita
515 1912 606 1950 velit,
623 1924 696 1954 pro-

125 1958 192 1997 prie
207 1960 326 1999 accipi,
346 1969 385 1988 ex
409 1967 513 1989 vetere
536 1960 616 1996 vita,
633 1970 696 2000 qua

126 2003 250 2042 regibus
284 2005 437 2045 assignata
470 2007 534 2045 agri
569 2007 674 2047 portio
685 2028 694 2042 ‚

127 2048 247 2090 τέμενος
261 2073 269 2087 ,
283 2058 319 2080 ut
342 2051 391 2080 vel
417 2063 457 2081 ex
479 2054 620 2082 Homero
638 2063 694 2082 no-

126 2101 193 2124 tum
212 2096 300 2126 Iliad.
321 2108 344 2138 μ
355 2119 363 2133 ,
382 2099 399 2127 3
410 2099 459 2128 13.

174 2142 250 2177 324.
276 2143 387 2172 Aliam
406 2152 535 2185 gentem
550 2156 560 2178 ,-
578 2145 692 2174 iterum

125 2197 184 2227 pro
210 2194 305 2230 terra.
322 2206 367 2212 —
387 2190 461 2219 325.
496 2193 695 2230 Poscuntque

754 1094 816 1113 sec.
835 1084 953 1113 Moret.
968 1089 999 1111 et
1014 1082 1116 1123 Bigot.
1128 1103 1137 1118 ,
1152 1081 1250 1122 idque
1262 1083 1326 1121 jam

755 1130 887 1159 Heinsio
910 1128 1052 1169 placuit,
1078 1129 1172 1158 etiam
1192 1128 1328 1158 Wadde-

753 1176 796 1205 lio
811 1182 841 1205 et
855 1174 1079 1214 Cuninghamo
1093 1184 1100 1205 :
1116 1181 1147 1204 et
1162 1174 1254 1204 valde
1268 1177 1328 1204 uti-

755 1232 816 1262 que
832 1220 958 1251 arridet.
987 1222 1129 1262 Languet
1147 1222 1231 1250 enim
1251 1221 1324 1251 ahe-

755 1279 826 1297 rum
838 1290 846 1305 ‚
856 1274 1007 1308 possunt,
1027 1268 1053 1296 si
1069 1267 1119 1296 vel
1134 1269 1272 1297 maxime
1287 1267 1326 1296 ad

754 1314 814 1343 fata
842 1324 971 1344 revoces
989 1323 996 1344 :
1015 1314 1042 1343 si
1058 1323 1115 1353 per
1139 1312 1200 1343 faia
1224 1312 1326 1343 facere

753 1361 862 1397 liceat,
879 1367 915 1390 ut
932 1361 1060 1390 Servius
1085 1358 1197 1390 voluit.
1213 1358 1326 1395 Adde,

754 1406 841 1447 quod
852 1413 989 1446 possunt
1009 1405 1117 1446 paullo
1137 1405 1326 1436 insolentius

754 1454 894 1493 positum
918 1459 988 1481 ante
1002 1453 1066 1490 jam
1089 1451 1277 1482 occurrebat
1294 1462 1323 1480 v.

755 1500 819 1536 307
848 1509 906 1527 nec
924 1497 1008 1527 victi
1015 1504 1152 1537 possunt
1175 1496 1325 1526 absistere

742 1544 847 1585 ftrro.
873 1561 919 1566 -
945 1544 1022 1581 327.
1057 1542 1221 1582 Complcre
1251 1553 1324 1583 pro-

752 1592 859 1631 prium
887 1589 1081 1619 vocabulum
1109 1587 1148 1618 de
1173 1589 1267 1618 sociis
1293 1596 1323 1618 et

751 1637 851 1677 copiis
880 1635 1065 1670 navalibus3
1094 1641 1128 1664 ut
1155 1632 1324 1677 πλήρωμα.

750 1685 838 1713 Serv.
853 1699 899 1705 -—-
917 1684 992 1721 3²9·
1017 1680 1179 1717 Navalia,
1197 1691 1247 1711 res
1268 1691 1323 1711 na·

750 1729 850 1766 vales,
865 1739 968 1758 ceram
981 1750 989 1765 ‚
1010 1727 1102 1757 funes
1112 1750 1121 1766 ,
1135 1727 1204 1758 vela
1221 1734 1252 1757 et
1266 1727 1324 1757 alia

749 1774 952 1813 hujusmodi,
979 1775 1108 1805 Servius
1129 1783 1137 1805 ε
1160 1783 1234 1804 nam
1253 1783 1322 1803 ma-

750 1821 858 1851 teriem
890 1822 954 1860 jain
984 1826 1222 1851 memoraverat.
1252 1820 1324 1849 Ma-

751 1878 824 1903 nus,
844 1878 973 1908 operas;
992 1866 1072 1897 male
1088 1866 1179 1896 aliter
1194 1865 1257 1895 alii.
1276 1882 1322 1888 —-

752 1915 829 1944 331.
848 1914 958 1944 Prima
972 1913 1012 1942 de
1026 1919 1140 1953 gente,
1156 1912 1268 1952 primis
1283 1911 1323 1940 dc·

749 1960 898 2001 gentibus
909 1982 917 1996 ,
936 1970 976 1989 ex
997 1958 1173 1988 nobilitate.
1184 1974 1230 1980 ·—-
1242 1959 1319 1988 33-2.

750 2006 846 2036 Pacis
872 2015 1001 2039 ramos,·
1019 2015 1050 2034 v,
1073 2014 1144 2045 sup.
1181 2014 1253 2034 10¹.
1275 2022 1322 2027 -

750 2053 827 2082 333.
852 2051 935 2081 Auri
952 2050 1074 2080 talenta
1094 2057 1124 2079 et
1146 2050 1246 2080 eboris
1260 2051 1320 2081 sc!-

748 2097 814 2127 Iam
830 2108 841 2127 .·
859 2097 958 2127 videri
979 2096 1073 2126 debet
1094 2096 1248 2137 implicita
1273 2097 1321 2127 in—

747 2150 794 2173 ter
841 2155 874 2173 se
917 2143 1086 2173 collocasse
1100 2154 1109 2181 ;
1147 2143 1321 2174 chiasmum

746 2190 947 2232 grammatici
958 2196 1070 2220 vocant
1082 2211 1091 2227 ‚
1106 2190 1132 2221 ai
1148 2189 1245 2220 modo
1254 2190 1321 2220 Mn-
