1414 2435
573 68 696 99 LIBER
720 70 778 100 lx.
1235 69 1273 102 43

84 122 273 170 Ediderit3
291 137 403 173 quem
420 123 581 173 quisque
598 125 723 161 virum
744 125 934 162 demiserit
952 127 1072 171 Orco;

85 185 132 219 Et
148 197 296 220 mecum
311 184 473 233 ingentis
494 197 580 221 oras
599 185 763 221 evolvite
783 184 873 222 belli
890 200 897 221 ε

85 241 149 278 *Et
167 241 387 279 meministis
408 243 524 289 enim,
549 243 646 280 divae
658 273 668 290 ‚
686 252 723 280 et
742 256 952 280 memorare
969 243 1136 293 potestis.

135 301 265 338 Turris
289 310 370 338 erat
388 310 494 339 vasto
515 313 715 353 suspectu,
735 313 772 340 et
793 303 972 353 pontibus
992 303 1093 348 altis,
1227 309 1273 333 ⁵30

82 361 309 409 Opportuna
326 361 430 407 loco,
449 363 604 398 summis
625 375 740 412 quam
758 362 905 400 viribus
925 375 1052 399 omnes

80 422 308 470 Expugnare
329 422 431 468 Itali,
448 435 670 471 summaque
691 431 862 459 evertere
881 436 997 473 opum
1013 422 1052 459 vi

80 480 283 518 Certabant
290 497 301 528 3
322 485 442 519 Troes
460 492 592 520 contra
610 482 813 519 defendere
830 484 948 529 saxis,

79 542 225 590 Perque
243 554 352 578 cavas
372 542 477 579 densi
499 543 572 579 tela
591 542 811 591 intorquere
831 543 1023 579 fenestras.

78 600 256 650 Princeps
277 601 471 638 ardentem
491 602 652 651 conjecit
671 602 845 651 lampada
862 605 1032 646 Turnus,
1224 607 1271 632 ⁵3⁵

79 662 125 696 Et
143 660 331 697 flammam
351 661 484 698 adfixit
501 662 611 698 lateri
619 677 630 708 ;
652 674 735 710 quae
754 661 918 711 plurima
936 668 1050 696 vento

78 719 278 768 Conripuit
295 720 460 764 tabulas,
482 729 518 756 et
538 719 711 769 postibus
731 720 840 756 haesit
860 719 992 755 adesis.

77 776 238 813 Turbati
255 777 446 827 trepidare
464 778 583 823 intus,
607 779 822 827 frustraque
839 778 1026 814 malorum

76 836 181 874 Velle
199 837 336 886 fugam.
355 839 457 875 Dum
473 851 512 874 se
531 838 758 887 glomerant,
778 847 957 886 retroque
977 837 1147 874 residunt

77 991 155 1028 527.
177 981 250 1022 Ᾰϊὸι
262 988 414 1034 προΐαψεν
431 992 503 1032 quis
517 994 616 1023 nescit
630 993 644 1022 Ξ)

75 1037 109 1066 Si
123 1036 220 1067 modo
233 1049 344 1067 verum
362 1045 425 1074 est,
441 1036 562 1068 ἰάπτειν
581 1049 646 1068 esse

75 1083 217 1112 Homero
230 1082 472 1125 πέμπειν.--52
479 1085 509 1114 8.
524 1086 646 1114 Versus

75 1129 239 1157 Ennianus
267 1139 308 1159 ex
334 1131 382 1159 VI
411 1130 530 1159 Annal.
568 1136 645 1158 teste

75 1174 221 1204 Mam-ob.
241 1176 306 1210 VI,
330 1185 344 1203 1
359 1197 368 1212 ,
387 1181 418 1204 et
437 1176 568 1205 Servio:
586 1175 648 1214 Qui

68 1219 157 1259 potis
175 1220 315 1261 ingentis
336 1231 409 1250 oras
424 1221 561 1250 evolvere
583 1220 646 1249 bel-

74 1265 101 1294 li
120 1269 138 1294 :⁷
162 1273 193 1295 et
214 1266 289 1296 hinc
313 1266 561 1306 explicandum:
581 1276 646 1295 orae

73 1311 225 1341 videntur
251 1312 344 1342 dictae
364 1313 468 1353 simpl.
491 1323 550 1352 pro
574 1322 645 1351 par-

75 1357 181 1394 tibus,
203 1364 239 1387 ut
255 1358 362 1400 fines,
390 1357 429 1387 de
456 1364 524 1388 toto
552 1358 643 1394 loco,

73 1404 185 1444 spatio.
203 1404 330 1434 Bellum
354 1411 400 1434 est
423 1414 547 1444 pugna,
573 1413 644 1443 quae

72 1449 239 1490 quomodo
261 1450 409 1480 omnibus
423 1450 502 1479 locis
523 1460 580 1490 per
598 1456 645 1479 to-

73 1503 137 1526 tam
162 1497 261 1526 aciem
280 1496 362 1526 facta
379 1497 436 1533 sit,
457 1497 529 1535 quis
551 1505 646 1535 expo-

73 1552 149 1572 nere
183 1543 309 1582 possit?
340 1533 500 1594 Ᾰργαλέοι
538 1537 576 1570 δέ
605 1551 644 1583 με

74 1589 194 1624 ταῦτα,
216 1586 282 1618 θεὸν
309 1586 348 1623 ὣς
336 1611 369 1625 ‚‚
395 1586 488 1618 πάντ’
517 1585 645 1631 ἀγορεῦ-

74 1644 137 1663 σαι.
153 1633 266 1675 (Iliad.
282 1645 383 1676 pqu.
405 1635 478 1672 176.
490 1633 645 1675 >Adjecta

77 1689 162 1716 vox,
187 1680 344 1717 evolvere,
370 1680 495 1717 verbis,
521 1681 556 1709 in
578 1681 644 1709 ani-

73 1735 161 1755 mum
192 1725 362 1755 revocabat
391 1725 544 1756 Turnebo
575 1735 644 1754 oras

73 1772 207 1801 vestium
223 1780 231 1802 :
246 1771 335 1811 quod
353 1770 490 1801 alienum
506 1777 563 1801 est.
579 1772 642 1811 Ap.

73 1819 203 1848 Homer.
227 1817 318 1848 Iliad.
348 1814 387 1855 ὃ,
414 1818 476 1855 371
507 1814 644 1860 γεφύρας

71 1862 220 1906 πολέμοιο
234 1874 292 1904 per
305 1874 378 1893 oras
389 1863 558 1899 illustrant,
573 1872 644 1902 per-

72 1920 180 1951 peram
197 1911 328 1950 utique;
346 1920 418 1940 nam
430 1910 493 1939 illae
506 1915 581 1939 sunt
596 1909 645 1938 in-

72 1956 239 1986 tervallum
253 1957 336 1986 inter
350 1963 517 1997 utramque
534 1955 642 1991 aciem,

72 2012 133 2043 qua
156 2009 246 2043 parte
269 2009 540 2044 propugnatores,
571 1998 645 2042 πρό-

73 2058 187 2090 μαχοι,
203 2049 382 2089 prodeunt,
398 2059 494 2089 seque
506 2048 644 2077 invicem

73 2095 166 2124 armis
191 2101 316 2135 petunt.
340 2097 468 2125 Servius
493 2104 566 2124 oras
591 2103 644 2122 ex-

73 2148 171 2170 trema
191 2140 351 2170 bellorum
368 2142 520 2182 exponit3
546 2140 644 2170 enim-

72 2197 149 2218 vero
172 2185 210 2217 de
232 2196 336 2228 pugna
358 2189 471 2229 agitur.
495 2204 540 2210 -—-
565 2187 640 2224 529.

700 993 801 1023 Abest
829 1003 939 1022 versus
966 990 1149 1021 melioribus
1178 989 1268 1019 libris

700 1050 774 1068 cum
796 1038 941 1068 Mediceo
956 1047 964 1068 ;
980 1037 1057 1067 :udde
1082 1036 1189 1077 fragm.
1205 1037 1269 1064 Va-

699 1086 753 1114 tic.
766 1106 774 1120 ,
789 1091 819 1113 et
834 1091 918 1113 recte
937 1083 1100 1121 judicabat
1119 1082 1268 1111 Heinsius

699 1140 764 1159 esse
778 1140 852 1158 eum
865 1129 918 1158 hic
932 1129 1126 1158 inculcatum
1140 1138 1180 1156 ex
1197 1137 1268 1167 sup.

698 1175 755 1204 lib.
784 1176 868 1211 VII,
893 1175 971 1209 645.
997 1175 1140 1205 Omissus
1166 1179 1212 1202 est
1234 1173 1269 1202 in

699 1220 775 1250 edit.
802 1221 973 1250 Parmensi.
994 1219 1114 1249 Aberat
1141 1229 1269 1258 quoque

700 1265 797 1296 Goth.
812 1276 886 1302 sec„
904 1272 934 1295 at
947 1267 983 1295 in
998 1276 1046 1306 pr.
1061 1264 1270 1305 praemitteba-

698 1318 752 1341 tur
767 1312 934 1351 superiori.

747 1359 824 1387 530.
851 1356 942 1388 Conf.
961 1367 1032 1396 sup.
1051 1356 1107 1386 lib.
1125 1358 1176 1393 11,
1201 1361 1266 1392 440

698 1414 784 1444 seqq.
796 1426 805 1440 ,
836 1403 895 1432 ubi
922 1403 1006 1443 regia
1037 1403 1152 1432 Priami
1175 1403 1269 1432 simili

698 1449 796 1479 modo
835 1454 1049 1489 oppugnatur.
1089 1448 1241 1481 Pontibus
1254 1460 1267 1483 ;

699 1495 888 1536 accipiebam
912 1494 951 1524 de
966 1495 1044 1531 viis,
1066 1493 1183 1533 quibus
1205 1493 1267 1523 dis-

700 1547 834 1571 currunt
851 1546 1101 1581 propugnatores
1116 1550 1174 1580 per
1192 1550 1269 1570 moe-

699 1588 752 1617 nia
762 1610 770 1625 ‚
785 1594 816 1616 et
828 1586 867 1616 ad
880 1594 982 1616 turres
994 1587 1196 1625 perveniunt.
1206 1588 1268 1616 Pro

697 1633 845 1664 tabulatis
867 1639 980 1674 pontes
996 1631 1077 1668 dici,
1091 1631 1210 1661 durum
1225 1643 1268 1662 es-

697 1686 754 1710 set.
770 1679 837 1710 vid.
857 1689 928 1719 sup.
946 1689 977 1708 v.
1001 1688 1075 1715 170.
1095 1679 1266 1707 Enimvero

698 1735 812 1755 revoca
824 1727 860 1755 in
873 1730 1011 1754 mentem
1019 1733 1112 1763 supra
1126 1725 1267 1763 exposita

699 1771 738 1800 ad
751 1781 878 1800 versum
896 1780 908 1799 1
917 1780 958 1807 7⁰
967 1776 1081 1809 pontes
1093 1776 1126 1798 et
1133 1779 1268 1810 propug-

699 1816 819 1845 nacula
828 1822 982 1856 jungunt.
998 1815 1070 1844 Fujt
1088 1815 1202 1851 turris,
1220 1825 1266 1844 se-

695 1863 807 1901 juncta
823 1872 839 1890 a
854 1861 954 1897 v‚all0
970 1870 1027 1889 seu
1041 1870 1154 1896 mu1·‚0
1171 1867 1202 1890 et
1214 1871 1266 1890 an-

699 1915 728 1938 te
754 1906 873 1937 vallum
896 1907 1016 1947 posita,
1041 1913 1138 1946 ponte
1156 1907 1266 1944 juncta

697 1965 769 1983 cum
791 1953 893 1990 vallo3
922 1951 1066 1982 trabibus
1092 1951 1145 1981 illa
1172 1962 1263 1994 coag-

696 2005 852 2035 mentata,
884 1999 926 2028 ita
963 2004 999 2027 ut
1025 1998 1092 2038 igni
1121 1999 1266 2028 consumi

696 2053 812 2087 posset.
837 2062 882 2067 —
909 2044 984 2074 533.
1014 2042 1196 2084 Defindere
1219 2055 1264 2075 sc.

697 2093 829 2127 turrim,
853 2101 920 2121 uon
943 2100 995 2127 se3
1018 2089 1080 2119 hoc
1097 2089 1266 2131 indignum

695 2139 818 2178 poetica
837 2137 988 2178 gravitate
1012 2142 1100 2166 esset.
1120 2152 1166 2159 —-
1187 2136 1263 2166 536.

696 2186 725 2214 E
728 2192 740 2214 c
741 2185 919 2227 stammam
933 2181 1048 2225 adfixit
1061 2181 1170 2218 laceri,
1189 2192 1263 2221 ergo
