1414 2435
107 97 172 127 412

349 92 384 120 P.
409 89 593 120 VIRGILII
617 88 816 120 MARONIS
839 88 1072 120 MORETUM.

104 149 268 196 Circuit,
287 147 403 198 inque
423 147 579 198 globum
600 146 779 184 distantia
798 146 990 184 contrahit
1007 159 1146 195 unum,

107 213 261 247 Constet
280 218 322 246 ut
338 208 465 246 effecti
483 209 629 261 speeies
648 220 864 258 nomenque
883 208 1033 245 moreti.

157 271 268 308 Eruit
288 271 434 308 interea
452 270 594 321 Cybale
614 281 767 319 quoque
787 268 917 306 sedula
936 282 1092 319 panem,

107 336 231 379 Quem
249 332 357 369 laetus
376 331 512 382 recipit
531 330 726 376 manibus3
746 329 934 380 pulsoque
954 329 1092 366 timore

105 396 125 429 J
128 405 187 429 am
205 391 333 437 famis,
352 391 468 441 inque
488 391 589 428 diem
608 403 764 427 securus
784 389 951 426 Simulus
971 389 1092 436 illam,
1264 406 1311 422 120

103 451 235 488 Ambit
255 465 367 488 crura
387 452 510 489 ocreis
528 450 704 501 paribus,
727 458 926 499 tectusque
945 449 1075 499 galero

105 512 185 551 Sub
196 513 288 563 juga
308 521 485 564 parentes
503 512 604 562 cogit
623 512 746 548 lorata
759 510 964 560 juvencos,

106 575 233 623 Atque
253 573 331 623 agit
347 573 387 609 in
404 581 567 623 segetes,
589 580 626 608 et
646 580 757 608 terrae
778 569 908 608 condit
928 578 1108 607 aratrum.

155 718 167 736 1
179 718 191 737 1
201 718 230 746 7.
248 708 381 738 Constet
393 715 427 737 ut
439 699 551 749 efficti
561 707 681 748 species

107 764 287 794 nomenque
301 753 423 785 moreti.
439 757 483 785 Ut
495 765 568 785 vere
581 755 681 795 possit

105 800 220 830 moreti
247 801 319 830 loco
343 808 374 830 et
397 802 528 830 nomine
552 801 679 838 haberi,

104 848 224 888 quippe
249 846 287 876 ad
312 858 384 877 eum
405 846 538 877 modum
556 847 681 877 confec-

105 900 173 923 tum
189 900 220 923 et
234 893 432 931 absolutum,
444 904 509 934 quo
520 900 679 923 moretum

104 940 201 981 vulgo
215 941 320 980 parari
335 940 467 970 solebat.

734 706 864 745 bantur,
880 707 938 748 qui
952 716 1034 747 opus
1049 716 1124 736 rure
1135 705 1310 744 faciebant,

735 754 894 796 agricolae,
909 759 1086 784 venatores.

785 812 861 831 122.
889 802 976 842 Juga
1004 800 1110 830 lorata
1139 801 1310 831 Vitruvius

733 845 950 887 subjugiorum
966 846 1037 875 lora
1050 847 1179 876 vocavit
1188 846 1246 877 lib.
1256 849 1306 877 X:

735 892 863 922 Eadem
889 891 1015 921 ratione
1024 891 1193 932 jumenta,
1212 903 1309 934 quum

731 937 813 980 juga
846 949 954 968 eorum
984 938 1199 979 subjugiorum
1233 939 1310 969 loris

155 997 168 1015 1
177 997 195 1016 2
204 997 230 1016 1.
248 987 405 1017 Carminis
421 986 511 1026 lepos
523 996 624 1026 usque
640 985 680 1015 ad
728 995 793 1025 per
803 984 943 1014 medium
957 992 1186 1025 temperantur,
1203 996 1310 1027 aequa-

106 1040 284 1063 extremum
299 1039 441 1063 servatus
462 1033 597 1063 delectat
617 1042 625 1063 :
646 1043 680 1062 o-

104 1090 183 1110 creae
211 1087 299 1110 erant
328 1080 531 1109 calceamenti
561 1088 677 1120 genus,

105 1137 197 1157 crura
223 1128 290 1167 ipsa
321 1127 485 1164 vinciens,
515 1137 581 1167 quo
608 1132 676 1156 ute-

734 1030 808 1061 liter
822 1031 955 1061 trahunt
974 1041 1086 1062 onera.
1108 1032 1187 1062 Cato
1203 1032 1308 1073 subju-

730 1077 789 1120 gia
803 1078 873 1108 lora
889 1085 993 1109 vocat.
1009 1077 1167 1108 Lindenb.

765 1126 839 1156 123.
852 1126 990 1168 Segetes‚
1004 1126 1079 1167 agri.
1095 1137 1126 1156 v.
1142 1125 1200 1156 Ge.
1212 1126 1240 1164 1,
1254 1130 1308 1164 47.

270 1513 421 1538 OPERUM
450 1514 620 1539 vmolml
650 1515 697 1539 ET
725 1514 821 1540 ΤΟΜῙ
852 1514 995 1545 QUARTI
1025 1514 1135 1539 rmxs.
