1414 2435
118 84 184 116 274

618 75 812 106 AENEIDOS

115 137 193 170 Iret
212 142 254 169 ut
269 132 316 169 ad
335 141 464 168 muros
478 158 488 177 ,
501 129 667 181 urbique
687 130 902 168 adverteret
922 142 1054 181 agmen
1268 141 1316 166 555

119 194 253 239 Ocius,
274 202 311 229 et
327 191 453 229 subita
473 190 646 228 turbaret
662 191 768 229 clade
781 192 947 229 Latinos.

109 254 203 300 Ille,
217 262 259 290 ut
272 253 462 302 vestigans
479 251 630 290 diversa
647 265 717 303 per
736 253 885 303 agmina
903 256 1074 290 Tumum
1087 282 1097 299 ,

121 316 206 350 Huc
226 322 339 362 atque
353 313 430 349 huc
444 313 542 350 acies
563 313 814 361 circumtulit3
836 313 996 363 adspicit
1015 313 1150 351 urbem

119 376 316 410 Inmunem
333 373 428 410 tanti
447 373 556 421 belli,
576 382 690 424 atque
703 375 847 424 inpune
862 375 1041 424 quietam.

121 433 310 470 Continuo
329 445 466 483 pugnae
486 434 682 471 adscendit
700 434 854 485 majoris
874 435 1019 484 imago;
1269 442 1317 466 ⁵60

122 492 338 539 Mnesthea,
357 495 652 543 Sergestumque
670 502 801 540 vocat,
820 493 1034 542 fortemque
1054 493 1264 537 Serestum,

118 555 322 599 Ductores;
344 554 609 604 tumulumque
626 555 744 604 capit,
764 566 842 604 quo
859 562 986 591 cetera
998 555 1188 590 Teucrum

119 612 321 649 Concurrit
339 613 456 661 legio;
469 626 540 649 nec
557 621 663 650 scuta
680 621 745 649 aut
763 614 908 662 spicula
924 613 1031 649 densi

118 673 324 720 Deponunt
345 684 353 706 ε
371 672 470 708 celso
491 673 638 710 medius
655 683 756 710 stans
773 685 909 722 aggere
931 672 1055 708 fatur:

121 747 135 761 n
153 732 210 766 Ne
230 743 305 778 qua
318 730 412 767 meis
432 739 512 766 esto
534 731 643 768 dictis
663 745 769 768 mora
786 745 794 766 ε
809 732 988 781 Juppiter
1006 731 1077 768 hac
1097 738 1188 776 stat3
1271 739 1319 763 565

121 791 206 826 Neu
221 790 304 838 quis
321 789 371 826 ob
386 790 580 839 inceptum
599 789 766 826 subitum
785 791 878 827 mihi
895 792 1048 840 segnior
1068 792 1134 828 ito.

122 847 268 885 Urbem
282 849 396 886 hodie
407 877 418 896 ,
439 862 609 886 caussam
624 848 733 894 belli,
753 861 869 898 regna
888 848 970 898 ipsa
983 849 1123 894 Latini,

122 907 171 944 Ni
186 907 337 946 frenum
358 909 534 959 adcipere
554 918 591 947 et
609 909 702 947 victi
717 922 852 960 parere
872 909 1055 956 fatentur,

122 1077 254 1117 propius
270 1074 437 1105 admovere
462 1075 566 1104 voluit
581 1082 690 1116 poeta,

123 1129 160 1152 ut
174 1123 280 1153 omnia
301 1127 403 1151 essent
416 1122 481 1161 ipsa
499 1131 605 1150 rerum
622 1132 692 1162 spe-

124 1170 172 1199 cie
195 1176 226 1198 et
249 1168 417 1198 hominum
436 1167 612 1207 frequentia
636 1179 692 1197 au-

122 1216 280 1256 gustiora3
303 1221 401 1253 utque
422 1215 574 1253 peripetia
589 1214 693 1254 aliqua

123 1262 216 1291 etiam
226 1261 294 1291 haec
306 1267 395 1297 esset,
407 1270 506 1300 quum
517 1267 606 1290 autea
616 1262 693 1291 Tro-

120 1309 269 1346 janorum
283 1314 382 1336 castra
393 1313 576 1347 oppugnata
591 1315 694 1338 essent

123 1364 139 1383 a
154 1355 286 1390 Latinis,
301 1359 337 1383 ut
358 1363 446 1382 nunc
462 1353 570 1383 eadem
591 1353 692 1383 fortu-

123 1409 163 1429 ua
174 1400 394 1429 transferretur
409 1398 448 1429 ad
457 1401 594 1431 Latinos.
607 1401 692 1430 Boua

125 1447 216 1475 etiam
238 1446 338 1476 Servii
356 1445 536 1476 observatio
553 1456 560 1477 :
580 1461 595 1472 «ι
613 1449 693 1477 Sane

126 1506 141 1517 «ε
157 1492 259 1529 bona,
285 1492 411 1531 inquit,
437 1503 512 1521 usus
534 1500 580 1522 est
609 1503 695 1523 oeco-

127 1552 141 1562 —‹
162 1539 265 1567 nomia
278 1561 286 1575 ,
317 1544 353 1566 ut
391 1537 509 1567 diceret
540 1540 695 1569 instinctu

126 1597 141 1607 «
159 1584 486 1623 numinisprofectum
496 1594 560 1613 csse
569 1587 696 1615 AEueam

126 1642 142 1653 «ι
161 1628 199 1658 ad
215 1630 349 1658 civitatis
362 1629 522 1659 excidium
540 1640 547 1660 :
564 1641 637 1660 nam
652 1633 698 1660 in-

129 1689 143 1699 ·‹
162 1684 341 1716 congruum
359 1676 460 1705 fuerat
476 1697 484 1711 ‚
503 1684 697 1717 occupatum

128 1733 142 1744 «
162 1720 246 1751 bello
268 1732 325 1760 per
346 1733 378 1751 se
395 1722 455 1751 tale
478 1724 596 1762 cepisse
619 1733 696 1753 con-

128 1779 144 1790 «
159 1766 300 1796 silium.»
332 1768 401 1796 Iino
439 1769 618 1808 incongrua
650 1776 696 1798 cst

128 1823 243 1842 caussa.
268 1811 327 1842 sed
349 1814 420 1843 facit
447 1821 540 1853 pocta
563 1814 644 1851 hoc,
660 1821 696 1844 ut

129 1859 187 1898 ipsi
204 1858 337 1888 consilio
351 1861 451 1897 major
466 1861 637 1890 auctoritas
650 1871 695 1890 ac-

129 1904 216 1934 cedat
230 1904 296 1934 deae
307 1907 566 1936 moui10.—556.
575 1907 673 1937 Clade
684 1918 695 1936 .·

130 1952 267 1991 proprie,
279 1960 363 1982 metu
375 1952 480 1987 cladis,
490 1960 587 1993 captae
596 1953 693 1985 urbis.

179 1998 254 2027 560.
278 1999 314 2027 lu
330 2010 398 2040 sqq.
423 1999 629 2029 adumbratur
651 2001 692 2030 al-

130 2042 252 2073 locutio
271 2045 417 2075 militum.
443 2047 581 2076 Brevitas
601 2053 632 2076 et
648 2057 694 2076 as-

132 2090 244 2128 peritas
255 2092 285 2119 in
297 2102 330 2120 ea
339 2091 587 2122 conunendauda
599 2094 695 2123 venit.

131 2135 263 2165 -565,
295 2137 419 2176 Jupiter
443 2138 503 2168 hac
528 2146 591 2168 seat
608 2149 618 2167 .·
638 2139 696 2168 hac

131 2187 236 2220 μαι-(ιη
263 2181 293 2211 h.
315 2193 372 2222 pro
395 2191 500 2214 nostra
517 2192 616 2226 parte.
634 2187 694 2216 Re-

745 1075 839 1115 spicit
853 1074 974 1104 scilicet
984 1073 1088 1104 foedus
1103 1077 1247 1106 aLatinis
1259 1077 1321 1106 vio-

745 1121 856 1150 latum.
879 1121 1062 1150 Ennianum
1081 1131 1146 1150 esse
1171 1122 1318 1152 Macrob.

746 1169 871 1197 Saturu.
887 1168 954 1203 VI,
982 1177 995 1196 1
1010 1189 1019 1203 ,
1036 1168 1176 1205 monuit,
1199 1178 1241 1197 ex
1255 1169 1320 1198 An·

747 1213 808 1242 nal.
826 1214 890 1242 VII
904 1214 979 1242 Non
993 1223 1120 1253 semper
1131 1221 1242 1244 vestra
1255 1214 1319 1255 (au

747 1265 855 1288 nostra
865 1258 900 1298 s‘)
927 1259 1037 1289 evertit
1052 1270 1062 1289 :
1081 1270 1164 1289 nunc
1194 1260 1320 1301 Jupiter

747 1304 807 1335 Ιιαε
824 1313 898 1336 stac.
909 1323 956 1328 —-
967 1307 1043 1344 567.
1063 1306 1215 1348 Caussam
1230 1306 1316 1337 belli.

747 1352 874 1382 Servius
891 1353 933 1381 ait
948 1361 955 1382 :
975 1353 1050 1393 quia
1064 1352 1130 1382 illic
1148 1360 1214 1383 erat
1227 1354 1316 1383 Lavi-

746 1400 808 1429 nia.
838 1398 938 1429 Cerda
965 1399 1004 1429 ad
1028 1400 1175 1430 Amatam
1195 1399 1317 1430 refert:

746 1452 782 1474 ut
801 1445 858 1474 inf.
883 1456 913 1476 v,
941 1445 1018 1476 600.
1044 1448 1146 1476 Immo
1169 1456 1266 1484 vero,
1284 1451 1319 1475 ut

748 1491 782 1519 in
799 1501 901 1531 regna
917 1490 986 1531 ipsa
1010 1491 1122 1521 Latini
1135 1503 1196 1532 pro
1215 1493 1316 1533 regia,

749 1537 893 1577 graviore
921 1547 997 1567 usus
1028 1543 1074 1566 est
1110 1537 1210 1567 verbo
1241 1547 1317 1577 poe-

751 1589 796 1618 ta,
824 1592 882 1621 pro
904 1590 1034 1613 auctore
1062 1582 1155 1620 belli,
1176 1583 1208 1613 h.
1239 1583 1319 1612 urbe

751 1629 955 1665 Latinorum,
981 1630 1036 1669 qui
1062 1627 1181 1659 bellum
1204 1629 1320 1659 intule-

752 1681 840 1710 rant,
861 1675 949 1715 quod
975 1675 1092 1704 Latinis
1113 1674 1320 1706 tribuendum

751 1727 833 1755 erat,
851 1720 923 1749 urbi
945 1721 1067 1751 tribuit.
1085 1722 1136 1752 Sic
1157 1730 1188 1752 et
1205 1732 1235 1752 v.
1254 1722 1317 1760 57²

749 1766 963 1806 accipiendus.
978 1785 1024 1790 -—
1041 1768 1118 1799 568.
1150 1768 1264 1798 Urbem
1289 1774 1322 1798 et

749 1812 832 1840 victi
853 1813 892 1842 ad
913 1824 1058 1851 sensum,
1081 1824 1147 1844 non
1167 1824 1317 1856 gramma-

751 1858 810 1887 tice
822 1879 830 1894 ‚
845 1860 995 1898 positum.
1010 1876 1056 1882 —
1070 1860 1218 1890 Ceterum
1231 1859 1317 1889 hunc

749 1914 876 1934 versum
909 1905 1063 1945 quosdam
1093 1915 1150 1946 per
1183 1904 1318 1946 figuram

750 1951 777 1980 G
783 1960 894 1980 raecam
899 1952 1091 1992 exposuisse,
1099 1950 1245 1981 observat
1253 1954 1318 1982 Ser-

751 1998 820 2026 xius
833 2019 842 2033 ‚
863 2004 898 2028 ut
913 2004 992 2027 esset
1009 2007 1016 2028 :
1037 1995 1221 2040 ὁμολογοῦσι
1243 1997 1316 2041 μέλ·

749 2046 810 2073 λειν
839 2042 956 2082 λαβεῖν.
985 2045 1064 2073 Sane
1091 2043 1129 2073 ad
1156 2045 1317 2087 vulgarem

750 2089 883 2119 formam
909 2095 994 2119 erat:
1017 2090 1053 2118 m'
1065 2089 1259 2131 fatebuntur
1285 2103 1318 2122 se

749 2135 838 2165 velle
852 2135 1006 2175 accipere.
1021 2135 1081 2166 Sed
1098 2144 1220 2168 mutato
1239 2145 1318 2168 tem·

749 2191 826 2223 pore
838 2187 869 2212 et
885 2182 1054 2213 omissione
1067 2185 1120 2214 τοῦ
1136 2184 1224 2215 velle
1237 2195 1319 2227 opus
