<?xml version="1.0" encoding="UTF-8"?>
<!DOCTYPE html PUBLIC "-//W3C//DTD XHTML 1.0 Transitional//EN"
    "http://www.w3.org/TR/xhtml1/DTD/xhtml1-transitional.dtd">
<html xmlns="http://www.w3.org/1999/xhtml" xml:lang="en" lang="en">
 <head>
  <title>
</title>
<meta http-equiv="Content-Type" content="text/html;charset=utf-8" />
  <meta name='ocr-system' content='tesseract 3.04.00' />
  <meta name='ocr-capabilities' content='ocr_page ocr_carea ocr_par ocr_line ocrx_word'/>
</head>
<body>
  <div class='ocr_page' id='page_1' title='image "./operahey04virguoft_0340.png"; bbox 0 0 1414 2435; ppageno 0'>
   <div class='ocr_carea' id='block_1_1' title="bbox 104 69 1311 1244">
    <p class='ocr_par' dir='ltr' id='par_1_1' title="bbox 110 69 830 108">
     <span class='ocr_line' id='line_1_1' title="bbox 110 69 830 108; baseline -0.003 -8"><span class='ocrx_word' id='word_1_1' title='bbox 110 69 175 108; x_wconf 83' lang='lat'>330</span> <span class='ocrx_word' id='word_1_2' title='bbox 572 69 790 101; x_wconf 80' lang='lat' dir='ltr'>EXCURSUS</span> <span class='ocrx_word' id='word_1_3' title='bbox 815 69 830 98; x_wconf 93' lang='grc' dir='ltr'>Ι</span> 
     </span>
    </p>

    <p class='ocr_par' dir='ltr' id='par_1_2' title="bbox 104 124 1307 439">
     <span class='ocr_line' id='line_1_2' title="bbox 104 124 1300 169; baseline -0.004 -10"><span class='ocrx_word' id='word_1_4' title='bbox 104 129 215 159; x_wconf 85' lang='lat' dir='ltr'>saltem</span> <span class='ocrx_word' id='word_1_5' title='bbox 230 127 328 159; x_wconf 77' lang='lat' dir='ltr'>fidem</span> <span class='ocrx_word' id='word_1_6' title='bbox 339 150 347 166; x_wconf 92' lang='lat'>‚</span> <span class='ocrx_word' id='word_1_7' title='bbox 365 137 445 168; x_wconf 88' lang='lat' dir='ltr'>quos</span> <span class='ocrx_word' id='word_1_8' title='bbox 466 127 564 159; x_wconf 87' lang='lat' dir='ltr'>homo</span> <span class='ocrx_word' id='word_1_9' title='bbox 590 129 767 169; x_wconf 83' lang='lat' dir='ltr'><strong>exscripsit.</strong></span> <span class='ocrx_word' id='word_1_10' title='bbox 790 125 882 159; x_wconf 85' lang='lat' dir='ltr'>Conf.</span> <span class='ocrx_word' id='word_1_11' title='bbox 902 126 1037 166; x_wconf 73' lang='lat' dir='ltr'>Dionys.</span> <span class='ocrx_word' id='word_1_12' title='bbox 1059 125 1073 153; x_wconf 96' lang='lat' dir='ltr'>I</span> <span class='ocrx_word' id='word_1_13' title='bbox 1086 146 1094 161; x_wconf 95' lang='lat'>,</span> <span class='ocrx_word' id='word_1_14' title='bbox 1117 134 1132 162; x_wconf 84' lang='lat'>7</span> <span class='ocrx_word' id='word_1_15' title='bbox 1144 134 1170 154; x_wconf 86' lang='lat'>1.</span> <span class='ocrx_word' id='word_1_16' title='bbox 1185 124 1300 164; x_wconf 81' lang='lat' dir='ltr'>sisyn</span> 
     </span>
     <span class='ocr_line' id='line_1_3' title="bbox 111 177 1307 224; baseline -0.007 -10"><span class='ocrx_word' id='word_1_17' title='bbox 111 184 206 214; x_wconf 89' lang='lat' dir='ltr'>cellus</span> <span class='ocrx_word' id='word_1_18' title='bbox 219 195 252 224; x_wconf 94' lang='lat' dir='ltr'>p.</span> <span class='ocrx_word' id='word_1_19' title='bbox 274 194 310 222; x_wconf 89' lang='lat'>17</span> <span class='ocrx_word' id='word_1_20' title='bbox 321 193 333 212; x_wconf 92' lang='lat'>1</span> <span class='ocrx_word' id='word_1_21' title='bbox 351 184 376 213; x_wconf 90' lang='lat' dir='ltr'>B</span> <span class='ocrx_word' id='word_1_22' title='bbox 390 190 461 214; x_wconf 85' lang='lat' dir='ltr'>ante</span> <span class='ocrx_word' id='word_1_23' title='bbox 474 195 506 215; x_wconf 87' lang='lat' dir='ltr'>se</span> <span class='ocrx_word' id='word_1_24' title='bbox 521 183 634 214; x_wconf 84' lang='lat' dir='ltr'>habuit</span> <span class='ocrx_word' id='word_1_25' title='bbox 653 190 814 214; x_wconf 83' lang='lat' dir='ltr'>auctorem</span> <span class='ocrx_word' id='word_1_26' title='bbox 828 188 966 212; x_wconf 85' lang='lat' dir='ltr'>veterem</span> <span class='ocrx_word' id='word_1_27' title='bbox 988 189 1166 220; x_wconf 82' lang='lat' dir='ltr'>cognomen</span> <span class='ocrx_word' id='word_1_28' title='bbox 1181 177 1307 208; x_wconf 82' lang='lat' dir='ltr'>Albani</span> 
     </span>
     <span class='ocr_line' id='line_1_4' title="bbox 107 233 1305 278; baseline -0.005 -9"><span class='ocrx_word' id='word_1_29' title='bbox 107 241 170 276; x_wconf 81' lang='lat' dir='ltr'>jam</span> <span class='ocrx_word' id='word_1_30' title='bbox 180 240 333 268; x_wconf 88' lang='lat' dir='ltr'>Saturnus</span> <span class='ocrx_word' id='word_1_31' title='bbox 343 238 426 268; x_wconf 89' lang='lat' dir='ltr'>inter</span> <span class='ocrx_word' id='word_1_32' title='bbox 436 240 563 269; x_wconf 89' lang='lat' dir='ltr'>Latinos</span> <span class='ocrx_word' id='word_1_33' title='bbox 576 238 699 268; x_wconf 87' lang='lat' dir='ltr'>habuit.</span> <span class='ocrx_word' id='word_1_34' title='bbox 710 238 763 268; x_wconf 79' lang='lat' dir='ltr'>Ab</span> <span class='ocrx_word' id='word_1_35' title='bbox 776 237 859 268; x_wconf 85' lang='lat' dir='ltr'>Alba</span> <span class='ocrx_word' id='word_1_36' title='bbox 874 246 1003 278; x_wconf 88' lang='lat' dir='ltr'>quoque</span> <span class='ocrx_word' id='word_1_37' title='bbox 1011 259 1020 274; x_wconf 88' lang='lat'>,</span> <span class='ocrx_word' id='word_1_38' title='bbox 1037 242 1188 275; x_wconf 84' lang='lat' dir='ltr'>tanquam</span> <span class='ocrx_word' id='word_1_39' title='bbox 1201 233 1305 274; x_wconf 85' lang='lat' dir='ltr'>prisco</span> 
     </span>
     <span class='ocr_line' id='line_1_5' title="bbox 111 288 1306 333; baseline -0.006 -10"><span class='ocrx_word' id='word_1_40' title='bbox 111 292 233 323; x_wconf 85' lang='lat' dir='ltr'>Tiberis</span> <span class='ocrx_word' id='word_1_41' title='bbox 256 292 404 328; x_wconf 84' lang='lat' dir='ltr'>nomine,</span> <span class='ocrx_word' id='word_1_42' title='bbox 426 291 543 322; x_wconf 85' lang='lat' dir='ltr'>Albam</span> <span class='ocrx_word' id='word_1_43' title='bbox 567 294 724 333; x_wconf 88' lang='lat' dir='ltr'>Longam,</span> <span class='ocrx_word' id='word_1_44' title='bbox 742 292 799 321; x_wconf 83' lang='lat' dir='ltr'>etsi</span> <span class='ocrx_word' id='word_1_45' title='bbox 817 291 890 320; x_wconf 85' lang='lat' dir='ltr'>satis</span> <span class='ocrx_word' id='word_1_46' title='bbox 909 290 1004 331; x_wconf 83' lang='lat' dir='ltr'>longe</span> <span class='ocrx_word' id='word_1_47' title='bbox 1027 298 1043 318; x_wconf 89' lang='lat' dir='ltr'>a</span> <span class='ocrx_word' id='word_1_48' title='bbox 1066 288 1175 319; x_wconf 84' lang='lat' dir='ltr'><strong>Tiberi</strong></span> <span class='ocrx_word' id='word_1_49' title='bbox 1201 296 1306 317; x_wconf 87' lang='lat' dir='ltr'>remo-</span> 
     </span>
     <span class='ocr_line' id='line_1_6' title="bbox 112 339 1307 386; baseline -0.004 -12"><span class='ocrx_word' id='word_1_50' title='bbox 112 351 191 381; x_wconf 83' lang='lat' dir='ltr'>tam,</span> <span class='ocrx_word' id='word_1_51' title='bbox 212 354 331 374; x_wconf 89' lang='lat' dir='ltr'>nomen</span> <span class='ocrx_word' id='word_1_52' title='bbox 352 345 506 386; x_wconf 83' lang='lat' dir='ltr'>accepisse</span> <span class='ocrx_word' id='word_1_53' title='bbox 528 343 724 374; x_wconf 84' lang='lat' dir='ltr'>tradiderant</span> <span class='ocrx_word' id='word_1_54' title='bbox 746 343 914 381; x_wconf 89' lang='lat' dir='ltr'>nonnulli,</span> <span class='ocrx_word' id='word_1_55' title='bbox 932 350 969 373; x_wconf 89' lang='lat' dir='ltr'>ut</span> <span class='ocrx_word' id='word_1_56' title='bbox 983 353 1024 373; x_wconf 82' lang='lat' dir='ltr'>ex</span> <span class='ocrx_word' id='word_1_57' title='bbox 1039 341 1184 371; x_wconf 88' lang='lat' dir='ltr'>Diodoro</span> <span class='ocrx_word' id='word_1_58' title='bbox 1200 339 1307 371; x_wconf 89' lang='lat' dir='ltr'>Siculo</span> 
     </span>
     <span class='ocr_line' id='line_1_7' title="bbox 112 398 599 439; baseline 0.004 -10"><span class='ocrx_word' id='word_1_59' title='bbox 112 398 278 439; x_wconf 79' lang='lat' dir='ltr'>Syncellus</span> <span class='ocrx_word' id='word_1_60' title='bbox 290 409 323 439; x_wconf 87' lang='lat' dir='ltr'>p.</span> <span class='ocrx_word' id='word_1_61' title='bbox 350 404 412 439; x_wconf 72' lang='lat'>194</span> <span class='ocrx_word' id='word_1_62' title='bbox 426 400 452 430; x_wconf 92' lang='lat' dir='ltr'>C</span> <span class='ocrx_word' id='word_1_63' title='bbox 466 399 599 431; x_wconf 78' lang='lat' dir='ltr'>notavit.</span> 
     </span>
    </p>

    <p class='ocr_par' dir='ltr' id='par_1_3' title="bbox 107 451 1311 1083">
     <span class='ocr_line' id='line_1_8' title="bbox 155 451 1307 494; baseline 0 -14"><span class='ocrx_word' id='word_1_64' title='bbox 155 451 313 490; x_wconf 85' lang='lat' dir='ltr'>Tandem,</span> <span class='ocrx_word' id='word_1_65' title='bbox 329 459 366 482; x_wconf 90' lang='lat' dir='ltr'>ut</span> <span class='ocrx_word' id='word_1_66' title='bbox 387 454 550 494; x_wconf 81' lang='lat' dir='ltr'>superiora</span> <span class='ocrx_word' id='word_1_67' title='bbox 571 453 696 483; x_wconf 88' lang='lat' dir='ltr'>facilius</span> <span class='ocrx_word' id='word_1_68' title='bbox 711 454 816 483; x_wconf 86' lang='lat' dir='ltr'>animo</span> <span class='ocrx_word' id='word_1_69' title='bbox 839 451 1107 492; x_wconf 84' lang='lat' dir='ltr'>comprehendere</span> <span class='ocrx_word' id='word_1_70' title='bbox 1125 451 1232 487; x_wconf 84' lang='lat' dir='ltr'>liceat,</span> <span class='ocrx_word' id='word_1_71' title='bbox 1256 457 1307 480; x_wconf 87' lang='lat' dir='ltr'>ut-</span> 
     </span>
     <span class='ocr_line' id='line_1_9' title="bbox 109 502 1308 546; baseline -0.001 -12"><span class='ocrx_word' id='word_1_72' title='bbox 109 515 170 545; x_wconf 87' lang='lat' dir='ltr'>que</span> <span class='ocrx_word' id='word_1_73' title='bbox 184 513 388 546; x_wconf 81' lang='lat' dir='ltr'>pertexamus</span> <span class='ocrx_word' id='word_1_74' title='bbox 406 517 564 537; x_wconf 90' lang='lat' dir='ltr'>annorum</span> <span class='ocrx_word' id='word_1_75' title='bbox 577 508 760 537; x_wconf 84' lang='lat' dir='ltr'>inchoatam</span> <span class='ocrx_word' id='word_1_76' title='bbox 775 507 901 542; x_wconf 87' lang='lat' dir='ltr'>seriem,</span> <span class='ocrx_word' id='word_1_77' title='bbox 923 505 1033 546; x_wconf 85' lang='lat' dir='ltr'>paucis</span> <span class='ocrx_word' id='word_1_78' title='bbox 1047 506 1224 535; x_wconf 85' lang='lat' dir='ltr'>notationes</span> <span class='ocrx_word' id='word_1_79' title='bbox 1237 502 1308 534; x_wconf 81' lang='lat' dir='ltr'>sub-</span> 
     </span>
     <span class='ocr_line' id='line_1_10' title="bbox 107 558 1308 600; baseline 0 -14"><span class='ocrx_word' id='word_1_80' title='bbox 107 558 252 595; x_wconf 84' lang='lat' dir='ltr'>jiciemus</span> <span class='ocrx_word' id='word_1_81' title='bbox 266 565 463 599; x_wconf 87' lang='lat' dir='ltr'>temporum,</span> <span class='ocrx_word' id='word_1_82' title='bbox 483 559 522 589; x_wconf 90' lang='lat' dir='ltr'>ad</span> <span class='ocrx_word' id='word_1_83' title='bbox 535 571 606 600; x_wconf 86' lang='lat' dir='ltr'>quae</span> <span class='ocrx_word' id='word_1_84' title='bbox 623 571 672 589; x_wconf 85' lang='lat' dir='ltr'>res</span> <span class='ocrx_word' id='word_1_85' title='bbox 684 561 752 590; x_wconf 76' lang='lat' dir='ltr'>istae</span> <span class='ocrx_word' id='word_1_86' title='bbox 770 560 913 590; x_wconf 78' lang='lat' dir='ltr'>revocari</span> <span class='ocrx_word' id='word_1_87' title='bbox 930 559 1044 589; x_wconf 87' lang='lat' dir='ltr'>solent.</span> <span class='ocrx_word' id='word_1_88' title='bbox 1060 558 1202 590; x_wconf 88' lang='lat' dir='ltr'>Omnino</span> <span class='ocrx_word' id='word_1_89' title='bbox 1218 563 1308 587; x_wconf 70' lang='lat' dir='ltr'>nota-</span> 
     </span>
     <span class='ocr_line' id='line_1_11' title="bbox 110 611 1309 655; baseline 0.001 -15"><span class='ocrx_word' id='word_1_90' title='bbox 110 612 212 641; x_wconf 80' lang='lat' dir='ltr'>tiones</span> <span class='ocrx_word' id='word_1_91' title='bbox 229 612 297 642; x_wconf 89' lang='lat' dir='ltr'>illas</span> <span class='ocrx_word' id='word_1_92' title='bbox 311 615 519 654; x_wconf 88' lang='lat' dir='ltr'>scriptorum,</span> <span class='ocrx_word' id='word_1_93' title='bbox 535 615 592 654; x_wconf 92' lang='lat' dir='ltr'>qui</span> <span class='ocrx_word' id='word_1_94' title='bbox 608 614 716 643; x_wconf 82' lang='lat' dir='ltr'>multis</span> <span class='ocrx_word' id='word_1_95' title='bbox 731 621 804 655; x_wconf 91' lang='lat' dir='ltr'>post</span> <span class='ocrx_word' id='word_1_96' title='bbox 819 613 942 643; x_wconf 84' lang='lat' dir='ltr'>saeculis</span> <span class='ocrx_word' id='word_1_97' title='bbox 960 613 1104 653; x_wconf 84' lang='lat' dir='ltr'>antiquas</span> <span class='ocrx_word' id='word_1_98' title='bbox 1119 622 1167 642; x_wconf 91' lang='lat' dir='ltr'>res</span> <span class='ocrx_word' id='word_1_99' title='bbox 1190 611 1309 642; x_wconf 89' lang='lat' dir='ltr'>consti-</span> 
     </span>
     <span class='ocr_line' id='line_1_12' title="bbox 114 666 1308 709; baseline 0 -14"><span class='ocrx_word' id='word_1_100' title='bbox 114 672 200 696; x_wconf 80' lang='lat' dir='ltr'>tuere</span> <span class='ocrx_word' id='word_1_101' title='bbox 216 672 248 695; x_wconf 87' lang='lat' dir='ltr'>et</span> <span class='ocrx_word' id='word_1_102' title='bbox 267 667 357 696; x_wconf 86' lang='lat' dir='ltr'>annis</span> <span class='ocrx_word' id='word_1_103' title='bbox 379 666 474 697; x_wconf 87' lang='lat' dir='ltr'>finire</span> <span class='ocrx_word' id='word_1_104' title='bbox 488 668 677 705; x_wconf 89' lang='lat' dir='ltr'>voluerunt,</span> <span class='ocrx_word' id='word_1_105' title='bbox 694 679 790 709; x_wconf 90' lang='lat' dir='ltr'>opera</span> <span class='ocrx_word' id='word_1_106' title='bbox 811 668 907 697; x_wconf 86' lang='lat' dir='ltr'>factas</span> <span class='ocrx_word' id='word_1_107' title='bbox 929 677 994 697; x_wconf 86' lang='lat' dir='ltr'>esse</span> <span class='ocrx_word' id='word_1_108' title='bbox 1011 666 1215 696; x_wconf 87' lang='lat' dir='ltr'>statuendum</span> <span class='ocrx_word' id='word_1_109' title='bbox 1237 672 1284 696; x_wconf 89' lang='lat' dir='ltr'>est</span> <span class='ocrx_word' id='word_1_110' title='bbox 1300 675 1308 695; x_wconf 92' lang='lat'>:</span> 
     </span>
     <span class='ocr_line' id='line_1_13' title="bbox 114 709 1309 762; baseline 0.001 -13"><span class='ocrx_word' id='word_1_111' title='bbox 114 730 186 749; x_wconf 90' lang='lat' dir='ltr'>nam</span> <span class='ocrx_word' id='word_1_112' title='bbox 203 709 389 762; x_wconf 51' lang='lat' dir='ltr'>meffo‘soro&#39;t</span> <span class='ocrx_word' id='word_1_113' title='bbox 405 722 474 758; x_wconf 89' lang='lat' dir='ltr'>illa,</span> <span class='ocrx_word' id='word_1_114' title='bbox 498 728 528 751; x_wconf 86' lang='lat' dir='ltr'>et</span> <span class='ocrx_word' id='word_1_115' title='bbox 551 733 608 762; x_wconf 90' lang='lat' dir='ltr'>per</span> <span class='ocrx_word' id='word_1_116' title='bbox 623 722 743 762; x_wconf 77' lang='lat' dir='ltr'>aliquot</span> <span class='ocrx_word' id='word_1_117' title='bbox 769 722 960 751; x_wconf 61' lang='lat' dir='ltr'>saeculorum</span> <span class='ocrx_word' id='word_1_118' title='bbox 986 721 1157 751; x_wconf 86' lang='lat' dir='ltr'>decursum</span> <span class='ocrx_word' id='word_1_119' title='bbox 1181 727 1309 761; x_wconf 88' lang='lat' dir='ltr'>patrum</span> 
     </span>
     <span class='ocr_line' id='line_1_14' title="bbox 112 773 1309 815; baseline 0 -12"><span class='ocrx_word' id='word_1_120' title='bbox 112 774 291 804; x_wconf 82' lang='lat' dir='ltr'>narratione</span> <span class='ocrx_word' id='word_1_121' title='bbox 307 773 346 803; x_wconf 86' lang='lat' dir='ltr'>ad</span> <span class='ocrx_word' id='word_1_122' title='bbox 363 775 577 814; x_wconf 83' lang='lat' dir='ltr'>posteritatem</span> <span class='ocrx_word' id='word_1_123' title='bbox 592 775 773 804; x_wconf 83' lang='lat' dir='ltr'>transmissa</span> <span class='ocrx_word' id='word_1_124' title='bbox 783 797 791 811; x_wconf 93' lang='lat'>,</span> <span class='ocrx_word' id='word_1_125' title='bbox 809 781 840 804; x_wconf 81' lang='lat' dir='ltr'>et</span> <span class='ocrx_word' id='word_1_126' title='bbox 854 782 985 815; x_wconf 85' lang='lat' dir='ltr'>propter</span> <span class='ocrx_word' id='word_1_127' title='bbox 996 775 1059 804; x_wconf 91' lang='lat' dir='ltr'>hoc</span> <span class='ocrx_word' id='word_1_128' title='bbox 1076 776 1180 815; x_wconf 84' lang='lat' dir='ltr'>ipsum</span> <span class='ocrx_word' id='word_1_129' title='bbox 1193 776 1229 804; x_wconf 86' lang='lat' dir='ltr'>in</span> <span class='ocrx_word' id='word_1_130' title='bbox 1245 781 1309 804; x_wconf 87' lang='lat' dir='ltr'>tam</span> 
     </span>
     <span class='ocr_line' id='line_1_15' title="bbox 114 826 1310 867; baseline 0 -11"><span class='ocrx_word' id='word_1_131' title='bbox 114 826 220 856; x_wconf 86' lang='lat' dir='ltr'>multis</span> <span class='ocrx_word' id='word_1_132' title='bbox 235 826 368 864; x_wconf 80' lang='lat' dir='ltr'>variata,</span> <span class='ocrx_word' id='word_1_133' title='bbox 383 827 439 856; x_wconf 78' lang='lat' dir='ltr'>vix</span> <span class='ocrx_word' id='word_1_134' title='bbox 454 827 543 856; x_wconf 82' lang='lat' dir='ltr'>annis</span> <span class='ocrx_word' id='word_1_135' title='bbox 561 828 626 857; x_wconf 88' lang='lat' dir='ltr'>suis</span> <span class='ocrx_word' id='word_1_136' title='bbox 643 833 705 856; x_wconf 89' lang='lat' dir='ltr'>tam</span> <span class='ocrx_word' id='word_1_137' title='bbox 727 833 872 856; x_wconf 88' lang='lat' dir='ltr'>accurate</span> <span class='ocrx_word' id='word_1_138' title='bbox 890 826 1011 867; x_wconf 82' lang='lat' dir='ltr'>alligari</span> <span class='ocrx_word' id='word_1_139' title='bbox 1024 828 1089 865; x_wconf 89' lang='lat' dir='ltr'>jam</span> <span class='ocrx_word' id='word_1_140' title='bbox 1104 835 1180 856; x_wconf 65' lang='lat' dir='ltr'>tum⁴</span> <span class='ocrx_word' id='word_1_141' title='bbox 1196 834 1310 866; x_wconf 86' lang='lat' dir='ltr'>potue-</span> 
     </span>
     <span class='ocr_line' id='line_1_16' title="bbox 111 879 1308 920; baseline 0.002 -12"><span class='ocrx_word' id='word_1_142' title='bbox 111 890 164 916; x_wconf 89' lang='lat' dir='ltr'>re,</span> <span class='ocrx_word' id='word_1_143' title='bbox 189 889 290 920; x_wconf 85' lang='lat' dir='ltr'>quum</span> <span class='ocrx_word' id='word_1_144' title='bbox 308 881 448 920; x_wconf 87' lang='lat' dir='ltr'>primum</span> <span class='ocrx_word' id='word_1_145' title='bbox 473 890 489 909; x_wconf 85' lang='lat' dir='ltr'>a</span> <span class='ocrx_word' id='word_1_146' title='bbox 505 881 616 920; x_wconf 88' lang='lat' dir='ltr'>priscis</span> <span class='ocrx_word' id='word_1_147' title='bbox 638 879 823 910; x_wconf 88' lang='lat' dir='ltr'>hominibus</span> <span class='ocrx_word' id='word_1_148' title='bbox 845 885 969 909; x_wconf 86' lang='lat' dir='ltr'>narrata</span> <span class='ocrx_word' id='word_1_149' title='bbox 993 885 1083 916; x_wconf 82' lang='lat' dir='ltr'>sunt3</span> <span class='ocrx_word' id='word_1_150' title='bbox 1107 889 1209 919; x_wconf 88' lang='lat' dir='ltr'>neque</span> <span class='ocrx_word' id='word_1_151' title='bbox 1231 879 1308 910; x_wconf 79' lang='lat' dir='ltr'>adeo</span> 
     </span>
     <span class='ocr_line' id='line_1_17' title="bbox 112 932 1309 974; baseline 0.002 -13"><span class='ocrx_word' id='word_1_152' title='bbox 112 933 221 962; x_wconf 85' lang='lat' dir='ltr'>mirari</span> <span class='ocrx_word' id='word_1_153' title='bbox 241 933 411 970; x_wconf 88' lang='lat' dir='ltr'>dehemus,</span> <span class='ocrx_word' id='word_1_154' title='bbox 434 934 460 962; x_wconf 88' lang='lat' dir='ltr'>si</span> <span class='ocrx_word' id='word_1_155' title='bbox 478 933 536 963; x_wconf 89' lang='lat' dir='ltr'>hos</span> <span class='ocrx_word' id='word_1_156' title='bbox 557 935 641 974; x_wconf 89' lang='lat' dir='ltr'>ipsos</span> <span class='ocrx_word' id='word_1_157' title='bbox 666 944 766 963; x_wconf 84' lang='lat' dir='ltr'>annos</span> <span class='ocrx_word' id='word_1_158' title='bbox 789 933 966 963; x_wconf 87' lang='lat' dir='ltr'>fluctuante</span> <span class='ocrx_word' id='word_1_159' title='bbox 994 932 1167 963; x_wconf 89' lang='lat' dir='ltr'>admodum</span> <span class='ocrx_word' id='word_1_160' title='bbox 1189 932 1253 964; x_wconf 84' lang='lat' dir='ltr'>fide</span> <span class='ocrx_word' id='word_1_161' title='bbox 1278 942 1309 964; x_wconf 90' lang='lat' dir='ltr'>et</span> 
     </span>
     <span class='ocr_line' id='line_1_18' title="bbox 115 987 1311 1019; baseline 0.003 -4"><span class='ocrx_word' id='word_1_162' title='bbox 115 988 302 1017; x_wconf 84' lang='lat' dir='ltr'>auctoritate</span> <span class='ocrx_word' id='word_1_163' title='bbox 320 989 509 1017; x_wconf 85' lang='lat' dir='ltr'>constitutos</span> <span class='ocrx_word' id='word_1_164' title='bbox 532 987 714 1018; x_wconf 76' lang='lat' dir='ltr'>viderimus.</span> <span class='ocrx_word' id='word_1_165' title='bbox 736 989 835 1018; x_wconf 78' lang='lat' dir='ltr'>Juvat</span> <span class='ocrx_word' id='word_1_166' title='bbox 853 994 958 1017; x_wconf 88' lang='lat' dir='ltr'>tamen</span> <span class='ocrx_word' id='word_1_167' title='bbox 981 989 1119 1018; x_wconf 88' lang='lat' dir='ltr'>rationes</span> <span class='ocrx_word' id='word_1_168' title='bbox 1142 999 1178 1018; x_wconf 83' lang='lat' dir='ltr'>ac</span> <span class='ocrx_word' id='word_1_169' title='bbox 1197 989 1311 1019; x_wconf 86' lang='lat' dir='ltr'>modos</span> 
     </span>
     <span class='ocr_line' id='line_1_19' title="bbox 117 1039 1262 1083; baseline 0.003 -14"><span class='ocrx_word' id='word_1_170' title='bbox 117 1041 281 1080; x_wconf 89' lang='lat' dir='ltr'>persequi,</span> <span class='ocrx_word' id='word_1_171' title='bbox 301 1041 416 1082; x_wconf 84' lang='lat' dir='ltr'>quibus</span> <span class='ocrx_word' id='word_1_172' title='bbox 431 1039 498 1070; x_wconf 77' lang='lat' dir='ltr'>haec</span> <span class='ocrx_word' id='word_1_173' title='bbox 513 1040 639 1083; x_wconf 82' lang='lat' dir='ltr'>digessit</span> <span class='ocrx_word' id='word_1_174' title='bbox 655 1041 858 1070; x_wconf 85' lang='lat' dir='ltr'>subtiliorum</span> <span class='ocrx_word' id='word_1_175' title='bbox 877 1043 1071 1081; x_wconf 90' lang='lat' dir='ltr'>scriptorum</span> <span class='ocrx_word' id='word_1_176' title='bbox 1087 1040 1262 1081; x_wconf 74' lang='lat' dir='ltr'>diligentia.</span> 
     </span>
    </p>

    <p class='ocr_par' dir='ltr' id='par_1_4' title="bbox 115 1094 1311 1244">
     <span class='ocr_line' id='line_1_20' title="bbox 162 1094 1310 1136; baseline 0.003 -13"><span class='ocrx_word' id='word_1_177' title='bbox 162 1095 249 1124; x_wconf 87' lang='lat' dir='ltr'>Inter</span> <span class='ocrx_word' id='word_1_178' title='bbox 269 1094 336 1124; x_wconf 81' lang='lat' dir='ltr'>haec</span> <span class='ocrx_word' id='word_1_179' title='bbox 354 1094 542 1133; x_wconf 88' lang='lat' dir='ltr'>tenendum,</span> <span class='ocrx_word' id='word_1_180' title='bbox 566 1094 653 1136; x_wconf 81' lang='lat' dir='ltr'>quod</span> <span class='ocrx_word' id='word_1_181' title='bbox 671 1096 840 1135; x_wconf 83' lang='lat' dir='ltr'>scriptores</span> <span class='ocrx_word' id='word_1_182' title='bbox 856 1096 949 1125; x_wconf 90' lang='lat' dir='ltr'>tertio</span> <span class='ocrx_word' id='word_1_183' title='bbox 969 1095 1008 1124; x_wconf 89' lang='lat' dir='ltr'>ab</span> <span class='ocrx_word' id='word_1_184' title='bbox 1024 1096 1131 1125; x_wconf 75' lang='lat' dir='ltr'>exciso</span> <span class='ocrx_word' id='word_1_185' title='bbox 1148 1095 1209 1125; x_wconf 88' lang='lat' dir='ltr'>Ilio</span> <span class='ocrx_word' id='word_1_186' title='bbox 1226 1106 1310 1126; x_wconf 86' lang='lat' dir='ltr'>anno</span> 
     </span>
     <span class='ocr_line' id='line_1_21' title="bbox 115 1146 1311 1192; baseline 0.004 -17"><span class='ocrx_word' id='word_1_187' title='bbox 115 1146 235 1176; x_wconf 85' lang='lat' dir='ltr'>factum</span> <span class='ocrx_word' id='word_1_188' title='bbox 249 1148 354 1186; x_wconf 85' lang='lat' dir='ltr'>aiunt,</span> <span class='ocrx_word' id='word_1_189' title='bbox 368 1155 405 1179; x_wconf 88' lang='lat' dir='ltr'>ut</span> <span class='ocrx_word' id='word_1_190' title='bbox 423 1151 534 1180; x_wconf 84' lang='lat' dir='ltr'>AEneas</span> <span class='ocrx_word' id='word_1_191' title='bbox 548 1148 587 1179; x_wconf 83' lang='lat' dir='ltr'>ad</span> <span class='ocrx_word' id='word_1_192' title='bbox 601 1149 723 1179; x_wconf 83' lang='lat' dir='ltr'>Italiam</span> <span class='ocrx_word' id='word_1_193' title='bbox 736 1149 912 1187; x_wconf 87' lang='lat' dir='ltr'>accesserit,</span> <span class='ocrx_word' id='word_1_194' title='bbox 929 1148 992 1180; x_wconf 88' lang='lat' dir='ltr'>hoc</span> <span class='ocrx_word' id='word_1_195' title='bbox 1003 1149 1174 1191; x_wconf 82' lang='lat' dir='ltr'>Virgilium</span> <span class='ocrx_word' id='word_1_196' title='bbox 1189 1149 1224 1179; x_wconf 84' lang='lat' dir='ltr'>in</span> <span class='ocrx_word' id='word_1_197' title='bbox 1239 1160 1311 1192; x_wconf 83' lang='lat' dir='ltr'>sep-</span> 
     </span>
     <span class='ocr_line' id='line_1_22' title="bbox 116 1201 511 1244; baseline 0.013 -15"><span class='ocrx_word' id='word_1_198' title='bbox 116 1201 234 1231; x_wconf 89' lang='lat' dir='ltr'>timum</span> <span class='ocrx_word' id='word_1_199' title='bbox 249 1202 385 1240; x_wconf 84' lang='lat' dir='ltr'>rejicere.</span> <span class='ocrx_word' id='word_1_200' title='bbox 400 1204 511 1244; x_wconf 87' lang='lat' dir='ltr'>Itaque</span> 
     </span>
    </p>
   </div>
   <div class='ocr_carea' id='block_1_2' title="bbox 419 1260 1009 1301">
    <p class='ocr_par' dir='ltr' id='par_1_5' title="bbox 419 1260 1009 1301">
     <span class='ocr_line' id='line_1_23' title="bbox 419 1260 1009 1301; baseline 0.008 -13"><span class='ocrx_word' id='word_1_201' title='bbox 419 1268 445 1289; x_wconf 86' lang='lat' dir='ltr'>a.</span> <span class='ocrx_word' id='word_1_202' title='bbox 460 1260 495 1290; x_wconf 94' lang='lat' dir='ltr'>C.</span> <span class='ocrx_word' id='word_1_203' title='bbox 510 1260 551 1291; x_wconf 86' lang='lat' dir='ltr'>N.</span> <span class='ocrx_word' id='word_1_204' title='bbox 573 1260 675 1299; x_wconf 80' lang='lat'>1178,</span> <span class='ocrx_word' id='word_1_205' title='bbox 695 1271 840 1292; x_wconf 89' lang='lat' dir='ltr'>errorum</span> <span class='ocrx_word' id='word_1_206' title='bbox 854 1263 960 1293; x_wconf 80' lang='lat' dir='ltr'>AEueae</span> <span class='ocrx_word' id='word_1_207' title='bbox 978 1271 1009 1301; x_wconf 79' lang='lat'>7,</span> 
     </span>
    </p>
   </div>
   <div class='ocr_carea' id='block_1_3' title="bbox 112 1320 1314 1688">
    <p class='ocr_par' dir='ltr' id='par_1_6' title="bbox 112 1320 1314 1688">
     <span class='ocr_line' id='line_1_24' title="bbox 116 1320 1312 1368; baseline 0.007 -18"><span class='ocrx_word' id='word_1_208' title='bbox 116 1320 176 1350; x_wconf 86' lang='lat' dir='ltr'>sub</span> <span class='ocrx_word' id='word_1_209' title='bbox 201 1323 315 1352; x_wconf 77' lang='lat' dir='ltr'>aestatis</span> <span class='ocrx_word' id='word_1_210' title='bbox 336 1324 473 1363; x_wconf 81' lang='lat' dir='ltr'>exitum,</span> <span class='ocrx_word' id='word_1_211' title='bbox 498 1325 537 1355; x_wconf 91' lang='lat' dir='ltr'>ad</span> <span class='ocrx_word' id='word_1_212' title='bbox 553 1326 678 1368; x_wconf 80' lang='lat' dir='ltr'>Virgilii</span> <span class='ocrx_word' id='word_1_213' title='bbox 701 1334 855 1365; x_wconf 83' lang='lat' dir='ltr'>mentem,</span> <span class='ocrx_word' id='word_1_214' title='bbox 873 1329 1003 1367; x_wconf 81' lang='lat' dir='ltr'>Trojani</span> <span class='ocrx_word' id='word_1_215' title='bbox 1021 1327 1150 1358; x_wconf 79' lang='lat' dir='ltr'>classem</span> <span class='ocrx_word' id='word_1_216' title='bbox 1171 1326 1210 1357; x_wconf 90' lang='lat' dir='ltr'>ad</span> <span class='ocrx_word' id='word_1_217' title='bbox 1230 1328 1312 1358; x_wconf 86' lang='lat' dir='ltr'>Lan-</span> 
     </span>
     <span class='ocr_line' id='line_1_25' title="bbox 117 1378 1310 1420; baseline 0.006 -15"><span class='ocrx_word' id='word_1_218' title='bbox 117 1382 245 1406; x_wconf 89' lang='lat' dir='ltr'>rentum</span> <span class='ocrx_word' id='word_1_219' title='bbox 267 1378 452 1417; x_wconf 85' lang='lat' dir='ltr'>appellunt:</span> <span class='ocrx_word' id='word_1_220' title='bbox 471 1390 600 1411; x_wconf 84' lang='lat' dir='ltr'>escensu</span> <span class='ocrx_word' id='word_1_221' title='bbox 621 1381 704 1411; x_wconf 84' lang='lat' dir='ltr'>facto</span> <span class='ocrx_word' id='word_1_222' title='bbox 720 1383 816 1420; x_wconf 87' lang='lat' dir='ltr'>Troja</span> <span class='ocrx_word' id='word_1_223' title='bbox 834 1392 919 1412; x_wconf 84' lang='lat' dir='ltr'>nova</span> <span class='ocrx_word' id='word_1_224' title='bbox 937 1383 1082 1412; x_wconf 86' lang='lat' dir='ltr'>munitur</span> <span class='ocrx_word' id='word_1_225' title='bbox 1097 1391 1104 1413; x_wconf 90' lang='lat'>:</span> <span class='ocrx_word' id='word_1_226' title='bbox 1117 1381 1220 1411; x_wconf 75' lang='lat' dir='ltr'>foedus</span> <span class='ocrx_word' id='word_1_227' title='bbox 1237 1392 1310 1412; x_wconf 89' lang='lat' dir='ltr'>cum</span> 
     </span>
     <span class='ocr_line' id='line_1_26' title="bbox 115 1431 1314 1478; baseline 0.006 -19"><span class='ocrx_word' id='word_1_228' title='bbox 115 1431 227 1460; x_wconf 87' lang='lat' dir='ltr'>Latino</span> <span class='ocrx_word' id='word_1_229' title='bbox 241 1431 357 1461; x_wconf 81' lang='lat' dir='ltr'>sactum</span> <span class='ocrx_word' id='word_1_230' title='bbox 373 1435 546 1473; x_wconf 87' lang='lat' dir='ltr'>repentinis</span> <span class='ocrx_word' id='word_1_231' title='bbox 563 1436 741 1466; x_wconf 87' lang='lat' dir='ltr'>animorum</span> <span class='ocrx_word' id='word_1_232' title='bbox 757 1436 923 1467; x_wconf 86' lang='lat' dir='ltr'>discordiis</span> <span class='ocrx_word' id='word_1_233' title='bbox 935 1438 1095 1478; x_wconf 88' lang='lat' dir='ltr'>rumpitur</span> <span class='ocrx_word' id='word_1_234' title='bbox 1108 1447 1116 1468; x_wconf 90' lang='lat'><strong>:</strong></span> <span class='ocrx_word' id='word_1_235' title='bbox 1130 1438 1233 1467; x_wconf 87' lang='lat' dir='ltr'>oritur</span> <span class='ocrx_word' id='word_1_236' title='bbox 1248 1436 1314 1466; x_wconf 82' lang='lat' dir='ltr'>hel-</span> 
     </span>
     <span class='ocr_line' id='line_1_27' title="bbox 115 1482 1313 1527; baseline 0.008 -16"><span class='ocrx_word' id='word_1_237' title='bbox 115 1482 184 1512; x_wconf 90' lang='lat' dir='ltr'>lum</span> <span class='ocrx_word' id='word_1_238' title='bbox 194 1505 202 1520; x_wconf 91' lang='lat'>‚</span> <span class='ocrx_word' id='word_1_239' title='bbox 219 1483 304 1524; x_wconf 92' lang='lat' dir='ltr'>quod</span> <span class='ocrx_word' id='word_1_240' title='bbox 319 1487 419 1515; x_wconf 90' lang='lat' dir='ltr'>Turni</span> <span class='ocrx_word' id='word_1_241' title='bbox 433 1487 516 1517; x_wconf 71' lang='lat' dir='ltr'>caede</span> <span class='ocrx_word' id='word_1_242' title='bbox 529 1489 611 1518; x_wconf 84' lang='lat' dir='ltr'>intra</span> <span class='ocrx_word' id='word_1_243' title='bbox 628 1491 744 1520; x_wconf 86' lang='lat' dir='ltr'>mensis</span> <span class='ocrx_word' id='word_1_244' title='bbox 761 1490 932 1520; x_wconf 88' lang='lat' dir='ltr'>decursum</span> <span class='ocrx_word' id='word_1_245' title='bbox 945 1488 1074 1527; x_wconf 82' lang='lat' dir='ltr'>finitur,</span> <span class='ocrx_word' id='word_1_246' title='bbox 1090 1497 1126 1519; x_wconf 86' lang='lat' dir='ltr'>nt</span> <span class='ocrx_word' id='word_1_247' title='bbox 1144 1489 1222 1520; x_wconf 88' lang='lat' dir='ltr'>adeo</span> <span class='ocrx_word' id='word_1_248' title='bbox 1234 1492 1313 1521; x_wconf 79' lang='lat' dir='ltr'>Tm-</span> 
     </span>
     <span class='ocr_line' id='line_1_28' title="bbox 112 1536 1310 1580; baseline 0.009 -15"><span class='ocrx_word' id='word_1_249' title='bbox 112 1536 178 1573; x_wconf 83' lang='lat' dir='ltr'>jani</span> <span class='ocrx_word' id='word_1_250' title='bbox 193 1537 322 1567; x_wconf 83' lang='lat' dir='ltr'>sedibus</span> <span class='ocrx_word' id='word_1_251' title='bbox 336 1539 370 1567; x_wconf 89' lang='lat' dir='ltr'>in</span> <span class='ocrx_word' id='word_1_252' title='bbox 384 1539 471 1569; x_wconf 86' lang='lat' dir='ltr'>Latio</span> <span class='ocrx_word' id='word_1_253' title='bbox 486 1541 621 1580; x_wconf 81' lang='lat' dir='ltr'>acceptis</span> <span class='ocrx_word' id='word_1_254' title='bbox 636 1540 674 1570; x_wconf 86' lang='lat' dir='ltr'>de</span> <span class='ocrx_word' id='word_1_255' title='bbox 690 1551 773 1571; x_wconf 73' lang='lat' dir='ltr'>nova</span> <span class='ocrx_word' id='word_1_256' title='bbox 789 1541 868 1570; x_wconf 85' lang='lat' dir='ltr'>urbe</span> <span class='ocrx_word' id='word_1_257' title='bbox 885 1543 1032 1579; x_wconf 79' lang='lat' dir='ltr'>Lavinio,</span> <span class='ocrx_word' id='word_1_258' title='bbox 1047 1553 1087 1572; x_wconf 83' lang='lat' dir='ltr'>ex</span> <span class='ocrx_word' id='word_1_259' title='bbox 1103 1543 1220 1573; x_wconf 84' lang='lat' dir='ltr'>foedere</span> <span class='ocrx_word' id='word_1_260' title='bbox 1233 1555 1310 1575; x_wconf 89' lang='lat' dir='ltr'>con-</span> 
     </span>
     <span class='ocr_line' id='line_1_29' title="bbox 114 1587 1308 1637; baseline 0.008 -20"><span class='ocrx_word' id='word_1_261' title='bbox 114 1587 217 1618; x_wconf 88' lang='lat' dir='ltr'>denda</span> <span class='ocrx_word' id='word_1_262' title='bbox 227 1611 236 1626; x_wconf 90' lang='lat'>,</span> <span class='ocrx_word' id='word_1_263' title='bbox 251 1591 389 1629; x_wconf 86' lang='lat' dir='ltr'>cogitare</span> <span class='ocrx_word' id='word_1_264' title='bbox 403 1592 465 1628; x_wconf 79' lang='lat' dir='ltr'>jam</span> <span class='ocrx_word' id='word_1_265' title='bbox 481 1598 546 1621; x_wconf 83' lang='lat' dir='ltr'>tum</span> <span class='ocrx_word' id='word_1_266' title='bbox 562 1600 700 1632; x_wconf 83' lang='lat' dir='ltr'>possent.</span> <span class='ocrx_word' id='word_1_267' title='bbox 714 1594 751 1622; x_wconf 92' lang='lat' dir='ltr'>In</span> <span class='ocrx_word' id='word_1_268' title='bbox 767 1593 829 1623; x_wconf 90' lang='lat' dir='ltr'>hoe</span> <span class='ocrx_word' id='word_1_269' title='bbox 845 1593 923 1623; x_wconf 89' lang='lat' dir='ltr'>adeo</span> <span class='ocrx_word' id='word_1_270' title='bbox 937 1595 1076 1625; x_wconf 80' lang='lat' dir='ltr'>AEneidis</span> <span class='ocrx_word' id='word_1_271' title='bbox 1088 1604 1308 1637; x_wconf 82' lang='lat' dir='ltr'>argumentum</span> 
     </span>
     <span class='ocr_line' id='line_1_30' title="bbox 116 1640 1138 1688; baseline 0.009 -18"><span class='ocrx_word' id='word_1_272' title='bbox 116 1640 238 1671; x_wconf 80' lang='lat' dir='ltr'>absolvi</span> <span class='ocrx_word' id='word_1_273' title='bbox 250 1642 400 1674; x_wconf 80' lang='lat' dir='ltr'>vidimus.</span> <span class='ocrx_word' id='word_1_274' title='bbox 419 1644 553 1685; x_wconf 85' lang='lat' dir='ltr'>Reliqua</span> <span class='ocrx_word' id='word_1_275' title='bbox 570 1656 625 1686; x_wconf 85' lang='lat' dir='ltr'>per</span> <span class='ocrx_word' id='word_1_276' title='bbox 641 1645 779 1686; x_wconf 84' lang='lat' dir='ltr'>episodia</span> <span class='ocrx_word' id='word_1_277' title='bbox 795 1647 910 1677; x_wconf 87' lang='lat' dir='ltr'>inserta</span> <span class='ocrx_word' id='word_1_278' title='bbox 926 1649 1039 1688; x_wconf 79' lang='lat' dir='ltr'>passim</span> <span class='ocrx_word' id='word_1_279' title='bbox 1052 1655 1138 1680; x_wconf 89' lang='lat' dir='ltr'>sunt.</span> 
     </span>
    </p>
   </div>
   <div class='ocr_carea' id='block_1_4' title="bbox 185 1710 1237 1751">
    <p class='ocr_par' dir='ltr' id='par_1_7' title="bbox 185 1710 1237 1751">
     <span class='ocr_line' id='line_1_31' title="bbox 185 1710 1237 1751; baseline 0.009 -12"><span class='ocrx_word' id='word_1_280' title='bbox 185 1719 212 1739; x_wconf 80' lang='lat' dir='ltr'>a.</span> <span class='ocrx_word' id='word_1_281' title='bbox 229 1710 264 1741; x_wconf 94' lang='lat' dir='ltr'>C.</span> <span class='ocrx_word' id='word_1_282' title='bbox 284 1711 324 1741; x_wconf 92' lang='lat' dir='ltr'>N.</span> <span class='ocrx_word' id='word_1_283' title='bbox 350 1721 361 1740; x_wconf 89' lang='lat'>1</span> <span class='ocrx_word' id='word_1_284' title='bbox 372 1721 447 1751; x_wconf 84' lang='lat'>177,</span> <span class='ocrx_word' id='word_1_285' title='bbox 463 1723 609 1743; x_wconf 86' lang='lat' dir='ltr'>errorum</span> <span class='ocrx_word' id='word_1_286' title='bbox 621 1716 727 1744; x_wconf 81' lang='lat' dir='ltr'>AEneae</span> <span class='ocrx_word' id='word_1_287' title='bbox 744 1714 762 1743; x_wconf 89' lang='lat'>8</span> <span class='ocrx_word' id='word_1_288' title='bbox 775 1737 783 1751; x_wconf 84' lang='lat'>‚</span> <span class='ocrx_word' id='word_1_289' title='bbox 799 1714 838 1744; x_wconf 82' lang='lat' dir='ltr'>ab</span> <span class='ocrx_word' id='word_1_290' title='bbox 855 1714 993 1746; x_wconf 84' lang='lat' dir='ltr'>adventu</span> <span class='ocrx_word' id='word_1_291' title='bbox 1011 1717 1046 1746; x_wconf 91' lang='lat' dir='ltr'>iu</span> <span class='ocrx_word' id='word_1_292' title='bbox 1069 1716 1191 1747; x_wconf 79' lang='lat' dir='ltr'>Italiam</span> <span class='ocrx_word' id='word_1_293' title='bbox 1207 1729 1237 1750; x_wconf 83' lang='lat' dir='ltr'>a.</span> 
     </span>
    </p>
   </div>
   <div class='ocr_carea' id='block_1_5' title="bbox 115 1776 1309 1879">
    <p class='ocr_par' dir='ltr' id='par_1_8' title="bbox 115 1776 1309 1879">
     <span class='ocr_line' id='line_1_32' title="bbox 162 1776 1309 1824; baseline 0.009 -17"><span class='ocrx_word' id='word_1_294' title='bbox 162 1776 243 1807; x_wconf 89' lang='lat' dir='ltr'>Solis</span> <span class='ocrx_word' id='word_1_295' title='bbox 256 1778 401 1817; x_wconf 85' lang='lat' dir='ltr'>Trojanis</span> <span class='ocrx_word' id='word_1_296' title='bbox 414 1779 547 1820; x_wconf 82' lang='lat' dir='ltr'>imperat</span> <span class='ocrx_word' id='word_1_297' title='bbox 561 1783 689 1818; x_wconf 78' lang='lat' dir='ltr'>AEueaS‚</span> <span class='ocrx_word' id='word_1_298' title='bbox 703 1781 741 1811; x_wconf 89' lang='lat' dir='ltr'>ad</span> <span class='ocrx_word' id='word_1_299' title='bbox 755 1783 902 1824; x_wconf 74' lang='lat' dir='ltr'>Dionysii</span> <span class='ocrx_word' id='word_1_300' title='bbox 918 1790 1054 1814; x_wconf 80' lang='lat' dir='ltr'>mentem</span> <span class='ocrx_word' id='word_1_301' title='bbox 1069 1784 1090 1816; x_wconf 92' lang='lat' dir='ltr'>l.</span> <span class='ocrx_word' id='word_1_302' title='bbox 1103 1786 1135 1823; x_wconf 88' lang='lat'>1,</span> <span class='ocrx_word' id='word_1_303' title='bbox 1149 1786 1203 1822; x_wconf 66' lang='lat'>64.</span> <span class='ocrx_word' id='word_1_304' title='bbox 1222 1786 1309 1817; x_wconf 79' lang='lat' dir='ltr'>Anni</span> 
     </span>
     <span class='ocr_line' id='line_1_33' title="bbox 115 1828 1307 1879; baseline 0.009 -21"><span class='ocrx_word' id='word_1_305' title='bbox 115 1828 268 1860; x_wconf 78' lang='lat' dir='ltr'>adventus</span> <span class='ocrx_word' id='word_1_306' title='bbox 282 1833 387 1861; x_wconf 74' lang='lat' dir='ltr'>AEneae</span> <span class='ocrx_word' id='word_1_307' title='bbox 405 1834 437 1862; x_wconf 91' lang='lat' dir='ltr'>in</span> <span class='ocrx_word' id='word_1_308' title='bbox 452 1834 572 1863; x_wconf 82' lang='lat' dir='ltr'>Italiam</span> <span class='ocrx_word' id='word_1_309' title='bbox 587 1834 626 1864; x_wconf 88' lang='lat' dir='ltr'>ab</span> <span class='ocrx_word' id='word_1_310' title='bbox 641 1842 813 1866; x_wconf 84' lang='lat' dir='ltr'>auctumno</span> <span class='ocrx_word' id='word_1_311' title='bbox 828 1836 867 1866; x_wconf 86' lang='lat' dir='ltr'>ad</span> <span class='ocrx_word' id='word_1_312' title='bbox 884 1844 1091 1868; x_wconf 85' lang='lat' dir='ltr'>auctumnum</span> <span class='ocrx_word' id='word_1_313' title='bbox 1106 1837 1283 1879; x_wconf 72' lang='lat' dir='ltr'>procedunt</span> <span class='ocrx_word' id='word_1_314' title='bbox 1300 1851 1307 1870; x_wconf 90' lang='lat'>:</span> 
     </span>
    </p>
   </div>
   <div class='ocr_carea' id='block_1_6' title="bbox 115 1882 1307 1972">
    <p class='ocr_par' dir='ltr' id='par_1_9' title="bbox 115 1882 1307 1972">
     <span class='ocr_line' id='line_1_34' title="bbox 115 1882 1307 1934; baseline 0.011 -23"><span class='ocrx_word' id='word_1_315' title='bbox 115 1882 255 1924; x_wconf 83' lang='lat' dir='ltr'>adeoque</span> <span class='ocrx_word' id='word_1_316' title='bbox 278 1895 379 1916; x_wconf 86' lang='lat' dir='ltr'>annus</span> <span class='ocrx_word' id='word_1_317' title='bbox 393 1886 445 1917; x_wconf 91' lang='lat' dir='ltr'>hic</span> <span class='ocrx_word' id='word_1_318' title='bbox 461 1899 520 1928; x_wconf 87' lang='lat' dir='ltr'>pro</span> <span class='ocrx_word' id='word_1_319' title='bbox 537 1889 640 1930; x_wconf 87' lang='lat' dir='ltr'>primo</span> <span class='ocrx_word' id='word_1_320' title='bbox 663 1896 693 1919; x_wconf 78' lang='lat' dir='ltr'>ct</span> <span class='ocrx_word' id='word_1_321' title='bbox 717 1901 776 1931; x_wconf 84' lang='lat' dir='ltr'>pro</span> <span class='ocrx_word' id='word_1_322' title='bbox 799 1891 897 1922; x_wconf 85' lang='lat' dir='ltr'>altero</span> <span class='ocrx_word' id='word_1_323' title='bbox 921 1893 1098 1934; x_wconf 76' lang='lat' dir='ltr'>computari</span> <span class='ocrx_word' id='word_1_324' title='bbox 1116 1900 1236 1933; x_wconf 80' lang='lat' dir='ltr'>potest;</span> <span class='ocrx_word' id='word_1_325' title='bbox 1254 1893 1307 1923; x_wconf 80' lang='lat' dir='ltr'>sed</span> 
     </span>
     <span class='ocr_line' id='line_1_35' title="bbox 116 1936 497 1972; baseline 0.018 -7"><span class='ocrx_word' id='word_1_326' title='bbox 116 1936 176 1966; x_wconf 87' lang='lat' dir='ltr'>hoc</span> <span class='ocrx_word' id='word_1_327' title='bbox 195 1938 327 1969; x_wconf 81' lang='lat' dir='ltr'>alterum</span> <span class='ocrx_word' id='word_1_328' title='bbox 342 1941 497 1972; x_wconf 84' lang='lat' dir='ltr'>usitatius.</span> 
     </span>
    </p>
   </div>
   <div class='ocr_carea' id='block_1_7' title="bbox 355 1996 1065 2035">
    <p class='ocr_par' dir='ltr' id='par_1_10' title="bbox 355 1996 1065 2035">
     <span class='ocr_line' id='line_1_36' title="bbox 355 1996 1065 2035; baseline 0.006 -10"><span class='ocrx_word' id='word_1_329' title='bbox 355 2005 383 2025; x_wconf 85' lang='lat' dir='ltr'>a.</span> <span class='ocrx_word' id='word_1_330' title='bbox 402 1996 437 2026; x_wconf 91' lang='lat' dir='ltr'>C.</span> <span class='ocrx_word' id='word_1_331' title='bbox 454 1997 494 2026; x_wconf 88' lang='lat' dir='ltr'>N.</span> <span class='ocrx_word' id='word_1_332' title='bbox 519 2007 531 2025; x_wconf 90' lang='lat'>1</span> <span class='ocrx_word' id='word_1_333' title='bbox 544 1997 617 2035; x_wconf 78' lang='lat'>176.</span> <span class='ocrx_word' id='word_1_334' title='bbox 633 2008 661 2027; x_wconf 86' lang='lat' dir='ltr'>a.</span> <span class='ocrx_word' id='word_1_335' title='bbox 679 1997 832 2030; x_wconf 77' lang='lat' dir='ltr'>adventus</span> <span class='ocrx_word' id='word_1_336' title='bbox 847 1999 880 2029; x_wconf 90' lang='lat' dir='ltr'>in</span> <span class='ocrx_word' id='word_1_337' title='bbox 895 1998 1014 2029; x_wconf 76' lang='lat' dir='ltr'>Italiam</span> <span class='ocrx_word' id='word_1_338' title='bbox 1036 1999 1065 2029; x_wconf 87' lang='lat'>3.</span> 
     </span>
    </p>
   </div>
   <div class='ocr_carea' id='block_1_8' title="bbox 157 2059 1306 2107">
    <p class='ocr_par' dir='ltr' id='par_1_11' title="bbox 157 2059 1306 2107">
     <span class='ocr_line' id='line_1_37' title="bbox 157 2059 1306 2107; baseline 0.009 -19"><span class='ocrx_word' id='word_1_339' title='bbox 157 2059 276 2089; x_wconf 85' lang='lat' dir='ltr'>Bellum</span> <span class='ocrx_word' id='word_1_340' title='bbox 294 2063 478 2093; x_wconf 83' lang='lat' dir='ltr'>Latinorum</span> <span class='ocrx_word' id='word_1_341' title='bbox 491 2065 768 2107; x_wconf 84' lang='lat' dir='ltr'>Trojanorumqne</span> <span class='ocrx_word' id='word_1_342' title='bbox 791 2077 863 2097; x_wconf 91' lang='lat' dir='ltr'>cum</span> <span class='ocrx_word' id='word_1_343' title='bbox 883 2066 1020 2097; x_wconf 79' lang='lat' dir='ltr'>Rutulis.</span> <span class='ocrx_word' id='word_1_344' title='bbox 1038 2066 1165 2097; x_wconf 81' lang='lat' dir='ltr'>Latinus</span> <span class='ocrx_word' id='word_1_345' title='bbox 1179 2074 1211 2097; x_wconf 86' lang='lat' dir='ltr'>et</span> <span class='ocrx_word' id='word_1_346' title='bbox 1224 2069 1306 2098; x_wconf 85' lang='lat' dir='ltr'>Tur-</span> 
     </span>
    </p>
   </div>
   <div class='ocr_carea' id='block_1_9' title="bbox 108 2113 1303 2210">
    <p class='ocr_par' dir='ltr' id='par_1_12' title="bbox 108 2113 1303 2210">
     <span class='ocr_line' id='line_1_38' title="bbox 108 2113 1303 2162; baseline 0.012 -22"><span class='ocrx_word' id='word_1_347' title='bbox 108 2122 168 2142; x_wconf 83' lang='lat' dir='ltr'>nus</span> <span class='ocrx_word' id='word_1_348' title='bbox 184 2113 216 2142; x_wconf 89' lang='lat' dir='ltr'>in</span> <span class='ocrx_word' id='word_1_349' title='bbox 232 2115 340 2154; x_wconf 74' lang='lat' dir='ltr'>pra-110</span> <span class='ocrx_word' id='word_1_350' title='bbox 355 2117 482 2149; x_wconf 80' lang='lat' dir='ltr'>cadunt.</span> <span class='ocrx_word' id='word_1_351' title='bbox 498 2120 610 2150; x_wconf 81' lang='lat' dir='ltr'>AEneas</span> <span class='ocrx_word' id='word_1_352' title='bbox 623 2120 709 2151; x_wconf 80' lang='lat' dir='ltr'>solus</span> <span class='ocrx_word' id='word_1_353' title='bbox 721 2122 847 2162; x_wconf 85' lang='lat' dir='ltr'>utrique</span> <span class='ocrx_word' id='word_1_354' title='bbox 860 2120 983 2162; x_wconf 88' lang='lat' dir='ltr'>populo</span> <span class='ocrx_word' id='word_1_355' title='bbox 998 2121 1146 2161; x_wconf 84' lang='lat' dir='ltr'>imperat;</span> <span class='ocrx_word' id='word_1_356' title='bbox 1163 2120 1201 2152; x_wconf 83' lang='lat' dir='ltr'>ad</span> <span class='ocrx_word' id='word_1_357' title='bbox 1216 2131 1303 2153; x_wconf 87' lang='lat' dir='ltr'>men-</span> 
     </span>
     <span class='ocr_line' id='line_1_39' title="bbox 112 2169 539 2210; baseline 0.016 -14"><span class='ocrx_word' id='word_1_358' title='bbox 112 2172 173 2198; x_wconf 84' lang='lat' dir='ltr'>tem</span> <span class='ocrx_word' id='word_1_359' title='bbox 194 2169 341 2210; x_wconf 81' lang='lat' dir='ltr'>Dionysii</span> <span class='ocrx_word' id='word_1_360' title='bbox 358 2170 415 2202; x_wconf 86' lang='lat' dir='ltr'>lib.</span> <span class='ocrx_word' id='word_1_361' title='bbox 435 2173 467 2209; x_wconf 89' lang='lat'>1,</span> <span class='ocrx_word' id='word_1_362' title='bbox 485 2172 539 2208; x_wconf 72' lang='lat'>64.</span> 
     </span>
    </p>
   </div>
  </div>
 </body>
</html>
