1414 2435
87 102 150 133 14⁰

583 96 778 129 AENEIDOS

88 153 276 200 Sustinet,
298 162 334 190 et
352 155 518 191 Lausum
534 153 754 204 increpitat,
770 154 973 202 Lausoque
993 152 1161 191 minatur
1180 168 1188 189 ε

1232 162 1281 186 810

86 231 100 246 «
120 217 206 260 Quo
223 214 408 251 moriture
427 214 524 261 ruis,
545 214 765 264 majoraque
781 213 927 251 viribus
946 213 1086 251 audes?

85 273 194 310 Fallit
212 283 247 310 te
266 274 461 310 incautum
477 273 598 324 pietas
619 283 695 311 tua.
714 290 729 306 »
744 275 823 311 Nec
841 273 966 324 minus
985 273 1048 311 ille

84 332 256 369 Exsultat
276 333 448 379 demens3
466 346 574 371 saevae
587 333 742 383 jamque
760 333 871 370 altius
890 334 956 370 irae

82 392 277 429 Dardanio
296 403 456 443 surgunt
476 394 646 439 ductori,
666 402 911 443 extremaque
927 395 1053 431 Lauso

82 455 208 490 Parcae
229 453 289 489 fila
308 453 454 503 legunt3
472 453 640 490 validum
656 467 821 503 namque
840 453 957 503 exigit
974 467 1101 491 ensem

1235 462 1284 486 815

82 514 153 548 Per
172 512 338 549 medium
355 515 491 550 AEneas
501 514 702 563 juvenem,
723 521 921 562 totumque
938 513 1113 550 recondit
1120 529 1131 560 ;

83 572 248 610 Transiit
265 581 303 610 et
321 586 491 623 parmam
510 586 661 618 mucr0,
681 573 781 610 levia
799 585 903 609 arma
922 573 1098 618 minacis,

84 632 131 667 Et
152 631 335 677 tunicam,
356 632 461 668 molli
480 640 600 669 mater
616 645 731 682 quam
746 639 904 668 neverat
924 644 1038 677 auro,

82 691 323 741 Inplevitque
342 692 466 729 sinum
483 693 634 743 sanguis
656 708 663 728 :
685 701 765 729 tum
780 692 859 729 vita
877 705 948 741 per
964 704 1075 728 auras

81 821 195 854 dubito
211 833 218 854 :
234 824 347 854 nubem
364 824 456 861 belli,
478 825 553 855 dum
567 825 655 855 deto-

81 876 136 899 net
148 870 272 907 omnis,
293 871 442 901 Sustinet.
464 888 511 895 —-
529 872 654 901 N'ubem

79 915 174 952 belli,
193 923 230 946 ut
243 915 390 960 πολέμων,
404 915 492 958 νέφος
503 941 512 955 ,
524 917 563 947 de
577 928 655 958 pug-

79 971 128 991 nae
160 963 259 1000 mole,
296 969 448 1004 tauquam
489 963 627 1004 procella
643 985 651 1000 ,

79 1015 280 1048 tempestate,
304 1016 335 1039 et
358 1009 390 1040 h.
416 1010 438 1040 1.
460 1009 500 1040 de
516 1010 653 1040 telorum

78 1054 284 1086 multitudine
309 1057 425 1096 accipe.
453 1057 540 1086 Bene
564 1058 650 1086 Serv.

79 1114 98 1126 u-
109 1101 298 1132 Bellantium
319 1102 474 1142 impetum
499 1103 653 1139 sustinet,

77 1146 180 1177 donec
193 1147 363 1178 deferbear.
374 1163 390 1174 n
407 1149 492 1179 conf.
517 1148 629 1180 Cerda.

127 1193 194 1224 810
225 1204 293 1235 sqq.
329 1195 373 1225 Ut
401 1196 582 1236 ingenium,
607 1195 652 1224 sic

79 1240 181 1270 oratio
197 1243 302 1271 AEneae
324 1240 446 1270 diversa
462 1241 501 1270 ab
520 1251 571 1277 ea,
591 1251 653 1281 qua

78 1285 174 1315 simili
187 1287 222 1316 in
236 1296 408 1328 congressu
423 1297 497 1316 cum
514 1287 652 1317 Pallante

78 1331 230 1362 utebatur
243 1334 372 1364 Turnus
383 1333 492 1373 paullo
503 1333 556 1363 ille
572 1333 652 1363 sero-

80 1379 159 1415 cior,
171 1389 242 1419 sup.
257 1385 322 1416 442
338 1390 384 1419 sq.
398 1385 463 1420 490
474 1381 590 1420 sq.—8
601 1391 611 1409 r
620 1386 650 1416 4,

81 1424 158 1454 815.
191 1427 307 1456 Parcae
320 1425 388 1468 sila
416 1426 537 1467 legunt.
550 1442 564 1453 ι(
577 1429 651 1457 Pro-

78 1471 204 1511 prium,
237 1472 343 1512 inquit
367 1473 510 1510 Servius,
532 1473 650 1509 fuerat,

78 1524 249 1556 rumpunt.-
261 1524 364 1548 tamen
378 1518 498 1559 legunt,
516 1526 571 1548 aut
587 1518 652 1548 col-

79 1562 181 1604 ligunt
196 1586 204 1600 ‚
219 1570 274 1593 aut
297 1571 469 1603 rumpunt,
487 1572 542 1594 aut
557 1566 652 1594 etiam

80 1615 255 1639 transeunt.
269 1624 284 1635 n
308 1611 411 1640 Prima
440 1610 522 1640 bene
550 1610 650 1647 dixit,

79 1662 180 1684 cetera
205 1657 320 1685 minus.
346 1658 527 1697 Leguntur,
551 1664 650 1697 puto,

77 1702 162 1730 iuter
175 1701 315 1731 neudum
326 1701 378 1732 fila
389 1725 396 1739 ‚
408 1702 484 1732 dnm
499 1704 533 1732 iu
547 1703 651 1733 fusum

78 1747 294 1788 colliguntur,
311 1748 342 1779 h.
373 1760 400 1779 e.
427 1749 503 1779 dum
538 1749 608 1779 lana
635 1760 651 1779 e

79 1793 152 1824 colo
170 1795 203 1824 in
220 1793 311 1825 filum
325 1794 420 1825 ducta
440 1796 474 1826 in
492 1796 563 1826 fuso
583 1795 650 1836 glo-

81 1847 228 1871 meratur.
246 1841 343 1882 Quod
361 1843 388 1871 si
420 1843 524 1882 itaque
548 1844 651 1872 Pan-cce

71 1887 135 1927 fila
173 1894 319 1917 extrema
366 1888 487 1918 ducunt
499 1911 507 1924 ,
555 1896 631 1918 nent
642 1911 650 1926 ‚

81 1934 173 1962 etiam
194 1943 227 1963 ea
250 1933 356 1975 legere
379 1942 462 1965 recte
477 1934 650 1972 dicuntur,

81 1979 243 2021 colligere,
259 1987 295 2010 ut
321 1991 418 2021 penso
444 1981 590 2011 absoluto
617 1991 652 2011 ea

83 2033 241 2067 rumpant.
255 2045 301 2049 —
313 2028 330 2056 8
340 2038 389 2066 ¹7·
416 2030 563 2069 Quatuor
595 2027 652 2057 hos

84 2082 191 2101 versus
209 2073 271 2110 817
288 2091 333 2096 -——
353 2075 419 2105 820
449 2074 575 2104 damnat
604 2074 652 2103 vir

83 2117 193 2147 doctus
214 2126 360 2160 tanquam
380 2132 395 2150 a
416 2131 448 2151 re
465 2128 496 2151 ct
519 2120 653 2151 consilio

83 2170 183 2204 poetae
211 2165 328 2195 alienos
345 2189 353 2201 ‚
383 2174 413 2197 et
448 2167 653 2208 infringentes

84 2210 145 2239 vim
163 2217 192 2240 et
209 2213 360 2252 impeturn
376 2213 568 2254 reliquorum
582 2224 590 2246 ·,
603 2224 654 2242 ex-

709 832 780 855 acto
796 827 882 855 enim
894 826 958 864 jam
977 836 1033 865 per
1049 824 1190 855 medium
1213 836 1282 855 cor-

708 882 769 912 pus
799 881 872 900 ense
902 882 989 901 nunc
1019 871 1134 909 subjici
1157 880 1165 901 :
1189 873 1282 902 etiam

707 927 848 958 parmam
875 924 907 947 et
926 918 1068 947 tunicam
1087 927 1153 947 esse
1175 918 1281 958 perfo-

705 971 806 993 ratam
831 973 839 993 :
872 963 962 1004 quod
1001 973 1075 993 sane
1110 962 1283 993 ridiculum

706 1017 737 1039 et
756 1009 886 1050 puerile.
902 1009 985 1039 Vide
1001 1016 1123 1047 tamen,
1142 1020 1181 1039 an
1200 1011 1282 1040 male

705 1067 738 1086 se
761 1057 925 1086 sententiae
944 1056 1099 1092 habeant,
1119 1056 1146 1085 si
1165 1056 1208 1084 ita
1230 1066 1281 1086 eas

707 1103 908 1132 constitueris
923 1111 931 1132 ε
948 1101 1053 1144 exigit
1073 1102 1199 1132 AEneas
1227 1113 1281 1131 en-

706 1159 772 1178 sem
793 1159 856 1189 per
883 1148 1023 1191 medium}
1052 1149 1193 1177 Lausum
1208 1158 1219 1176 .·
1235 1156 1281 1178 et-

707 1195 792 1225 enim
808 1194 979 1224 transierat
991 1194 1075 1224 ensis
1084 1204 1236 1235 parmam
1251 1202 1285 1224 ee

706 1241 867 1276 tunicam,
894 1247 925 1270 et
944 1240 976 1270 ιίι
996 1247 1107 1281 pectus
1124 1247 1279 1281 penetra-

706 1295 801 1318 verat.
812 1287 937 1318 Scilicet
954 1286 1096 1316 Transiit
1107 1293 1140 1317 et
1152 1297 1219 1316 non
1233 1294 1280 1317 est

706 1333 801 1363 etiam
814 1357 822 1368 ‚
841 1333 895 1364 sed
909 1333 1070 1370 recondit,
1084 1340 1115 1363 et
1131 1332 1275 1368 transiit,

705 1380 756 1410 vel
768 1380 930 1421 jungenda
944 1387 977 1409 ee
984 1389 1137 1420 parmam
1152 1386 1185 1409 ee
1198 1378 1280 1408 tuni-

705 1436 777 1456 cam
789 1438 800 1462 ‚-
812 1434 880 1456 tum
891 1425 1000 1457 delicit
1010 1425 1167 1467 particula
1181 1436 1257 1455 nam
1268 1437 1280 1461 ;

705 1479 752 1502 est
777 1474 863 1503 enim
895 1471 985 1513 quod
1016 1472 1115 1512 vulgo
1137 1470 1278 1502 diceres:

706 1529 782 1548 nam
801 1519 940 1548 transiit.
956 1519 1214 1548 Consentaneum
1228 1527 1280 1546 au-

706 1571 768 1593 tem
793 1571 875 1599 erat,
905 1570 941 1593 ut
972 1569 1062 1604 poeta
1091 1563 1217 1592 vulneri
1249 1570 1280 1592 et

706 1611 802 1640 morti
816 1609 1034 1640 describendae
1044 1610 1276 1645 immoraretur,

706 1657 798 1695 cujus
818 1663 904 1686 tanta
924 1657 970 1685 vis
987 1662 1052 1685 erat
1076 1654 1114 1684 ad
1137 1656 1278 1685 animum

707 1705 812 1733 AEneae
841 1703 1043 1732 miseratione
1072 1701 1277 1732 movendum.

705 1767 752 1772 —
766 1749 907 1779 Transiit
930 1755 962 1779 et
978 1758 1130 1789 parmam
1151 1758 1275 1781 mucro,

705 1795 854 1826 describit
868 1806 954 1825 nunc
971 1795 1047 1824 tanti
1059 1794 1198 1824 vulneris
1212 1804 1279 1823 mo·

705 1842 782 1872 dum
825 1842 982 1873 disertius.
1009 1839 1161 1877 Alit-acis,
1197 1850 1256 1880 pro
1269 1863 1278 1874 ,

703 1890 773 1927 ejus
803 1899 846 1919 sc.
878 1886 1125 1918 Lausi.-818.
1155 1887 1277 1916 Det-ens

705 1937 738 1965 in
766 1937 902 1965 Etrusco
926 1934 1043 1972 juvene
1076 1932 1170 1961 vestis
1198 1942 1277 1961 nun-o

706 1988 810 2018 texta;
844 1979 931 2021 quod
970 1979 1146 2008 vestimenti
1178 1988 1276 2019 genus

705 2027 938 2068 frequentatum
949 2025 1088 2055 Etruscis
1099 2025 1193 2054 fuisse
1203 2035 1279 2054 con-

704 2079 774 2103 stat.
795 2073 927 2103 Ornat-it
950 2073 1041 2102 Maro
1058 2073 1224 2101 Homerica
1241 2071 1276 2101 ll.

706 2129 722 2149 υ
734 2126 835 2158 ,1,70.
851 2136 898 2142 --
910 2119 989 2158 819.
1004 2119 1079 2147 820.
1098 2120 1273 2150 Pomm-as.

707 2166 754 2195 ad
787 2167 917 2201 Manes,
944 2172 1018 2194 sunt
1043 2165 1208 2194 Homerica
1239 2163 1275 2194 n.

710 2223 747 2244 π,
765 2213 846 2244 836,
863 2213 925 2249 857
941 2223 948 2249 ;
964 2211 1044 2242 nihil
1054 2211 1279 2253 amplius,nee
