1414 2435
578 73 702 104 LIBER
726 73 784 103 XI.

1215 79 1277 109 199

38 160 46 166 ,
76 126 264 164 Continuo
285 125 452 164 adversis
471 127 694 176 Tyrrhenus
715 136 752 164 et
772 139 859 163 acer
876 129 1068 163 Aconteus

76 187 238 224 Connixi
258 187 458 224 incurrunt
478 188 612 234 hastis,
633 188 823 238 primique
842 186 991 222 ruinam

77 247 178 282 Dant
198 246 324 283 sonitu
342 246 505 296 ingenti,
526 247 794 297 perfractaque
811 244 1168 295 quadrupedantum

77 308 234 342 Pectora
253 306 473 356 pectoribus
492 318 686 357 rumpunt.
706 310 894 343 Excussus
914 309 1124 351 Aconteus,

1227 313 1278 337 6¹5

78 365 260 403 Fulminis
280 367 319 403 in
339 380 503 413 morem,
523 376 588 404 aut
609 375 798 404 tormento
818 366 996 416 ponderis
1017 365 1108 411 acti,

78 426 293 476 Praecipitat
313 427 444 476 longe,
464 437 502 464 et
518 428 636 464 vitam
657 427 840 478 dispergit
860 427 899 462 in
916 439 1039 463 aura5.

78 486 278 536 Extemplo
300 487 462 524 turbatae
483 488 601 533 acies,
620 488 795 536 versique
817 487 942 523 Latini

79 546 269 595 Rejiciunt
290 560 459 596 parmaS,
478 558 515 585 et
537 561 655 598 equos
676 548 723 584 ad
744 547 881 584 moenia
899 554 1065 583 vertunt.

78 608 195 642 Troes
216 616 350 656 agunt3
371 609 548 659 princeps
569 617 711 645 turmas
730 608 876 644 inducit
895 607 1039 656 Asylas.
1233 615 1282 638 620

77 667 237 714 Jamque
255 667 565 716 propinquabant
586 670 724 718 portis,
746 680 954 716 rursusque
970 666 1095 702 Latini

79 725 291 762 Clamorem
312 728 465 773 tollunt,
486 737 524 764 et
541 729 668 764 mollia
689 728 784 764 colla
804 727 1003 763 reflectunt
1020 740 1028 761 :

78 786 128 823 Hi
145 786 314 837 fugiunt,
336 788 564 838 penitusque
582 789 678 826 datis
699 790 918 825 referuntur
937 787 1106 823 habenis.

80 847 234 893 Qualis,
253 847 322 884 ubi
342 848 488 885 alterno
508 862 738 900 procurrens
757 848 924 898 gurgite,
945 855 1085 897 pontus

77 994 236 1024 obtexitur
253 995 375 1026 umbra.
391 996 474 1027 conf.
490 997 547 1027 inf.
565 999 647 1035 XII,

78 1040 142 1078 578
173 1047 206 1071 et
236 1041 425 1071 obumbrant
455 1042 576 1072 aetlzera
604 1051 649 1073 te-

76 1086 125 1117 lz's.
155 1088 259 1117 Etiam
282 1088 404 1128 vulgari
428 1099 572 1119 sermone
595 1090 649 1119 tri-

78 1139 157 1162 tum.
173 1132 266 1163 Unde
278 1133 360 1163 illud
372 1136 506 1164 Laconis
517 1158 525 1171 ‚
542 1146 574 1165 se
589 1136 649 1165 sub

79 1178 190 1208 umbra
201 1179 337 1209 telorum
347 1191 411 1210 esse
423 1188 647 1222 pugnaturum.

78 1226 122 1254 At
134 1224 224 1255 Iliad.
240 1235 274 1268 ρ,
289 1225 354 1255 366
369 1237 436 1266 sqq.
449 1249 456 1263 ,
470 1238 566 1267 quem
582 1238 648 1258 non

75 1281 149 1300 cum
156 1278 265 1301 nostro
274 1272 466 1302 contendere
477 1273 647 1310 debebant,

74 1317 207 1357 pulvere
220 1318 321 1358 caligo
335 1318 510 1348 obducitur
521 1330 646 1360 pugnae,

75 1373 141 1392 non
150 1363 284 1393 telorum
299 1365 476 1394 crebritate.
489 1366 585 1406 Quod
597 1376 648 1395 au-

75 1417 138 1439 tem
154 1410 282 1439 Servius
306 1410 344 1440 ad
363 1422 408 1441 vs.
436 1412 499 1441 608
527 1411 644 1441 habet:

75 1470 90 1480 ιε
105 1457 145 1485 Et
164 1457 307 1486 Enniana
324 1464 371 1487 est
390 1458 447 1487 ista
465 1459 568 1487 omnis
584 1469 647 1487 am-

73 1501 187 1531 bitiosa
214 1501 402 1544 descriptio,
426 1518 441 1529 n
465 1504 525 1534 hoc
549 1505 589 1534 ad
611 1515 645 1534 ea

73 1553 210 1589 spectat,
227 1559 298 1589 quae
314 1560 410 1590 supra
432 1550 472 1580 ad
491 1551 537 1581 IX
549 1572 557 1587 ‚
577 1551 642 1580 806

74 1604 122 1635 sq.
143 1594 294 1626 vidimus.

121 1640 200 1670 612.
226 1640 407 1679 Tyrrhenus
427 1642 460 1673 h.
484 1643 505 1673 l.
527 1653 647 1673 nomen

74 1686 135 1715 viri
148 1687 275 1716 Etrusci
284 1689 470 1727 proprium;
486 1691 646 1718 Aconteus

74 1742 91 1761 e
115 1733 243 1762 Latinis.
258 1750 305 1756 -—-
319 1733 385 1763 613
397 1756 405 1771 ‚
433 1734 512 1769 614.
537 1735 646 1764 Ruina

74 1779 168 1808 Dant
193 1778 331 1808 sonitum
371 1779 498 1821 ingemi
527 1781 644 1811 Moret.

74 1835 136 1855 sec.
152 1831 183 1854 et
196 1826 313 1865 quint.,
332 1836 397 1866 quo
414 1827 559 1855 Heinsius
578 1827 645 1856 Me-

75 1870 201 1901 djceum
230 1871 369 1902 alludere
397 1872 568 1902 arbitratur
579 1895 587 1909 ‚
613 1873 648 1902 in

75 1928 140 1958 quo
163 1918 298 1948 ruinam.
313 1925 343 1948 et
365 1918 512 1948 sonitum.
530 1919 648 1949 Proba-

74 1963 172 1994 bilius
197 1971 261 2003 est,
290 1966 380 1994 istam
406 1967 649 1995 Moretanorum

74 2009 245 2041 lectionem
269 2011 444 2042 confectam
463 2022 527 2041 esse
546 2022 586 2041 ex
611 2011 649 2040 si-

77 2056 146 2086 mili
159 2057 250 2098 lapsu
265 2066 272 2088 :
295 2059 390 2088 etiam
406 2057 491 2088 Gud.
507 2068 524 2087 a
539 2068 580 2087 m.
596 2068 646 2097 pr.

76 2102 171 2132 mina
193 2105 288 2133 Dant
300 2104 437 2134 sonitum
460 2104 643 2146 ingentem,

77 2155 107 2177 et
135 2148 229 2178 ruina
254 2151 323 2180 Dat
347 2150 485 2180 sonitum
505 2150 645 2181 Parrhas.

77 2193 220 2225 Som'cum
234 2197 327 2226 ctiam
340 2198 418 2228 Exc.
429 2198 538 2228 Burm.
549 2196 647 2237 Quod

702 1003 808 1027 autem
833 995 871 1025 ad
897 995 1083 1025 sententiam
1107 993 1277 1023 verborum

703 1044 816 1073 attinet
826 1065 834 1079 ,
849 1041 941 1071 video
955 1042 1066 1081 utique
1082 1040 1183 1080 accipi
1195 1039 1257 1069 hoc
1267 1062 1275 1075 ,

703 1091 797 1120 etiam
817 1099 833 1118 a
849 1090 1034 1118 Burmanno
1061 1096 1068 1116 :
1095 1088 1187 1115 Dant
1211 1086 1274 1115 rui-

703 1146 798 1170 nam,
819 1134 852 1164 id
872 1141 936 1169 est,
958 1133 1077 1163 cadunt
1099 1143 1171 1162 cum
1189 1142 1277 1173 mag-

703 1193 746 1211 no
772 1182 891 1211 sonitu.
918 1182 986 1210 Nec
1011 1179 1157 1208 dubitare
1182 1178 1272 1214 licet,

703 1228 781 1257 dare
810 1226 962 1261 ruinam,
996 1225 1093 1265 vulgo
1123 1226 1167 1254 ita
1200 1224 1275 1255 dici.

702 1276 824 1302 Verum
849 1272 881 1302 h.
907 1272 930 1301 1.
956 1269 1170 1312 significatum
1188 1270 1276 1299 hunc

701 1319 818 1349 habere
850 1319 987 1358 nequit3
1013 1318 1041 1346 si
1072 1317 1156 1346 enim
1188 1326 1275 1345 nunc

701 1373 836 1405 uterque
859 1364 996 1400 cadunt,
1016 1363 1162 1402 ineptum
1176 1369 1274 1399 esset,

701 1422 779 1442 mox
801 1413 984 1442 Aconteum
1003 1419 1173 1438 excussum
1195 1419 1276 1448 prae-

701 1459 826 1498 cipitari
842 1468 870 1487 v.
892 1456 1088 1494 615-617,
1103 1456 1207 1495 Igitur
1223 1465 1276 1483 ve-

701 1505 766 1533 rius
795 1504 949 1540 arbitror,
981 1512 1047 1532 esse
1078 1500 1182 1541 simpl.
1215 1511 1276 1541 pro

700 1560 809 1588 ruere3
836 1551 969 1579 irruunt
993 1549 1054 1578 viri
1077 1554 1192 1577 mutuo
1215 1548 1275 1576 im-

700 1603 799 1636 petu,
825 1603 856 1625 et
876 1595 972 1624 hastis
996 1594 1091 1623 elusis
1115 1594 1177 1634 ipsi
1200 1595 1276 1633 equi

700 1642 879 1683 confligunt
909 1641 1048 1671 adversis
1078 1640 1272 1681 pectoribus.

699 1689 834 1718 ——62o.
856 1690 951 1717 Troes
974 1696 1063 1716 nunc
1079 1695 1087 1715 z
1106 1696 1184 1716 mox
1203 1687 1275 1715 Tus-

700 1735 730 1763 ci
757 1735 844 1774 629,
877 1734 1030 1774 quoniam
1064 1742 1104 1761 ex
1139 1738 1273 1771 utraque

700 1787 792 1821 gente
801 1781 959 1820 equitatus
967 1777 1141 1813 constabat,
1152 1784 1254 1818 agunt
1265 1788 1275 1806 .-

700 1837 807 1855 versos
835 1827 870 1854 in
900 1825 1007 1865 fugam
1032 1822 1219 1863 impellunt,
1238 1831 1274 1853 ut

701 1882 794 1912 supra
811 1873 840 1901 V
852 1893 860 1908 ‚
880 1870 956 1900 265.
974 1868 1039 1900 vid.
1065 1870 1174 1899 Burm.
1194 1871 1274 1908 Asy-

703 1918 768 1953 las,
791 1918 847 1957 qui
866 1917 934 1947 Pisa
946 1917 1082 1946 Etruriae
1095 1916 1204 1956 copias
1219 1915 1273 1945 ad-

703 1963 838 1994 duxerat
860 1973 867 1993 :
888 1973 959 2003 sup.
981 1964 1034 1999 X,
1057 1962 1120 1999 175
1142 1971 1211 2002 sqq.
1228 1980 1274 1985 --

704 2011 782 2041 622.
812 2009 904 2040 Colla
919 2018 1077 2049 equorum
1092 2018 1100 2039 :
1119 2009 1175 2048 qui
1193 2019 1275 2048 quo-

700 2058 785 2087 niam
815 2055 946 2092 domiti,
984 2061 1021 2084 ut
1057 2054 1149 2084 facile
1188 2054 1275 2085 flecti

700 2109 836 2143 queant,
864 2101 940 2132 hinc
970 2100 1050 2131 colla
1076 2100 1188 2130 mollia
1202 2112 1213 2131 .·
1237 2109 1275 2131 ut

701 2150 759 2179 Ge.
792 2151 858 2186 111,
889 2153 955 2184 204
988 2146 1080 2177 molli
1109 2147 1215 2183 collo,·
1243 2154 1274 2176 et

701 2195 815 2226 mollia
829 2205 922 2226 crura
944 2193 1024 2225 ibid.
1037 2205 1067 2224 ν.
1086 2194 1138 2232 76.
1150 2211 1195 2216 -
1206 2193 1272 2227 623
